2934 5078
516 255 684 311 ommam.
698 202 817 301 ¹connis
830 227 967 303 mnes.
1014 258 1019 267 ’
1289 246 1352 312 577

113 413 161 476 bis
181 411 284 474 verbis
306 410 407 472 docet:
431 409 613 472 Potestatem
635 408 727 471 babeo
746 411 883 489 ponenda·
899 412 1031 472 coemam
1045 429 1148 484 moro,
1164 421 1194 475 et
1203 423 1429 494 potesta-rao.

115 528 174 579 tem
196 514 290 578 babeo
311 517 424 575 iterum
446 512 586 572 sumendi
605 528 678 582 eam,
701 517 732 571 et
752 528 839 573 oemo
864 510 951 574 tollet
973 530 1036 574 eum
1058 532 1078 574 a
1098 532 1154 575 me.

199 620 252 680 55.
297 615 404 676 Verum
426 613 499 673 baec
520 630 581 673 non
603 619 725 672 naturae
747 610 845 684 Verbi,
868 621 1015 691 qnatenus
1034 610 1168 676 ‘Verbum
1189 624 1245 690 est,
1267 634 1342 695 pro-

113 717 180 798 pria
203 725 304 789 erant,
334 714 387 776 sed
410 713 555 788 Verbum,
585 732 604 774 o
628 711 734 774 Christi
756 712 860 774 hostes
883 722 914 776 et
934 714 1042 794 ingrati
1063 715 1178 790 iudaei,
1201 717 1241 778 in·
1254 735 1343 779 carna

113 819 190 880 haec
218 817 349 898 patiente
377 815 532 877 existebat.
576 813 653 875 Hinc
679 812 737 876 iata
766 832 828 876 non
850 821 919 877 ante
941 834 1061 879 carnem
1082 826 1246 880 assumtam
1267 818 1345 880 dieta

115 927 197 993 sont,
221 919 276 980 sed
296 927 454 998 postquam
478 915 606 977 Verbum
630 933 699 977 caro
721 915 857 979 'ethome
873 919 1052 991 estfactum,
1075 918 1149 980 baec
1163 919 1200 980 de
1215 918 1345 980 bumana

114 1030 223 1083 natura
243 1019 321 1083 dicta
343 1038 412 1081 esse
434 1017 578 1097 seriptum
600 1024 656 1080 est.
699 1017 785 1081 Certo
806 1019 871 1093 iile,
901 1019 1018 1099 dequo
1041 1020 1100 1081 ista
1122 1019 1232 1099 scripta
1259 1027 1339 1093 sunt,

114 1123 261 1185 Lazarum
289 1141 307 1184 a
333 1121 459 1182 mortuis
489 1119 639 1194 excitavit,
668 1138 775 1200 aquam
796 1121 942 1184 convertit
963 1121 995 1185 in
1015 1123 1132 1196 unum,
1161 1139 1249 1184 caeco
1271 1128 1342 1182 nato

113 1224 212 1286 visum
233 1222 374 1297 restituit,
398 1230 428 1284 et
449 1221 535 1284 dixit:
559 1223 622 1301 Epo
645 1233 674 1285 et
695 1222 789 1285 Pater
810 1242 906 1286 noum
928 1242 1043 1286 sumna.
1089 1223 1236 1296 Quocirca
1258 1223 1287 1283 si
1308 1240 1345 1284 ex

113 1325 254 1388 humanis
286 1325 351 1386 eius
385 1324 476 1404 gestis
505 1324 694 1386 occasionem
722 1332 840 1404 captant
867 1325 1019 1388 humiliter
1043 1334 1075 1388 et
1096 1324 1209 1387 abiecte
1230 1324 1269 1385 de
1288 1322 1343 1385 Dei

112 1426 190 1510 Filio
213 1426 378 1500 sentiendi,
405 1425 465 1488 imo
487 1444 558 1486 rero
580 1426 735 1488 bominem
757 1445 826 1489 eum
848 1435 943 1489 totum
966 1447 983 1489 e
1005 1435 1101 1501 terra,
1123 1445 1183 1487 non
1207 1432 1305 1487 autem
1327 1445 1345 1488 e

114 1528 197 1591 caelo
229 1547 298 1591 esse
330 1527 526 1601 arbitrantur3
559 1546 613 1589 cur
640 1546 702 1590 non
731 1529 819 1591 etiam
848 1548 884 1591 ex
912 1529 1020 1591 divinis
1049 1528 1133 1591 iactis
1156 1526 1286 1589 Verbum
1313 1527 1346 1589 in

113 1631 204 1693 Patre
236 1631 368 1692 existens
403 1639 568 1710 agnoscunt
599 1629 812 1711 propriamque
847 1631 1003 1711 deponunt
1029 1627 1235 1711 impietatem?
1283 1629 1345 1691 illis

114 1733 196 1793 enim
216 1731 287 1793 licet
306 1731 477 1811 perspicere
499 1731 626 1792 eundem
650 1731 774 1793 omnino
800 1750 879 1805 esse,
902 1732 952 1811 qui
967 1731 1083 1795 illorum
1100 1750 1225 1812 operum
1240 1739 1344 1792 auctor

114 1841 172 1906 est,
195 1840 226 1894 et
246 1833 298 1911 qui
318 1832 439 1912 patibile
460 1850 569 1912 corpus
593 1851 626 1894 so
648 1831 759 1895 babere
784 1832 928 1907 ostendit,
950 1829 1019 1896 eum
1037 1833 1108 1895 iilud
1123 1834 1206 1906 flere,
1229 1832 1344 1894 asurim
1353 1849 1430 1895 mooe

113 1944 145 1997 et
173 1953 249 2013 quae
277 1935 411 2014 corporis
440 1934 561 2013 propria
592 1943 664 1996 sunt
689 1935 719 1996 in
749 1953 785 1998 eo
807 1934 1120 2015 apparere-permisit.
1163 1933 1345 1996 Huiusmodi

113 2036 226 2117 qnippe
254 2036 391 2116 eorporis
419 2035 625 2098 affectionibus
655 2036 895 2111 demonstrabat,
918 2055 968 2110 so,
991 2053 1058 2098 cum
1079 2036 1159 2098 Deus
1181 2045 1265 2098 esset
1285 2036 1345 2098 im·

111 2136 284 2218 passibilis,
306 2136 477 2217 passibilem
500 2137 679 2200 assumsisse
702 2155 838 2211 earnem,
860 2145 892 2199 nt
912 2156 947 2200 ex
970 2137 1112 2216 operibus
1133 2138 1229 2218 palam
1252 2138 1344 2199 sacie-

114 2239 183 2313 bat,
207 2258 260 2313 se,
288 2256 355 2299 cum
377 2238 430 2300 Dei
453 2237 582 2301 Verbum
603 2248 701 2312 esset,
723 2238 876 2302 bominem
897 2246 1003 2319 postea
1025 2241 1134 2301 tactum
1157 2258 1244 2314 esse,
1266 2237 1347 2301 unde

112 2341 226 2404 aiebat:
249 2340 282 2401 Si
304 2341 386 2414 mihi,
410 2348 443 2401 ut
462 2350 534 2420 pote
556 2342 644 2421 qu'em
666 2341 798 2404 bumano
820 2360 948 2421 corpore
968 2341 1108 2403 amictum
1122 2339 1254 2414 cernitis,
1277 2358 1345 2401 cre·

113 2444 187 2506 dare
208 2460 269 2504 uon
292 2441 396 2514 vultis,
419 2441 524 2503 saltem
547 2441 691 2522 operibus
714 2443 840 2516 credite,
871 2449 905 2504 ut
926 2442 1113 2522 cognoscatis
1135 2460 1184 2502 me
1204 2442 1235 2502 in
1257 2441 1344 2501 Patre

113 2557 147 2607 et
173 2545 292 2607 Patrem
325 2542 356 2603 in
389 2561 437 2604 me
469 2558 547 2605 esse:
592 2544 682 2606 Plane
709 2544 898 2624 impudentes
927 2553 957 2605 et
983 2544 1066 2624 impii
1094 2542 1254 2604 admodum
1276 2559 1345 2603 esse

112 2647 187 2708 mibi
215 2645 354 2706 ridentur
382 2645 493 2706 Christi
522 2646 700 2719 adversarii,
734 2647 784 2726 qui
814 2647 954 2708 nimirum
983 2645 1034 2706 ubi
1056 2644 1203 2709 audierint
1231 2643 1292 2722 Epo
1315 2651 1346 2704 et

112 2747 209 2812 Pater
233 2764 330 2809 unum
356 2765 475 2818 sumna,
511 2765 634 2808 sensnm
667 2747 828 2809 verborum
857 2746 1022 2808 adulterare
1052 2753 1082 2806 ct
1103 2745 1199 2805 Patris
1221 2761 1255 2804 ac
1277 2741 1344 2803 Filii
1420 2819 1424 2834 ι

113 2848 260 2910 unitatem
282 2846 413 2909 dividere
435 2848 507 2910 totis
531 2857 677 2910 conantur
698 2848 822 2921 viribus,
845 2867 913 2911 eum
935 2856 1034 2910 autem
1055 2847 1183 2918 flevisse,
1207 2844 1343 2916 sudasse,

111 2968 238 3029 passum
264 2967 333 3010 esse
360 2949 499 3024 audiunt,
530 2969 591 3011 non
620 2969 729 3030 corpus
758 2950 951 3030 adspectant,
984 2949 1038 3011 sed
1065 2967 1101 3010 ex
1122 2947 1171 3008 bis
1193 2946 1272 3007 inter
1293 2961 1343 3006 res

114 3059 232 3113 creatas
261 3068 345 3125 eum,
375 3069 539 3131 perquem
563 3054 656 3114 tactae
678 3052 745 3114 iliae
766 3060 854 3125 sunt,
885 3052 994 3114 audent
1014 3067 1218 3112 annumerare.
1264 3044 1342 3119 Quid

113 3171 187 3232 ergo
218 3153 315 3215 adbuc
340 3152 408 3214 illos
439 3153 516 3214 inter
548 3162 577 3215 et
604 3153 730 3216 ludaeos
759 3151 922 3215 interest‘ir
953 3154 991 3214 Ut
1012 3152 1090 3214 enim
1113 3151 1154 3211 illi
1176 3149 1229 3211 Dei
1253 3165 1345 3228 opera

113 3254 206 3334 impie
228 3254 394 3316 Beelzebub
416 3254 638 3328 adscribebant,
662 3257 702 3317 ita
723 3255 785 3330 isti,
809 3255 876 3336 quia
899 3254 1056 3317 Dominum
1080 3271 1202 3333 operum
1225 3251 1360 3312 illorum

114 3366 268 3419 auctorem
300 3357 377 3419 inter
404 3375 453 3418 res
482 3366 595 3419 creatas
619 3358 781 3432 collocant,
816 3358 936 3421 easdem
957 3375 993 3418 ac
1013 3355 1055 3418 illi
1075 3372 1189 3436 poenas
1211 3352 1344 3434 pendent

114 3457 322 3538 inexpiabiles.

202 3662 255 3724 56.
299 3659 387 3739 Atqui
410 3679 535 3740 aequum
558 3659 677 3735 suisset,
699 3661 767 3722 illos
791 3679 827 3722 ex
849 3660 897 3721 bis
919 3657 1018 3721 verbis
1031 3657 1239 3738 EpoetPoter
1252 3673 1348 3717 unam

149 3896 172 3944 g.
191 3882 233 3931 Sic
250 3888 352 3944 uterque
369 3881 425 3942 Rag.
445 3880 576 3943 etSeguer.
612 3883 640 3930 dt
650 3882 707 3931 editi
758 3879 850 3930 ibidem
875 3878 980 3928 Feickm.
999 3876 1022 3927 2.
1048 3892 1100 3926 cnrn
1126 3875 1196 3925 editis
1220 3867 1265 3921 καὶ
1283 3863 1347 3921 ἴδια.

114 3958 138 3999 et
156 3949 198 3999 aiii
216 3940 318 4000 αὐτοῖς.
354 3950 484 4011 Utrumque
508 3958 587 3998 autem
606 3948 706 3998 abesto
758 3949 836 3999 Ceteri
855 3961 915 3995 mss.
933 3939 1031 3993 καὶτὰ
1049 3936 1115 3992 ἴδια.
1305 3997 1319 4018 ⁰

113 4017 221 4067 Feieim.
240 4018 264 4066 5.
301 4017 367 4075 Quae
391 4017 479 4065 ibidem
498 4025 647 4079 sequnntur,
671 4018 707 4066 sie
791 4016 807 4065 i.
826 4016 927 4076 Segoer.
954 4015 1051 4064 Gobier.
1080 4021 1105 4061 et
1130 4010 1234 4060 Feickm.
1256 4007 1278 4085 ¹:
1303 4017 1348 4053 ort

114 4093 210 4134 exstant
236 4087 260 4135 in
285 4084 390 4133 Feietm.
408 4083 431 4132 2.
460 4092 484 4133 et
512 4086 535 4133 in
564 4085 642 4133 editis.
679 4085 705 4133 Ιιι
757 4096 787 4132 τε
804 4074 877 4134 θεός.
911 4070 1349 4142 norneg.1.eaSeguer.tdemorv

115 4153 170 4202 aliis
189 4160 269 4202 autern
288 4167 348 4201 mss.
368 4152 511 4213 itaiegitur:
529 4141 707 4205 πῶςόαὖτός
757 4143 849 4200 αὐτόν,
1345 4198 1347 4203 ,

113 4213 191 4269 ἔστιν
219 4213 234 4268 ὃ
260 4214 307 4268 καὶ
334 4212 367 4266 ιὰ
390 4212 458 4286 ἔργα
483 4219 573 4268 ποιῶν
591 4213 605 4267 ὃ
624 4213 707 4272 αὐτός
794 4220 815 4267 Ιι.
836 4219 891 4297 Regi.
912 4216 935 4265 1.
958 4224 981 4265 et
1005 4216 1105 4277 Seguer.
1129 4205 1180 4275 κᾶν
1196 4203 1273 4276 ipat,
1291 4203 1348 4287 βλξ·

113 4281 191 4337 ἐστιν
209 4281 223 4336 d
241 4281 339 4337 aetra
358 4286 447 4353 σῶμα.
759 4299 856 4338 παντες
865 4276 1053 4349 ανθρώπων,
1070 4273 1286 4346 περιβεβλημένῳ
1296 4289 1348 4324 σω-

148 4359 172 4407 b.
192 4359 293 4420 Seguer.
313 4356 410 4405 Goblur.
422 4365 445 4411 et
455 4355 561 4405 Feicirm.
573 4357 594 4404 1.
615 4347 707 4406 αὐτόν.
758 4369 800 4420 μα
816 4347 854 4431 peip
872 4346 1028 4412 πιστεύητε
1049 4343 1115 4399 ἀλλὰ
1128 4339 1348 4411 κᾷνῐοῖςέργοκ

115 4426 154 4475 Sic
173 4427 231 4476 item
250 4426 329 4488 prima
349 4438 421 4472 mann
440 4426 463 4473 in
483 4425 556 4484 iterio
575 4425 606 4484 1.,
624 4431 649 4473 ιι
666 4439 707 4473 sa·
757 4434 905 4472 πωτευετε.
1114 4475 1124 4497 1
1188 4441 1192 4449 ·

115 4495 194 4546 cunda
219 4507 295 4544 mann
319 4481 403 4547 «brt,
427 4494 495 4543 utin
514 4493 568 4543 aliis
586 4499 611 4543 et
627 4492 707 4543 aditis.
792 4490 810 4540 Ι.
828 4490 885 4553 fleg.
905 4489 928 4539 1.
948 4496 972 4539 et
989 4487 1089 4550 Segner.
1108 4480 1283 4534 mamonae.

146 4582 279 4626 issaram
292 4589 345 4623 oar.
358 4589 493 4624 noemin.
521 4572 528 4578 '
1109 4568 1142 4621 3¹1
