2948 5092
420 266 537 312 conum
550 267 770 312 manuninum
786 267 873 312 cmm
887 267 908 311 ι.
1215 254 1278 322 889

97 425 194 504 gitare,
217 420 340 498 impium
363 419 467 492 luerit3
490 418 544 479 sed
565 417 616 496 qui
638 417 676 479 de
690 416 821 479 hominis
834 417 1061 497 inobsequentia
1072 421 1279 499 quaestionem
1288 436 1364 481 ttoni.

97 525 165 597 tuit,
189 520 330 583 iudicium
352 519 443 591 dedit,
468 537 527 597 quo
551 505 836 598 dupliccmpoenae
859 508 1037 581 sententiam
1059 521 1192 599 protulit,
1217 535 1278 585 ter·

97 646 127 688 ιο
149 622 268 702 corpori
291 621 409 683 dicens:
435 620 531 682 Terra
553 640 584 681 es
608 630 636 681 et
657 623 690 681 in
713 633 830 684 terram
852 627 1030 696 reverteris,
1052 631 1140 701 atque
1161 622 1201 684 ita
1216 622 1277 684 llo-

97 746 136 789 no
170 724 347 786 sententiam
381 724 495 783 terente
528 720 681 799 corruptio
714 739 825 801 corpus
859 723 980 801 excipit,
1015 723 1130 785 animae
1164 732 1278 786 autem:

97 839 155 890 orte
176 830 338 897 morieris;
368 833 398 885 et
425 826 469 885 sic
500 823 532 883 iu
561 823 633 884 duas
663 822 805 884 dividitur
832 832 931 900 partes
953 823 1045 884 homo
1068 825 1297 906 damnaturque

111 929 171 991 duo
193 927 334 988 secedere
356 926 429 986 loca.
475 924 622 996 Quocirca
639 941 716 1003 opus
738 923 794 986 luit
815 923 972 998 iudicante,
993 935 1028 985 ut
1049 924 1115 1004 ipse
1137 944 1191 1005 per
1213 946 1280 990 sese

97 1050 143 1093 um
165 1031 294 1091 solveret
315 1028 482 1099 decretum,
513 1026 582 1086 dum
605 1025 636 1085 in
659 1027 756 1087 lorma
777 1025 906 1088 damnati
927 1026 1096 1088 indemnata
1118 1035 1149 1088 et
1168 1030 1281 1107 peccati

97 1141 175 1212 perte
197 1131 279 1191 visus
303 1138 358 1203 est,
381 1138 413 1190 ut
436 1137 466 1190 et
486 1127 687 1188 reconciliatio
710 1127 763 1187 Dei
785 1147 852 1188 cum
874 1129 997 1190 homine
1019 1129 1114 1200 lieret,
1136 1138 1167 1191 et
1187 1131 1280 1192 liber·

97 1259 100 1291 ι
129 1234 221 1294 totius
253 1230 384 1291 hominis
413 1249 469 1308 per
497 1229 648 1290 hominem
678 1228 807 1290 oriretur
836 1229 866 1288 in
894 1230 1024 1290 novitate
1052 1231 1188 1310 imaginis
1215 1232 1282 1293 Filii

97 1355 118 1398 ts
140 1335 209 1412 lesu
232 1331 341 1393 Christi
363 1330 481 1392 Domini
504 1330 610 1391 nostri.
656 1329 744 1402 Quod
767 1330 794 1391 si
816 1331 886 1392 mihi
909 1331 997 1392 alium
1019 1333 1217 1396 damnationis
1231 1334 1279 1395 lo-

97 1455 121 1499 m
143 1445 261 1515 praeter
282 1435 339 1494 hos
363 1434 439 1494 duos
462 1432 593 1493 indicare
615 1432 731 1504 valetis
754 1432 862 1494 merito
886 1434 1020 1496 dixeritis
1042 1435 1073 1495 in
1096 1442 1157 1495 tres
1179 1443 1280 1515 partes
1367 1439 1370 1448 '

97 1539 144 1600 u‘di
166 1536 316 1597 homiuem
341 1543 370 1594 et
392 1553 427 1595 ex
449 1533 567 1594 duobus
590 1533 709 1613 quidem
730 1533 804 1596 locis
827 1536 1047 1596 revocationem
1071 1538 1177 1598 lactam
1200 1555 1280 1611 esse,

120 1638 209 1700 tertio
238 1655 307 1697 vero
338 1635 454 1697 tertiam
483 1643 598 1714 purtem
626 1653 747 1697 manere
774 1635 899 1696 vinculis
929 1636 1104 1715 colligatam.
1149 1638 1181 1699 Si
1209 1657 1280 1700 vero

97 1740 167 1803 llum
189 1739 279 1799 alium
301 1738 398 1798 locum
422 1737 581 1797 ostendere
603 1736 731 1815 potestis
754 1747 872 1815 practer
895 1738 1063 1817 sepulcrum
1079 1739 1281 1815 eliciendum,

104 1840 227 1920 'quibus
256 1839 347 1898 homo
370 1840 499 1915 perfecte
523 1845 645 1916 ereptus
669 1839 709 1899 sit
730 1837 864 1910 (Christo
886 1858 941 1917 per
963 1858 1047 1900 suam
1070 1841 1231 1917 perlectam
1253 1850 1284 1903 et

97 1943 243 2005 rissimam
270 1940 396 2000 lormam
425 1948 547 2001 nostrae
576 1940 704 2030 similem
732 1957 789 2000 nos
811 1939 984 2017 liberante),
1014 1960 1066 2002 cur
1092 1943 1189 2004 adlruc
1216 1943 1283 2004 talia

97 2044 206 2115 stertis,
229 2042 313 2122 quasi
336 2042 414 2102 lleus
437 2042 566 2102 humano
590 2042 692 2120 generi
714 2041 849 2104 nondum
871 2042 1078 2103 reconciliatus
1102 2042 1166 2104 sit?
1196 2044 1282 2117 Quo-

97 2146 145 2206 tdo
168 2145 257 2224 igitur
277 2143 411 2203 Salvator
432 2140 574 2203 advenit?
597 2161 635 2203 an
657 2142 737 2220 quod
759 2161 820 2204 non
843 2151 948 2221 posset
969 2150 1064 2204 totum
1086 2144 1202 2204 solvere
1224 2145 1282 2205 ho·

97 2243 191 2308 uem?
213 2264 250 2306 an
273 2244 352 2322 quod
375 2252 515 2315 mentem,
539 2262 614 2322 quae
636 2243 729 2304 semel
750 2243 934 2323 peccaverit,
958 2243 998 2303 sit
1020 2244 1216 2306 exsecratus?
1245 2264 1283 2307 au

97 2348 141 2408 asi
164 2347 289 2418 timeret,
313 2364 351 2406 ne
374 2354 403 2405 ct
427 2346 492 2425 ipse
514 2345 627 2423 peccati
649 2345 800 2424 particeps
824 2354 915 2418 esset,
939 2345 965 2405 si
982 2363 1048 2405 cum
1063 2344 1142 2405 Deus
1158 2345 1283 2425 sitper-

97 2457 150 2511 :tus
174 2449 264 2508 homo
288 2445 397 2507 lieret?
442 2447 502 2507 Sed
524 2447 682 2525 impictatis
705 2446 785 2525 ploni
808 2456 888 2519 sunt,
912 2447 961 2525 qui
984 2446 1059 2506 haec
1079 2446 1119 2506 ita
1142 2446 1282 2525 cogitant.

97 2549 253 2610 tamenim
276 2558 396 2629 peccato
420 2549 622 2610 definitionem
645 2547 792 2620 tribuitis,
817 2548 865 2626 qui
889 2549 963 2609 hacc
982 2547 1153 2625 loquimini,
1176 2536 1308 2627 pecca-¹

97 2670 118 2713 ιι
141 2652 255 2712 aientes
279 2670 313 2712 ex
337 2660 441 2712 natura
464 2669 541 2723 esse,
566 2658 599 2710 ut
621 2650 694 2710 dixit
715 2649 911 2729 impiissimus
932 2647 1147 2710 Manichacus?

142 3060 190 3119 15.
235 3055 316 3116 Haec
337 3055 407 3114 dum
429 3055 469 3115 ita
492 3053 627 3127 sentitis,
652 3054 802 3116 Creatoris
825 3062 948 3115 naturae
972 3053 1178 3116 criminatores
1201 3055 1284 3117 estis.

97 3177 130 3221 m
151 3157 187 3219 ab
210 3157 296 3218 initio
321 3157 400 3227 Deus
417 3157 509 3216 Adam
531 3156 707 3228 ellormavit,
731 3174 801 3218 num
825 3156 958 3215 innatum
981 3155 1038 3233 ipsi
1062 3164 1216 3234 peccatum
1239 3156 1284 3219 cl·

97 3258 149 3322 it?
194 3259 273 3331 Quid
295 3257 384 3337 igitur
399 3268 558 3338 praecepto
575 3276 652 3336 opus
668 3256 746 3319 luit?
769 3276 822 3319 cur
837 3257 918 3317 idum
935 3257 1093 3330 damnavit,
1116 3257 1197 3336 quod
1211 3275 1284 3335 pec-

97 3360 179 3423 sset?
202 3379 261 3438 quo
284 3369 370 3438 pacto
393 3360 483 3420 Adam
507 3368 575 3419 ante
597 3357 832 3420 inobedientiam
854 3376 914 3419 non
937 3357 1109 3436 cognoverit
1129 3358 1242 3419 bouum
1258 3366 1288 3419 et

97 3461 189 3523 ilum?
235 3463 330 3533 Quem
360 3460 473 3522 scilicet
493 3461 573 3521 Deus
602 3461 710 3523 crearit
738 3459 769 3523 in
791 3460 1045 3539 incorruptionem
1068 3460 1157 3521 etad
1180 3459 1286 3539 imagi·

97 3583 125 3625 m
148 3582 221 3625 suae
242 3563 443 3636 aeternitatis,
467 3564 594 3624 eundem
614 3563 723 3624 'natura
743 3563 857 3642 peccati
880 3570 1001 3642 experts
1023 3549 1054 3622 e‘t
1075 3562 1225 3623 voluntate
1247 3560 1286 3621 li-

97 3684 128 3727 ra
157 3663 294 3738 donarit,
318 3664 440 3728 Invidia
462 3677 563 3728 uotum
585 3665 698 3728 dioboli
719 3682 804 3728 mors
828 3668 958 3726 introvit
979 3668 1013 3725 in
1034 3665 1196 3739 modom,
1220 3680 1287 3723 cum

97 3887 111 3935 l.
133 3885 173 3933 Sic
192 3885 305 3944 chuer.,
325 3887 362 3934 cui
382 3887 502 3934 consentit
520 3885 643 3945 Naunius;
695 3879 745 3933 τὸν
763 3875 971 3965 ἆραρτήσαντα,
992 3875 1007 3944 ἢ
1027 3877 1063 3937 ὥς
1081 3876 1237 3935 δεδοικότος
1247 3875 1286 3947 μὴ

98 3954 169 4001 editis
187 3947 302 4014 λέγοιτο.
342 3953 392 4001 utos
418 3954 480 4002 idern
505 3954 646 4012 Soguericn.
695 3947 742 4000 accii
760 3946 851 4003 cortic.

97 4015 271 4154 ‘ntem
287 4014 645 4154 litttl‘a‘ll'lil‘o
697 4054 834 4187 ,tria
850 4052 1288 4184 ttritenlitamur

97 4146 589 4288 23fd¹¹2ffl¹g⁸cben²'mma'
603 4167 646 4218 γε’
697 4187 787 4322 ἑξῖιὶιι
806 4190 881 4240 Cone.
900 4189 961 4239 Coll.
982 4189 1098 4238 Tomxl.
1117 4186 1246 4252 pu8.36'l.
1265 4193 1290 4237 ot

97 4309 113 4343 ι.
137 4291 169 4357 τῇ
193 4284 389 4356 ἀνθρωπότητι
412 4293 481 4341 deest
504 4292 527 4341 in
546 4291 646 4352 Seguer.

97 4376 121 4408 o.
159 4362 208 4409 nox
221 4360 320 4420 Seguer.
340 4361 436 4410 Gobler.
456 4369 479 4408 et
498 4360 602 4407 Felclm.
624 4359 645 4407 l.
732 4374 755 4422 g.
772 4359 813 4409 Sic
832 4356 932 4420 Seguer.
952 4355 1050 4408 Gobler.
1068 4364 1092 4405 at
1111 4355 1217 4405 Felclrm.
1234 4355 1290 4405 l.et

97 4419 136 4480 ὥς
160 4419 296 4475 ἀδυνάτου
319 4418 399 4481 ὄντος
415 4424 495 4479 λῦσαι
512 4421 562 4473 τὸν
580 4419 646 4492 σύμ·
698 4427 787 4543 Spnod.
807 4427 931 4478 Constant.
950 4425 974 4474 in
988 4425 1057 4474 edilis
1067 4414 1235 4490 ἀφθαρσίαν
1244 4417 1290 4473 καὶ

97 4507 151 4543 πα
174 4487 341 4563 ἄνθρωπον,
361 4488 377 4558 ἢ
396 4488 432 4563 ὥς
447 4490 646 4560 βδελυξαμένου
698 4508 709 4544 ε
739 4486 799 4542 όνα.
