2948 5092
439 253 586 324 arrarum
601 254 622 296 r.
638 255 674 296 ao
690 254 887 301 senariouuu.
1206 247 1266 310 733

38 405 172 486 Spiritus
196 415 326 477 sanctus,
349 406 399 484 qui
421 405 452 467 iu
475 405 536 466 Deo
559 413 614 478 est,
637 404 826 467 immutabilis
848 416 878 468 et
899 408 1087 488 incorruptus
1110 399 1352 492 omnisqueeeu.

36 506 255 569 vicissitudinis
278 526 382 585 expers
411 526 479 567 esse
502 507 667 569 censendus
690 518 745 569 est.
789 509 946 571 tirenum
968 512 1107 573 laetarum
1131 522 1160 574 et
1182 533 1266 575 crea·
1381 495 1387 505 ¹

36 618 137 672 tarum
161 618 264 670 natura
287 609 435 669 mutabilis
459 619 520 683 est,
548 617 652 687 utpote
680 629 754 688 quae
776 611 815 671 sit
836 621 915 672 extra
939 612 989 673 Dei
1020 613 1215 675 substantiam
1238 625 1268 677 et

35 710 173 773 enihilo
196 711 350 771 exstiterit.
394 710 545 789 Siquidem
571 711 674 773 Omuir
698 712 793 783 bomo,
816 712 920 792 inquit,
942 717 1079 788 meudun,
1103 724 1133 776 et
1156 716 1266 778 Omnes

31 823 244 894 peccauerunt
267 823 295 874 et
317 822 401 890 egent
422 813 522 891 gloria
544 811 608 873 Det.
653 813 781 893 dugelos
803 833 886 886 vero,
910 821 963 897 qui
982 836 1045 879 nou
1063 831 1352 882 seroaoeruutrau.

34 933 131 978 uram
148 917 369 995 principatum,
400 915 453 975 sed
475 915 700 995 dereliguemmt
728 935 816 976 suum
839 918 1032 989 domicilium,
1052 924 1096 1001 uiu
1123 922 1266 983 dedictum

32 1020 142 1096 magni
167 1017 227 1079 diei
253 1015 383 1077 piaculis
412 1019 544 1079 aeternis
574 1016 628 1076 aud
658 1015 784 1094 caligine
817 1024 995 1082 reservavit.
1024 1020 1077 1081 *Et
1098 1022 1174 1100 apud
1195 1022 1265 1084 lob:

35 1117 77 1181 Si
97 1123 211 1180 somatis
234 1117 354 1196 Angelis
387 1120 451 1178 suis
480 1117 651 1195 uouxfidit,
679 1119 732 1178 sed
761 1130 867 1180 coutra
889 1121 1016 1199 Angelos
1041 1140 1175 1200 prauam
1196 1126 1267 1203 quid

10 1224 193 1303 cogitavit.
238 1217 352 1280 Stellae
381 1237 452 1280 uero
475 1237 537 1279 uon
559 1229 631 1279 suut
651 1220 781 1280 mundae
802 1225 835 1280 iu
857 1233 1015 1300 conspectu
1038 1227 1113 1284 eius.
1156 1223 1265 1284 Paulus

34 1330 141 1384 autem
169 1320 287 1384 scribit:
317 1320 445 1389 Nescitis
473 1325 614 1399 puouiam
635 1318 763 1398 Angelos
784 1321 1007 1384 iradiaodr'mus?
1032 1336 1144 1404 quauto
1172 1330 1266 1403 magis

36 1421 219 1485 secularia?
264 1421 342 1494 Quin
365 1421 453 1482 etiam
476 1420 651 1494 audivimus,
675 1420 834 1495 diabolum,
861 1422 963 1500 quiin
986 1423 1083 1484 medio
1107 1424 1265 1487 Cherubim

37 1521 141 1585 stabat
162 1531 191 1584 et
211 1520 394 1601 signaculum
417 1521 618 1582 similitudinis
641 1530 719 1595 erat,
743 1541 759 1583 e
781 1522 862 1583 caelo
886 1525 970 1602 quasi
992 1524 1089 1604 lnigur
1110 1527 1263 1588 cecidisse.

34 1624 72 1689 Si
95 1643 187 1704 porro
211 1643 244 1685 ea
274 1632 321 1684 est
348 1642 447 1684 rerum
476 1631 639 1684 creatarum
670 1630 773 1684 natura
800 1633 831 1684 et
858 1625 930 1687 baec
957 1625 994 1686 do
1015 1627 1133 1705 Angelis
1156 1628 1266 1708 scripta

35 1734 123 1800 eunt,
146 1725 172 1786 si
193 1734 295 1787 conus
318 1725 447 1804 Spiritus
470 1725 548 1785 idem
571 1742 691 1804 semper
713 1734 742 1786 et
763 1726 861 1786 omnis
884 1727 1056 1788 mutationis
1080 1748 1185 1808 expers
1208 1739 1265 1803 cst,

10 1828 92 1910 ·qui
115 1836 145 1889 et
165 1826 230 1888 Filii
252 1826 496 1887 immutabilitatis
518 1826 665 1913 particeps
688 1845 755 1888 cum
776 1827 842 1907 ipso
859 1847 978 1907 semper
992 1830 1183 1891 immutabilis
1200 1850 1254 1892 ma-

32 1938 110 2005 net3
141 1947 284 2010 quaenam
313 1928 417 1990 amabo
447 1928 607 1989 similitudo
630 1928 820 1990 immutabilis
842 1948 908 1990 cum
931 1930 1148 1993 mutabilibus?
1190 1931 1268 1995 Hinc

30 2032 120 2097 enim
142 2030 331 2111 perspicuum
355 2040 416 2102 est,
445 2047 541 2109 neque
570 2049 633 2091 rem
660 2038 786 2092 creatam
808 2049 877 2092 esse
898 2050 994 2110 nequo
1017 2033 1053 2093 ad
1074 2033 1264 2111 Angelorum,
1346 2073 1351 2081 -

34 2142 145 2215 utpote
167 2132 216 2212 qui
239 2132 395 2193 mutabiles
419 2132 494 2203 sint,
524 2140 658 2193 naturam
676 2131 843 2210 pertinere,
872 2132 924 2193 sed
947 2132 1035 2194 Verbi
1057 2134 1214 2212 imaginem
1237 2145 1267 2196 et

34 2234 138 2298 Patris
165 2234 321 2314 proprium
350 2253 426 2295 esse.
471 2233 626 2294 Praeterea
655 2233 783 2312 Spiritus
813 2233 930 2295 Domini
962 2235 1133 2296 universum
1163 2235 1265 2296 orbem
1308 2248 1310 2253 ·

32 2336 174 2418 replevit.
218 2336 260 2396 Ita
282 2336 361 2396 enim
383 2335 473 2396 David
496 2335 615 2398 cecinit:
642 2335 710 2408 Quo
733 2335 781 2397 ido
804 2353 823 2396 a
845 2335 967 2416 Spiritu
990 2335 1067 2399 tuo?
1110 2337 1147 2397 Et
1163 2337 1192 2397 iu
1208 2337 1264 2398 Sa-

34 2440 151 2522 pientia
173 2438 315 2515 scriptum
339 2445 398 2499 est:
426 2436 505 2499 Tuus
527 2441 607 2498 euim
626 2440 827 2516 incorruptus
844 2436 979 2516 Spiritus
995 2448 1040 2498 est
1062 2442 1094 2497 iu
1117 2438 1265 2499 omuibus.

34 2541 128 2620 Atqui
150 2539 305 2602 universae
335 2558 383 2600 res
415 2541 507 2599 laetae
529 2539 559 2598 in
583 2537 684 2598 divisis
707 2537 779 2598 locis
803 2537 949 2610 existunt,
979 2538 1058 2598 verbi
1088 2539 1180 2616 gratia
1208 2539 1264 2612 sol,

33 2641 110 2704 luna
132 2650 162 2703 et
183 2651 260 2703 astra
284 2641 313 2701 in
335 2640 532 2711 firmamento,
556 2649 586 2700 et
606 2639 700 2701 nubes
722 2639 752 2700 in
776 2645 855 2701 aere.
899 2640 933 2699 ln
955 2639 1126 2700 hominibus
1149 2660 1266 2720 quoque

35 2745 193 2806 nationum
217 2742 361 2804 terminos
384 2742 547 2803 constituit.
590 2741 693 2821 Angeli
714 2741 850 2802 similiter
867 2742 898 2803 in
914 2741 1079 2803 ministeria
1094 2743 1265 2804 mittuntur:

36 2845 77 2909 Bt
100 2857 250 2908 uenerunt
271 2843 379 2925 dupeli
396 2844 462 2916 Dei,
486 2856 521 2905 ut
543 2849 721 2907 assisterent
743 2862 844 2906 coram
866 2844 1005 2915 Domiuo,
1029 2845 1071 2904 uti
1093 2844 1124 2904 in
1143 2844 1197 2905 lob
1220 2845 1264 2906 ie·

36 2948 149 3028 gimus.
192 2947 229 3007 Et
250 2948 419 3009 Somaiaoit
437 2946 526 3034 laaob
542 2946 735 3008 Patriarclta.
779 2946 818 3007 Et
840 2965 903 3008 ecce
918 2947 1001 3008 scala
1022 2950 1131 3007 a'unr'ca
1152 2950 1185 3007 iu
1200 2957 1266 3009 ter-

37 3069 87 3122 ra,
113 3054 199 3111 euius
223 3061 362 3110 commea
384 3049 423 3109 ad
446 3048 561 3109 eaelum
579 3048 785 3128 perveniebat,
813 3058 840 3109 et
862 3048 970 3126 tragali
990 3047 1048 3109 Dei
1068 3050 1267 3111 ascendebant

38 3161 69 3212 et
93 3151 306 3212 descendebant
325 3167 384 3229 per
406 3154 511 3228 r'psam.
554 3149 587 3209 Si
601 3147 690 3228 igitur
705 3148 832 3227 Spiritus
848 3148 946 3209 omnia
962 3149 1064 3228 implet
1079 3158 1108 3210 et
1122 3149 1152 3211 in
1168 3149 1265 3212 Verbo

36 3270 185 3332 praesens
209 3260 254 3311 est
276 3250 305 3310 in
328 3248 425 3310 medio
449 3250 592 3323 omnium,
616 3251 649 3311 si·
664 3255 769 3312 coutra'
781 3250 882 3328 Angeli
900 3251 955 3311 bae
976 3252 1006 3311 in
1029 3270 1061 3312 re
1083 3251 1125 3312 illi
1147 3252 1265 3324 aedunt,

37 3362 128 3432 atque
149 3352 209 3415 illic
231 3360 343 3412 tantum
366 3352 473 3411 adsunt
495 3371 552 3430 quo
575 3351 739 3425 mittuntur,
762 3351 882 3413 dubium
905 3353 1006 3431 utique
1028 3370 1088 3414 non
1112 3363 1166 3424 est,
1194 3354 1264 3433 quin

38 3452 170 3533 Spiritus
199 3471 254 3513 neo
280 3472 329 3513 res
357 3454 431 3517 lucta
460 3472 515 3513 nec
542 3453 670 3532 Angelus
693 3455 748 3526 sit,
777 3453 821 3513 uti
850 3454 1029 3514 contendere
1051 3454 1181 3527 audetis,
1212 3456 1264 3517 sed

37 3555 219 3635 Angelorum
242 3557 345 3615 naturd
368 3554 506 3633 superior
528 3564 608 3616 certe
631 3555 799 3617 censendus
823 3567 879 3615 est.

38 3744 75 3792 sic
93 3742 180 3792 babet:
199 3734 309 3790 εἶτατὰ
327 3734 415 3805 ἁγίων
433 3733 516 3788 αὐτοῦ
535 3733 566 3789 οὐ
584 3755 626 3788 nt·
674 3742 775 3795 ,Goblea
802 3749 825 3790 et
849 3741 953 3790 Felclim.
975 3742 995 3789 t.
1022 3757 1154 3805 anonymus
1179 3735 1210 3788 τὸ
1235 3736 1265 3791 dt

38 3801 138 3865 merita,
150 3801 239 3874 ἄστρα
250 3803 332 3859 da'etc.
352 3811 500 3858 intermediis
520 3812 626 3859 omissis.
677 3807 783 3873 πνεῦμα
801 3801 832 3853 τὸ
843 3799 923 3921 {paor
941 3799 1009 3855 αὐτό
1026 3801 1084 3856 ἔστι
1101 3804 1201 3858 uolatu.
1220 3809 1265 3859 dlii
1294 3813 1299 3821 ⁹

72 3879 96 3929 d.
115 3879 231 3939 Siclteg.
251 3877 272 3926 l.
292 3879 431 3938 Segnerian.
451 3877 563 3925 etBasil.
600 3880 627 3925 tr
678 3886 702 3927 et
720 3879 776 3925 editi
795 3870 825 3922 τὸ
861 3870 999 3941 ὲπνεῦμα
1016 3868 1046 3922 ἓν
1063 3869 1120 3925 ἔστι
1138 3871 1186 3922 καί
1202 3886 1247 3926 etc.

38 3947 138 3999 Gobler.
158 3954 181 3994 et
199 3946 339 3995 tetelml.
359 3936 486 3991 ἀλλὰκαὶ
504 3938 517 3989 ὁ
537 3937 628 4021 desisto·
713 3947 728 3992 l.
756 3946 795 3993 Sic
819 3946 874 4005 ileg⁴
891 3944 919 3993 i.
944 3948 1043 4006 Seguer.
1068 3944 1140 3992 basil.
1167 3946 1264 3994 Gobler.

36 4011 92 4066 λος.
131 4014 221 4075 tnglic.
241 4024 264 4062 et
283 4016 337 4075 fleg.
349 4013 372 4062 2.
392 4005 457 4058 ἀλλὰ
475 4005 529 4075 γὰρ
549 4005 626 4058 καιὸ
680 4012 850 4061 aldelmi.
888 4015 966 4061 Ceteri
986 4021 1009 4062 et
1027 4013 1082 4060 editi
1101 4005 1183 4059 ἐστίν.
1214 4014 1265 4062 blor
1379 4064 1382 4069 ,

38 4075 174 4144 διάβολος.
210 4082 253 4130 tiit
271 4091 293 4130 et
305 4083 362 4129 editi
380 4074 446 4126 ἀλλὰ
462 4073 517 4143 γὰρ
537 4072 550 4125 d
570 4072 628 4125 διά·
678 4080 750 4128 iidem
776 4095 833 4128 mss.
857 4080 946 4128 babent
969 4072 1144 4127 ἐλαττοῦνται
1167 4072 1265 4144 τούτῳ
1333 4112 1336 4115 -

36 4147 126 4214 riolos·
163 4149 238 4199 Paulo
258 4157 313 4212 post
332 4150 412 4206 iidem,
427 4149 628 4208 Rog.l.Segaer.
674 4147 757 4198 'Ceteri
781 4156 804 4196 et
828 4149 884 4197 editi
907 4141 1033 4199 ἐλάττους
1051 4138 1171 4198 inesto
1189 4140 1265 4212 τόπῳ

37 4228 62 4269 et
79 4218 154 4268 Sosii.
174 4217 261 4265 babent
279 4209 306 4264 ἐκ
325 4214 372 4263 τοῦ
391 4207 516 4279 οὐρανοῦ.
549 4217 628 4266 Ceteri
678 4207 737 4264 εἰσί,
774 4217 914 4265 lidemitem
935 4217 1091 4279 manuscripti
1103 4216 1264 4279 codicespur-

36 4297 61 4337 et
79 4287 137 4336 editi
156 4277 185 4333 ba
202 4283 259 4331 τῶν
274 4277 407 4349 οὐρανῶν.
677 4284 774 4333 ticulum
800 4268 863 4338 οὖν,
892 4298 963 4347 qnam
989 4286 1028 4331 atii
1053 4292 1077 4332 et
1101 4283 1159 4331 editi
1178 4284 1266 4334 babent

72 4370 95 4403 e.
115 4355 170 4415 Sag.
186 4354 206 4402 t.
218 4363 242 4403 et
253 4355 352 4413 Seguer.
371 4346 489 4418 τρεπτὴν
506 4345 561 4416 ἔχει
578 4346 628 4410 τὴν
679 4361 734 4415 post
752 4343 917 4416 ἀμφίβολον,
938 4353 1059 4410 omittunt,
1077 4352 1198 4414 iidemque
1210 4361 1266 4416 poet

36 4417 134 4488 φύσιν.
170 4421 222 4470 rtur
241 4422 312 4470 iidem
331 4431 354 4470 et
372 4421 443 4469 Basil.
462 4437 489 4470 ac
506 4422 628 4482 Augliaan.
680 4411 742 4468 οὔτε
759 4435 864 4484 sequens
882 4420 973 4468 adanu
990 4410 1074 4474 ὅλως,
1094 4435 1155 4484 quae
1173 4434 1215 4468 ror
1235 4422 1264 4470 ob

35 4484 69 4540 τὸ
89 4484 128 4557 ,rt
153 4487 261 4554 πνεῦμα
290 4483 321 4537 τὸ
345 4480 412 4536 αὐτό
432 4480 492 4538 ἐστι
512 4483 560 4537 κατ’
582 4498 627 4538 eta.
679 4489 733 4538 aliis
750 4495 775 4540 et
792 4489 863 4538 editis
880 4487 956 4538 ebert.
