2934 5078
199 242 241 307 20
600 258 629 302 8.
642 258 796 303 Ammn
810 256 1033 302 Ancnlnnscou

111 407 251 475 mm
275 405 322 484 είς
344 403 453 491 ἀβρεις
475 404 746 492 ἐκτραπήσονται,
768 408 822 472 καί
843 403 928 489 μετὰ
948 407 1053 470 ταῦτα
1066 404 1124 489 τὴν
1139 411 1282 491 οπείραν
1297 408 1352 472 καί
1366 427 1425 472 τον

196 508 379 595 Ιχιλίαρχον
409 502 661 595 ἀπειλήσουσιν·
691 506 724 574 έν
752 505 883 584 τούτοις
910 506 972 590 γάρ
995 504 1085 574 ἐστιν
1107 501 1216 573 αὐτῶν
1236 502 1258 593 ἡ
1280 507 1425 574 δοκοῦσα

196 608 356 687 σύστασις
377 611 435 695 τῆς
456 604 657 688 κακοδοξίας.
702 607 760 675 τόν
782 606 843 694 γὰρ
865 609 924 673 τοῦ
945 609 1030 675 θεοῦ
1052 606 1149 692 λόγον
1165 604 1364 695 ἀρνούμενοι
1378 608 1426 677 εί-

195 710 300 789 κότως
326 711 380 777 καλ
408 709 505 797 λόγου
534 710 661 790 παντός
689 709 773 778 εἰσιν
802 709 927 796 ἔρημοι.
971 710 1076 775 ταῦτα
1102 711 1180 795 γοῦν
1209 707 1306 788 είδῶς
1328 706 1425 776 οὐδὲν

196 804 257 879 1’ἀν
280 806 505 899 ἀπεκρινάμην
527 812 694 899 ίρωτῶοῖν
710 811 865 889 ἐκείνοις
888 809 1004 895 ἐπειδὴ
1020 810 1056 877 δὲ
1072 806 1090 897 ἡ
1106 808 1148 896 σὴ
1164 810 1320 891 διάθεοις
1335 807 1425 899 ἀπῄ-

194 936 276 1003 τησα
301 915 424 998 γνῶναι
449 912 492 980 τὰ
519 912 552 980 έν
574 915 614 1000 τῇ
636 912 765 999 συνόδῳ
787 917 997 999 πραχθέντα,
1022 906 1079 995 οὐχ
1101 906 1329 999 ὑπερεθέμην·
1352 906 1423 979 ἀλλ’

112 1010 314 1095 Ριῖίθιεάθός,
339 1009 385 1094 ῶς
405 1012 481 1081 τότε
502 1019 627 1099 γέγονε,
652 1012 834 1099 δεδήλωκα,
864 1009 973 1093 δείξας
996 1010 1037 1080 δι’
1063 1008 1199 1099 δλίγων,
1229 1008 1310 1080 ὅσον
1333 1008 1427 1081 εάοε·

195 1118 276 1203 βοῦς
304 1114 495 1204 φρονήσεως
515 1110 535 1200 ἡ
555 1107 708 1202 Ἀρειανὴ
730 1115 859 1201 αἵρεσις
880 1115 1065 1202 ἐπέρηται,
1088 1116 1143 1181 καί
1164 1112 1267 1199 μόνον
1288 1112 1427 1201 προφά-

197 1238 269 1297 σεις
289 1216 502 1283 πλάττονται.
548 1214 668 1283 σκόπει
697 1216 809 1282 δὲκαὶ
832 1215 882 1296 οό,
906 1212 1071 1303 ἀγαπητέ,
1101 1214 1131 1282 εί
1151 1214 1196 1301 μὴ
1219 1212 1326 1295 οῦτως
1349 1214 1423 1299 ἔχει.

197 1316 228 1385 εί
247 1318 435 1405 θαρροῦσιν
458 1311 509 1395 οἷς
532 1315 672 1405 ἐφεῦρον
694 1310 788 1382 αὗταί
811 1327 931 1395 κακοῖς,
956 1316 1214 1401 ἐπισπείραντος
1235 1310 1352 1395 αῦτοῖς
1366 1319 1425 1382 τοῦ

125 1440 130 1449 ’
196 1418 355 1504 διαβόλου
376 1418 435 1504 τὴν
455 1415 712 1505 κακοφροσόνην,
737 1412 1039 1502 ἀπολογείσθωοαν
1056 1421 1133 1505 περὶ
1150 1407 1197 1485 ῶν
1212 1416 1426 1505 ἀμεληθέντος

196 1514 444 1607 ἀπεδείχθησαν
467 1518 640 1605 αἱρετικοί,
664 1520 718 1585 καί
740 1517 816 1585 τότε
837 1517 959 1586 λοιπὸν
980 1518 1230 1599 αἰτιάσθωσαν,
1254 1518 1285 1586 εί
1306 1518 1426 1587 δόναν-

195 1646 260 1701 ται,
283 1621 326 1687 τὰ
346 1616 413 1686 κατ’
439 1615 547 1687 αὐτῶν
570 1615 767 1705 ὁρισθέντα·
790 1614 900 1699 οὐδεὶς
920 1618 994 1742 γὰρ
1006 1620 1172 1705 ἐλεγχθεὶς
1186 1620 1243 1687 ἐπὶ
1259 1620 1356 1707 φόνῳ
1370 1622 1441 1687 καλε

195 1728 327 1809 μοιχείᾳ
356 1721 440 1806 μετὰ
466 1721 525 1809 τὴν
552 1721 645 1809 δίκην
669 1720 780 1807 χάραν
808 1720 928 1804 ἔχει’
894 1747 952 1807 την
975 1717 1150 1809 ἀπόφασιν
1172 1723 1230 1787 τοῦ
1252 1716 1432 1809 κρίναντος

197 1824 391 1902 αἰτιᾶσθαι,
421 1824 512 1889 διατί
498 1821 576 1908 ίμὴ
599 1818 705 1901 οότως
727 1816 796 1889 ἀλλ’
821 1822 952 1901 ἐκείνως
974 1822 1129 1910 έλάλιγσε,·
1157 1826 1260 1889 τοῦτο
1281 1822 1343 1908 γὰρ
1367 1816 1426 1891 οῦκ

196 1924 369 2008 ἐλευθεροῖ
394 1922 452 1988 τὸν
479 1928 652 2007 κριθέντα,
683 1918 768 1989 ἀλλὰ
794 1926 847 1990 καί
869 1925 995 2007 μᾶλλον
1018 1950 1059 1989 αι
1061 1948 1119 1990 τοι
1141 1923 1180 1989 τὸ
1203 1924 1347 2011 ἔγκλημα
1367 1904 1426 1991 διά

195 2026 253 2113 τὴν
281 2030 485 2110 προπέτειαν
512 2026 565 2091 καί
594 2024 653 2113 τὴν
680 2023 805 2109 τόλμαν
834 2024 1020 2104 ἐπαυξάνει.
1067 2020 1183 2092 οὐκοῦν
1211 2029 1264 2093 καί
1288 2015 1425 2111 οῦτοιῆ

196 2082 413 2193 δέικνότωσαν
446 2124 485 2191 τὸ
520 2125 672 2213 φρόνημα
705 2126 831 2193 ἑαυτῶν
865 2122 1011 2212 εἰσεβές·
1051 2131 1331 2215 κατηγορηθέντες
1362 2125 1426 2213 γὰρ

195 2222 411 2317 ἦλίγχθησαν,
436 2220 474 2292 οῦ
495 2226 710 2313 μεμψάμενοι
731 2226 907 2314 πρότερον·
930 2229 985 2294 καλ
1001 2226 1128 2294 δίκαιόν
1143 2227 1215 2295 έστι
1225 2226 1304 2306 τοὺς
1314 2227 1425 2295 αίτια-

195 2336 319 2408 θέντας
345 2329 447 2415 μηδὲν
474 2328 585 2413 ἕτερον
613 2338 726 2397 ποιεῖν
753 2323 774 2412 ἢ
802 2324 1057 2413 ἀπολογεῖσθαι.
1102 2322 1124 2416 ἢ
1153 2328 1183 2395 εί
1209 2328 1251 2395 τὸ
1273 2327 1425 2408 συνειδὸς

197 2430 308 2515 έχουσι
330 2428 479 2517 ῥυπαρὸν
500 2432 554 2497 καὶ
578 2432 762 2515 συνορῶσιν
784 2428 920 2508 ἑαυτοὺς
942 2425 1151 2515 ἀσεβοῦντας,
1174 2430 1219 2515 μὴ
1235 2429 1426 2497 αἰτιάσθω-

196 2555 258 2599 σαν
290 2530 312 2598 6
339 2525 529 2618 ἀγνοοῦσιν,
563 2530 620 2597 ἵνα
645 2529 691 2619 μὴ
720 2534 774 2596 καὶ
803 2531 945 2598 διπλοῦν
967 2530 1083 2597 ’κακὸν
1106 2524 1259 2615 ἀσεβείας
1282 2530 1425 2617 ἔγκλημα

194 2635 249 2699 καὶ
278 2626 499 2712 ἀπαιδευσίας
526 2625 770 2718 ἀπενέγκωνται
794 2638 932 2719 μέμψιν.
978 2631 1217 2713 έξεταζέτωσαν
1240 2633 1425 2717 δὲμᾶλλον

195 2735 407 2823 φιλομαθοῦς,
431 2728 471 2799 λ”ν
496 2732 726 2855 ἐπιγνόντεςι
707 2761 728 2800 α
748 2732 912 2821 πρότερον
934 2727 1081 2819 ἠγνόουν,
1105 2727 1343 2818 ἀπονίψωνται
1364 2734 1425 2811 τάς

195 2835 320 2903 ἑαυτῶν
343 2828 514 2919 ἀσεβεῖς’
495 2833 596 2915 ακοὰς
616 2860 664 2955 τῳ
685 2837 744 2945 τῆς
766 2830 928 2923 ἀληθείας
949 2832 1071 2917 νάματι
1091 2836 1146 2901 καί
1168 2844 1242 2913 τοῖς
1254 2837 1314 2920 τῆς
1329 2828 1423 2903 ιῦ-σε

194 2942 288 3019 βείας
309 2933 480 3020 δόγμασιν.
510 2933 598 3002 οἷ’τω
619 2934 681 3021 γὰρ
692 2914 757 3001 καὶ
780 2934 814 3001 ἐν
836 2939 876 3023 τῆ
898 2933 981 3001 κατὰ
1004 2942 1051 3003 Nl
1036 2942 1147 3003 ίκαιαν
1169 2934 1298 3021 συνόδῳ
1311 2940 1425 3021 γέγονε

194 3047 267 3114 τοῖς
291 3038 369 3121 περὶ
392 3032 562 3120 Εάσέβιον.

282 3142 311 3203 3.
353 3131 407 3213 Ὡς
430 3131 578 3223 έφιλονεί
577 3159 654 3203 κουν
677 3130 873 3221 ἀσεβοῦντες
893 3138 947 3203 καὶ
969 3142 1150 3221 θεομαχεῖν
1165 3136 1418 3223 ἐπεχείρουν,
1381 3163 1426 3203 τα

194 3240 255 3322 μὲν
284 3236 442 3321 λεγόμενα
463 3232 541 3323 παρ’
566 3232 674 3303 αὐτῶν
696 3231 849 3321 ἀσεβείας
870 3228 910 3323 ἦν
931 3236 1045 3322 μεστά.
1091 3239 1124 3304 οὶ
1146 3239 1183 3304 δὲ
1205 3236 1426 3317 συνελθόντες

196 3338 392 3416 ἐπίσκοποι,
416 3326 499 3422 ἦσαν
522 3338 558 3403 δέ
579 3340 681 3405 πλέον
703 3333 724 3426 ἢ
747 3339 888 3406 ἔλασσον
909 3338 1112 3426 τριακόσιοι,
1147 3338 1265 3426 πρᾴως
1285 3341 1341 3405 καὶ
1365 3363 1427 3427 φι-

194 3437 406 3525 λανθρώπως
434 3433 583 3526 ἀπῄτουν
612 3434 746 3520 αάτοός,
775 3443 854 3528 περὶ
882 3428 928 3506 ῶν
958 3440 1067 3525 ἔλεγον
1096 3438 1227 3507 διδόναι
1247 3437 1347 3557 λόγον
1367 3442 1425 3507 καί

195 3535 384 3620 ἀποδείξεις
405 3532 559 3660 εὐσεβεῖς.
606 3537 707 3619 ῶςὲ
672 3542 778 3608 δὲκαί
792 3540 895 3624 μόνον
911 3538 1425 3628 ῳθεγγόμενοικατεγινῶσκοντο

192 3644 248 3709 καλ
270 3641 356 3728 πρὸς
378 3640 514 3720 εαυτοὺς
537 3640 744 3725 διεμάχοντο,
771 3640 899 3731 πολλὴν
921 3638 1123 3729 όρῶντες”
1083 3667 1142 3729 της
1163 3642 1310 3708 ἑαυτῶν
1332 3642 1424 3727 αἱρέ-

195 3766 279 3823 σεως
300 3742 358 3830 τὴν
381 3738 542 3829 ἀπορίαν
566 3736 697 3825 ἀχανεῖς
718 3743 820 3828 μέν”
802 3768 936 3865 eptem„
937 3730 1033 3811 οῦτοι
1052 3744 1108 3810 καί
1131 3742 1248 3809 διὰ
1209 3768 1267 3831 της
1289 3746 1426 3833 σιωπῆς

195 3838 440 3929 ῶμολόγουν
406 3868 514 3928 την]
487 3842 544 3909 ἐπὶ
566 3846 606 3930 τῇ
628 3844 824 3932 οκακοδοξίᾳ
845 3839 955 3912 αάτῶν
977 3844 1148 3932 αίοχόνην·
1171 3845 1205 3910 ολ
1219 3839 1331 3911 τοίνυν
1347 3844 1425 3913 έπέ-

195 3965 318 4011 σκοποι
339 3942 459 4010 λοιπὸν
481 3939 708 4023 ἀνελόντες
673 3972 715 4012 τα
736 3943 814 4031 παρ’
838 3941 946 4013 αὐτῶν
969 3944 1194 4031 ἐπινοηθέντα
1208 3942 1397 4030 ῥήματα,“
1365 3942 1424 4011 ου’-

194 4068 260 4122 τως
282 4042 434 4123 ἐξέθεντο
452 4042 520 4111 κατ’
535 4041 642 4113 αὐτῶν
653 4046 711 4135 τὴν
723 4044 933 4133 ὑγιαίνουσαν
943 4049 997 4114 καὶ
1009 4044 1275 4134 ε’·κκλησιαστικὴν
1287 4052 1422 4113 πίστιν·

195 4144 330 4211 πάντων
353 4172 388 4211 τε
411 4142 685 4232 ῦπογραψάντων,
711 4144 906 4233 διέγραψαν
928 4151 982 4214 καὶ
1006 4149 1038 4214 οί.
1060 4148 1138 4232 περὶ
1160 4140 1323 4232 Εδοέβιον
1345 4145 1423 4213 τοτ’·-

230 4352 251 4383 υ
270 4336 310 4386 Sic
328 4352 355 4385 ex
373 4350 419 4386 ms.
432 4335 505 4414 Regio
524 4338 709 4389 emendavimus.
736 4339 780 4388 Alii
866 4339 890 4387 b.
908 4338 942 4387 Ex
966 4354 1011 4389 ms.
1028 4339 1085 4399 neg.
1109 4326 1293 4401 particulam*
1274 4350 1310 4383 αν
1326 4332 1425 4385 addidi-

195 4412 275 4451 ουιιιιι
295 4413 318 4453 ει
335 4404 392 4455 editi
409 4395 460 4463 τήν
476 4406 599 4455 mendose.
834 4420 897 4465 mus,
915 4419 987 4482 quam
1005 4404 1046 4455 alii
1064 4414 1089 4456 οι
1105 4404 1163 4455 odini
1180 4403 1301 4453 omittunt.

868 4489 888 4522 c.
905 4465 990 4521 κακόν
973 4472 1075 4524 »abest
1092 4486 1105 4521 ι
1122 4470 1197 4534 Regio
1215 4482 1262 4521 τοι.
