2934 5078
108 253 149 316 70
505 265 532 309 τ.
547 264 701 309 numu
716 264 940 308 ιααειενιεαοοι

22 437 38 479 υ
53 409 414 499 ιντύπολαμβάνοντες,
444 411 477 478 οἱ
498 418 635 500 ποίησιν
657 398 757 477 αύτοῦ
779 409 837 498 τὴν
859 416 958 477 θείαν
979 408 1035 476 καὶ
1056 408 1199 498 ἄρρητον
1220 414 1330 498 γέννη-

110 539 164 583 σιν
185 515 289 601 λέγειν
310 514 503 598 τολμῶντες.
549 506 615 578 οὔτ’
640 501 697 579 οῦν
718 511 942 596 καταμερίζειν
962 510 1022 600 χρὴ
1045 511 1092 591 είς
1106 521 1196 596 τρεῖς
1209 509 1332 599 θεότη·

108 618 169 695 τάς
197 614 255 702 τὴν
282 613 480 703 θαυμαστὴν
509 610 564 679 καὶ
592 619 691 679 θείαν
711 611 855 697 μονάδα,
879 610 955 680 ούτε
977 612 1113 700 ποιήσει
1133 611 1272 680 κωλύειν
1292 614 1330 679 τό

110 710 240 800 άξίωμα
259 713 315 782 καὶ
337 713 375 780 τὸ
397 709 603 800 ὑπερβάλλον
624 719 766 800 μέγεθος
787 717 846 779 τοῦ
867 720 989 798 κυρίου,
1013 709 1098 779 άλλὰ
1113 719 1332 782 πεπιστευκέ-

109 841 166 884 ναι
193 815 241 895 ελς
268 813 351 882 θεὸν
373 820 501 899 πατέρα
523 813 789 899 παντοκράτορα,
818 813 874 881 καὶ
895 814 942 892 είς
963 813 1112 899 Χριστὸν
1130 811 1253 901 Ἰησοῦν
1274 812 1334 882 τόν

110 915 183 983 υἱόν
213 911 330 996 αῦτοῦ,
358 914 415 981 καὶ
444 915 490 995 είς
510 914 549 981 τό
571 912 666 1000 άγιον
688 919 834 998 πνεῦμα,
866 911 1023 1002 ἡνῶσθαι
1045 916 1081 981 δὲ
1102 917 1149 1001 τῷ
1170 917 1244 1002 θεῷ
1265 917 1333 983 τῶν

111 1012 197 1084 όλων
218 1015 276 1083 τόν
298 1015 411 1101 λόγον·
435 1014 497 1102 ἐγὼ
518 1015 588 1101 γάρ,
613 1022 705 1104 φησί,
728 1015 784 1082 καὶ
805 1010 825 1081 ό
847 1016 956 1104 πατὴρ
980 1017 1013 1082 ἕν
1035 1014 1176 1100 ἐσμεν’)·
1198 1015 1257 1083 καλ
1270 1004 1334 1101 lyd»

111 1117 144 1186 ἒν
173 1120 221 1204 τῷ
250 1124 369 1201 πατρί,
399 1117 455 1184 καὶ
483 1113 501 1183 ό
529 1117 638 1206 πατὴρ
662 1118 696 1184 ἐν
718 1116 831 1202 ἐμοί’).
877 1113 963 1183 οῦτω
985 1115 1047 1201 γὰρ
1069 1111 1109 1182 άν
1131 1115 1188 1183 καὶ
1207 1112 1228 1204 ἦ
1250 1122 1332 1183 θεία

109 1217 203 1305 τριάς
224 1221 277 1285 καὶ
299 1218 339 1284 τό
360 1214 454 1303 άγιον
474 1216 621 1305 κήρυγμα
640 1222 699 1304 τῆς
718 1225 898 1303 μοναρχίας
920 1211 1127 1299 διασώζοιτο.

195 1326 245 1386 27.
289 1317 377 1403 Περὶ
404 1319 439 1385 δὲ
466 1320 525 1384 τοῦ
548 1314 664 1398 άῑδίως
694 1327 841 1385 συνεῖναι
860 1317 918 1384 τὸν
941 1319 1038 1404 λόγον
1058 1322 1105 1405 τῷ
1128 1323 1248 1403 πατρί,
1278 1315 1336 1384 καὶ

108 1420 153 1506 μὴ
177 1420 290 1504 ἑτέρας
311 1414 427 1497 οὐσίας
447 1412 469 1506 ἢ
490 1413 719 1499 ὑποστάσεως,
750 1414 835 1485 άλλά
855 1422 913 1508 τῆς
934 1423 992 1485 τοῦ
1014 1418 1142 1504 πατρὸς
1163 1420 1252 1486 ἴδιον
1275 1413 1336 1484 αύ-

109 1518 167 1586 τὸν
189 1515 283 1600 εἶναι,
308 1514 353 1598 ὥς
375 1517 540 1607 εἰρήκασιν
563 1520 595 1586 οἱ
617 1519 651 1587 ἓν
665 1522 705 1606 τῇ
722 1519 859 1606 συνόδῳ,
882 1520 1002 1600 ἐξέστω
1017 1519 1120 1587 πάλιν
1135 1516 1221 1604 ὑμᾶς
1235 1514 1330 1586 άκοῦ-

111 1641 171 1686 σαι
197 1619 253 1686 καὶ
280 1619 374 1704 παρὰ
399 1623 458 1686 τοῦ
488 1619 675 1708 φιλοπόνου
701 1615 893 1705 Ὠριγενούς.
939 1620 961 1687 ἃ
988 1622 1048 1705 μὲν
1075 1620 1136 1706 γὰρ
1160 1615 1205 1698 ὦς
1228 1619 1333 1708 ζητοῦν

26 1722 165 1790 ναυκκαλ
186 1719 356 1805 γυμνάζων
378 1720 511 1806 ἔγραψε,
533 1725 637 1788 ταῦτα
657 1720 702 1808 μὴ
718 1716 763 1798 ιῦς
778 1717 878 1787 αὐτοῦ
890 1726 1091 1810 φρονοῦντος
1102 1723 1252 1804 δεχέσθω
1267 1741 1336 1800 τις·

110 1813 213 1886 ’άλλὰ
238 1823 304 1887 τῶν
334 1819 421 1905 πρὸς
448 1822 515 1906 ἔριν
538 1821 812 1910 φιλονεικούντων
835 1821 868 1888 ἓν
889 1826 937 1908 τῷ
960 1822 1066 1909 ζητεῖν
1088 1816 1194 1902 άδεῶς
1217 1818 1337 1908 ὁρίζων

111 1914 345 2008 ἀποφαίνεται,
369 1924 486 1986 1’τοῦτο
507 1926 567 1988 τοῦ
589 1920 776 2009 φιλοπόνου
798 1922 837 1988 τό
860 1922 1012 2010 φρόνημά
1034 1923 1113 1990 ἔστι.
1151 1914 1237 2007 μετά
1256 1925 1335 2009 γοῦν

110 2019 153 2088 τά
174 2017 219 2101 ὡς
242 2021 275 2087 ἐν
296 2029 459 2110 γυμνασία
481 2023 638 2108 λεγόμενα
660 2021 746 2108 πρὸς
766 2021 844 2101 τοὺς
866 2023 1064 2109 αἱρετικούς,
1100 2018 1202 2103 εῦθύς
1234 2019 1337 2102 αῦτός

111 2119 265 2207 ἐπιφέρει
284 2120 327 2189 τά
347 2122 420 2189 ἰ’δια
441 2127 543 2209 λέγων
566 2121 757 2201 aguas-“el
780 2124 869 2190 ἔστιν
891 2114 1065 2191 ελκιόντοῦ
1087 2124 1171 2190 θεοῦ
1192 2125 1253 2190 τοῦ
1276 2118 1337 2191 αἰο·

110 2219 228 2308 ρότοο,
258 2217 400 2308 άόρατος
428 2223 539 2291 εἰκών·
569 2223 631 2309 ἐγώ
660 2225 696 2290 δὲ
724 2223 892 2308 τολμήσας
912 2230 1096 2312 προςθείην
1118 2224 1173 2305 ἄν,
1204 2220 1259 2292 ότι
1279 2223 1336 2291 καὶ

111 2316 267 2409 ὁμοιότης
295 2327 460 2408 τυγχάνων
488 2329 547 2391 τοῦ
575 2324 703 2410 πατρὸς
725 2320 783 2391 οῦκ
805 2325 895 2392 ἔστιν
917 2321 973 2392 ότε
995 2320 1052 2391 ούκ
1072 2314 1121 2412 ἧν.
1165 2323 1251 2393 πότε
1271 2324 1335 2413 γὰρ

112 2417 130 2487 ό
151 2421 234 2502 θεὸς
256 2420 274 2489 5
289 2424 372 2490 κατὰ
385 2425 444 2491 τὸν
456 2421 603 2513 Ἰωάννην
620 2429 693 2513 φιῦς
707 2425 889 2511 λεγόμενος,
908 2421 1024 2504 ὁθεός
1038 2424 1099 2513 γάρ
1114 2427 1189 2513 φιῦς
1203 2425 1334 2506 ἔστιν’),

110 2517 313 2610 ἀπαύγασμα
336 2521 393 2591 οῦκ
416 2522 559 2612 εἶχετῆς
582 2524 668 2604 ἰδίας
690 2526 802 2614 δόξης,
826 2528 883 2592 ἵνα
902 2526 1069 2615 τολμήσας
1089 2551 1142 2605 τις
1163 2521 1264 2614 άρχην
1285 2526 1334 2612 δῷ

111 2619 196 2690 εἶναι
216 2625 290 2691 υἱοῦ
311 2625 494 2712 ’πρότερον
516 2622 574 2692 οῦκ
596 2624 709 2708 όντος,·
742 2627 826 2694 πότε
848 2629 885 2694 δὲ
905 2623 925 2713 ἦ
947 2632 1005 2714 τῆς
1027 2624 1170 2716 άῤῥήτου
1183 2624 1241 2694 καὶ
1254 2618 1335 2694 οἰκα-

109 2725 315 2810 τονομάστου
337 2725 393 2793 καὶ
415 2722 604 2815 ἀφθέγκτου
627 2724 843 2806 ὑποστάσεως
864 2732 923 2794 τοῦ
945 2727 1073 2813 πατρὸς
1094 2725 1217 2807 ἐάων,
1241 2725 1261 2795 5
1273 2752 1336 2812 χα-

109 2826 268 2912 ρακτῆρ’),
292 2827 397 2913 λόγος,
422 2824 440 2893 5
461 2828 629 2914 γινώσκων
650 2828 708 2896 τὸν
730 2833 868 2914 πατέρα,
893 2824 950 2895 οῦκ
965 2819 1023 2916 ἧν,·
1057 2835 1258 2896 κατανοείτω
1271 2827 1344 2915 γάρ.

112 2923 129 2990 5
151 2929 281 3011 τολμῶν
303 2927 359 2993 καὶ
381 2931 498 3014 λέγων·
520 2919 559 3015 ἦν
582 2952 666 2996 ποτε
687 2925 743 2997 ότε
765 2924 823 2996 οῦκ
844 2919 883 3014 ἦν
906 2925 924 2994 5
946 2929 1026 3008 υλός,
1052 2925 1106 2994 ότι
1127 2927 1196 3013 δρεῖ
1217 2925 1335 2995 καὶτὸ

111 3036 216 3114 σοφία
237 3029 321 3094 ποτὲ
343 3023 400 3094 οῦκ
420 3020 468 3115 ἦν,
491 3029 547 3095 καὶ
568 3029 664 3113 λόγος
685 3025 744 3096 οῦκ
765 3018 813 3114 ἦν,
837 3033 890 3095 καλ
913 3029 977 3117 ζωὴ
1001 3019 1128 3118 οῦκ-ἦν.
1159 3029 1216 3096 καὶ
1231 3028 1334 3097 πάλιν

111 3126 144 3194 ἔν
167 3127 291 3212 ἑτέροις
312 3124 399 3195 ούτω
421 3131 522 3214 λέγει·
546 3125 614 3197 ἀλλ’
638 3125 675 3197 ού
698 3136 799 3214 θέμις
821 3129 910 3197 ἐστὶν
926 3127 1002 3196 οῦδὲ
1017 3124 1189 3197 άκύνδυνον
1205 3127 1263 3196 διὰ
1276 3129 1337 3218 τὴν

111 3221 289 3294 άσθίνειαν
315 3225 408 3314 ἡμῶν
436 3229 475 3296 τὸ
504 3227 583 3298 ὅσον
611 3225 662 3318 ἐφ’
685 3227 779 3319 ’ἡμῖν
801 3227 1070 3316 ἀποστερεῖσθαι
1089 3229 1148 3296 τόν
1169 3229 1254 3298 θεὸν
1274 3234 1334 3297 τοῦ

111 3323 164 3395 άεὶ
179 3327 334 3409 συνόντος
349 3326 438 3418 αύτῷ
454 3331 551 3418 λόγον
566 3335 771 3418 μονογενοῦς,
788 3338 911 3420 σοφίας
926 3329 1021 3410 όντος
1034 3320 1056 3418 ᾗ
1070 3333 1337 3418 προςέχαιρενῆ·

110 3426 197 3496 οὕτω
224 3429 285 3516 γάρ
308 3425 391 3499 οῦδὲ
407 3426 460 3500 άεὶ
479 3439 603 3520 χαίρων
625 3433 836 3520 νοηθήσεται.
882 3432 955 3499 ίδοὺ
977 3428 1072 3518 ἡμεῖς
1092 3432 1152 3516 μὲν
1175 3431 1210 3499 ἐκ
1231 3437 1338 3499 πατέ-

110 3556 176 3616 ρων
200 3531 247 3611 ελς
268 3537 415 3618 πατίρας
437 3535 666 3621 διαβεβηκέναι
686 3531 746 3618 τὴν
766 3532 921 3618 τοιαύτην
944 3532 1094 3599 διάνοιαν
1116 3526 1336 3599 ἀποδεικνύο-

108 3653 186 3715 μεν·
214 3628 309 3716 ὑμεῖς
331 3633 383 3714 δέ,
413 3624 440 3699 ὦ
463 3639 532 3701 νέοι
550 3629 705 3725 Ἰουδαῖοι
725 3636 780 3700 καλ
802 3637 861 3700 τοῦ
882 3633 1024 3721 Καιάφα
1043 3638 1212 3718 μαθηταί,
1241 3639 1340 3711 τίνας

73 3746 76 3751 “
111 3730 176 3818 ἄρα
202 3736 269 3800 τῶν
298 3733 452 3821 ῥημάτων
479 3731 570 3819 ὑμῶν
599 3734 686 3816 ε’χετε
707 3734 815 3812 δείξαι
836 3739 1000 3821 πατίραςς
1033 3728 1102 3799 ἀλλ’
1128 3727 1336 3800 οῦδένατιῦν

111 3829 282 3920 φρονίμων
303 3833 359 3901 καὶ
380 3838 495 3923 σοφῶν
518 3829 557 3902 όν
573 3835 716 3902 ε’ίποιτε·
738 3833 861 3912 πάντες
875 3833 936 3919 γάρ
950 3829 1036 3918 ὑμᾶς
1051 3828 1334 3921 άποστρέφονται,

110 3933 198 4018 πλὴν
218 3933 321 4018 μόνου
343 3939 402 4002 τοῦ
426 3935 599 4022 διαβόλου·
620 3933 723 4020 μόνος
736 3934 797 4022 γάρ
812 3929 889 4018 ύμῖν
901 3923 1066 4019 οῦτοςτῆς
1076 3934 1232 4021 τοιαύτης
1246 3929 1335 4001 άπο-

180 4122 408 4184 1Ηοευ.10,30.
495 4124 605 4185 2510211.
626 4123 666 4184 ¹4,
685 4123 725 4174 10.
811 4122 953 4184 3)1.Ιοιο.
976 4122 1041 4186 1,5.
1127 4121 1334 4184 4)nebr.1,3.

111 4189 136 4250 5)
154 4189 222 4240 Ρτοτ.
241 4189 266 4251 8,
285 4189 325 4240 30.

128 4339 165 4402 ,⁸¹
184 4324 255 4402 (ἐττει
273 4323 402 4386 legendum
421 4315 475 4372 ἀλλ’
496 4315 528 4381 ά,
549 4325 621 4390 idque
640 4339 693 4375 οιο-
746 4325 802 4404 Βρς.
820 4318 890 4390 μετὰ
906 4308 990 4390 γοῦν,
1017 4323 1057 4373 uhi
1081 4321 1122 4373 ιΙίΙ
1146 4330 1171 4373 εί
1188 4322 1246 4373 editi
1262 4313 1334 4388 μετὰ

110 4406 167 4441 nmo
186 4398 256 4452 ετιςιι
270 4405 366 4442 τουτον.
748 4406 804 4440 ουν.

141 4459 165 4508 b.
184 4459 225 4509 Sic
239 4458 297 4522 fleg.
331 4458 376 4509 Alii
394 4467 419 4510 ιι
435 4458 492 4509 editi
509 4450 616 4508 τούτου.
642 4457 694 4509 Mox
782 4474 802 4509 ε.
821 4453 898 4524 [Haec
920 4460 944 4509 in
963 4459 992 4508 iia
1011 4471 1072 4523 quae
1089 4456 1162 4509 hodie
1180 4461 1260 4508 ωῑιυῖ
1277 4453 1334 4505 θεί-
