2948 5092
452 255 618 301 ommonss
633 257 749 301 conam
762 256 899 301 tunsos.
1227 245 1286 308 ¹43

63 407 160 493 πόσης
178 401 362 494 Ἀρειανῆς
383 403 608 490 παρατάξεως.
638 406 692 470 καί
716 398 819 483 ε’ίτις
840 405 898 470 τὸν
919 406 1082 491 θεολόγον
1105 406 1371 494 Γρηγοριονυεα.

63 508 106 575 ναί
119 508 179 574 τὸν
193 513 300 575 θεῖον
314 505 495 573 Βασίλειον
510 503 545 573 tu
565 503 686 592 ταύτης
708 501 817 591 ὥςπερ
843 510 949 593 πηγῆς
965 501 1188 593 ἀρυσαμένους
1203 517 1286 597 φαίη
1312 514 1326 603 J

63 613 108 697 τῆς
135 609 262 694 βίβλου
291 606 371 686 τοὺς
398 606 517 685 καλοὺς
545 605 687 685 ἐκείνους
708 608 761 673 καὶ
786 607 921 686 urstisio
941 612 1007 674 τῶν
1031 609 1159 677 οἰκείων
1182 611 1287 696 λόγων
1372 673 1375 681 .

63 711 134 778 κατὰ
155 713 218 797 τῆς
241 708 372 796 πλάνης
393 709 509 795 ῥεῦσαι
530 706 712 793 ποταμούς,
736 703 794 774 οὐκ
809 703 849 775 ἂν
865 704 958 792 οἶμαι
976 712 1116 798 σφαλείη
1138 715 1197 778 τοῦ
1219 738 1288 778 πα·

62 814 285 898 nostrumne.
330 813 368 876 Iri
396 826 457 877 est:
500 812 583 874 Leoti
612 820 683 874 sunt
714 813 848 874 eiusdem
882 814 983 875 Sancti
1015 816 1187 894 (Athanasii)
1219 817 1287 880 libri

63 917 185 997 quinque
208 926 315 977 conua
336 915 438 976 Arium
462 923 491 976 et
512 913 577 975 eius
599 912 745 992 dogmata.
790 913 823 975 ln
846 914 894 976 his
917 926 949 976 ut
971 924 1001 977 et
1017 916 1046 977 in
1064 918 1202 980 omnihus
1224 920 1288 981 eius

64 1019 207 1098 Operibus
231 1017 322 1079 dictio
337 1016 430 1079 nitida
445 1024 502 1089 est,
524 1015 661 1096 simplex,
684 1034 740 1076 nec
753 1015 931 1078 redundans.
967 1017 1072 1080 horem
1087 1020 1135 1080 hle
1150 1039 1183 1080 se
1197 1038 1286 1099 prae-

62 1119 102 1181 het
121 1129 154 1182 et
168 1117 354 1198 profundum
370 1118 633 1195 vehementemque
648 1114 678 1177 in
694 1117 937 1194 argumentando,
960 1127 1097 1199 tantaque
1115 1122 1179 1182 eius
1195 1121 1286 1182 uber-

63 1233 97 1282 tas
117 1229 170 1282 est
198 1237 291 1299 quam
319 1227 350 1280 et
375 1217 557 1281 admirande.
598 1216 721 1298 logicis
748 1225 848 1281 autem
874 1219 1024 1281 methodis
1053 1221 1093 1282 ita
1116 1223 1225 1293 utitur,
1255 1232 1288 1285 ut

12 1356 14 1361 ·
63 1342 112 1384 non
134 1320 220 1383 nude
244 1337 301 1380 nee
321 1320 353 1380 in
375 1319 449 1400 ipsis
472 1316 595 1381 roorims
610 1326 755 1392 versetur,
779 1307 825 1380 uti
836 1320 921 1400 pueri
938 1332 968 1382 et
983 1322 1096 1383 tirones
1112 1322 1286 1385 adolescen-

62 1434 107 1498 tes,
129 1423 185 1503 qui
208 1421 291 1482 docti
312 1420 405 1482 videri
428 1420 558 1501 eupiunt,
582 1419 682 1481 solent
703 1438 799 1499 agere,
823 1419 877 1482 sed
898 1421 1105 1502 philosophice
1120 1431 1150 1483 et
1171 1425 1286 1502 magni-

62 1525 114 1598 ioe,
137 1523 279 1602 solisque
301 1521 460 1583 verborum
484 1521 641 1585 sententiis
662 1521 769 1602 hisque
791 1522 908 1584 diverse
928 1523 1073 1585 innititur.
1118 1523 1287 1603 Scripturas

63 1626 193 1687 similiter
215 1622 399 1686 testimoniis
422 1631 451 1684 et
471 1623 698 1703 probationihus
720 1624 891 1685 firmissime
907 1643 940 1686 se
955 1624 1125 1686 communit.
1155 1625 1287 1705 lienique

63 1727 128 1805 irlqtl
152 1726 244 1806 Opus
265 1724 409 1786 adversus
432 1724 601 1787 universam
622 1724 797 1787 Arianorum
820 1725 911 1786 aciem
934 1725 1032 1806 possit
1053 1726 1199 1788 sufficere.
1232 1727 1286 1788 Αι-

62 1847 106 1907 qoe
128 1827 158 1889 si
181 1826 254 1906 quis
277 1845 313 1887 ex
344 1845 380 1887 eo
409 1825 487 1888 lihro
516 1833 663 1904 tamquam
694 1844 730 1887 ex
752 1827 833 1887 lonte
855 1827 1038 1905 Theolognm
1061 1827 1235 1907 Gregorium
1258 1839 1288 1891 et

64 1929 185 1992 livinum
207 1927 353 1989 Basilium
382 1927 521 1990 hausisse
548 1928 655 1990 dixerit
681 1927 800 2009 pulcros
831 1928 898 1988 illos
922 1938 952 1988 et
974 1928 1143 2007 perlucidos
1167 1949 1286 1993 suarum

63 2039 155 2092 noua
175 2047 314 2091 errorem
338 2028 515 2091 orationum
537 2029 660 2103 tlurios,
689 2029 768 2091 hunc
795 2047 849 2108 ego
872 2047 933 2090 non
954 2040 1054 2110 putem
1077 2048 1093 2091 a
1116 2032 1177 2092 reri
1200 2032 1285 2092 simi-

64 2129 174 2193 litudine
194 2130 416 2193 aberraturum.
460 2128 543 2193 lines
564 2129 700 2195 Plotius.
