<?xml version="1.0" encoding="UTF-8"?>
<!DOCTYPE html PUBLIC "-//W3C//DTD XHTML 1.0 Transitional//EN"
    "http://www.w3.org/TR/xhtml1/DTD/xhtml1-transitional.dtd">
<html xmlns="http://www.w3.org/1999/xhtml" xml:lang="en" lang="en">
 <head>
  <title>
</title>
<meta http-equiv="Content-Type" content="text/html;charset=utf-8" />
  <meta name='ocr-system' content='tesseract 3.04.00' />
  <meta name='ocr-capabilities' content='ocr_page ocr_carea ocr_par ocr_line ocrx_word'/>
</head>
<body>
  <div class='ocr_page' id='page_1' title='image "./sanctiathanasii02athagoog_0306.png"; bbox 0 0 2948 5092; ppageno 0'>
   <div class='ocr_carea' id='block_1_1' title="bbox 484 186 1309 248">
    <p class='ocr_par' dir='ltr' id='par_1_1' title="bbox 484 186 1309 248">
     <span class='ocr_line' id='line_1_1' title="bbox 484 186 1309 248; baseline 0.008 -7"><span class='ocrx_word' id='word_1_1' title='bbox 484 195 593 241; x_wconf 76' lang='lat' dir='ltr'><strong><em>omaro</em></strong></span> <span class='ocrx_word' id='word_1_2' title='bbox 608 195 629 238; x_wconf 93' lang='grc' dir='ltr'><strong><em>ι.</em></strong></span> <span class='ocrx_word' id='word_1_3' title='bbox 645 190 760 240; x_wconf 78' lang='lat' dir='ltr'><strong><em>conum</em></strong></span> <span class='ocrx_word' id='word_1_4' title='bbox 774 195 909 241; x_wconf 82' lang='lat' dir='ltr'><strong><em>munos.</em></strong></span> <span class='ocrx_word' id='word_1_5' title='bbox 1247 186 1309 248; x_wconf 72' lang='lat' dir='ltr'><strong><em>td?</em></strong></span> 
     </span>
    </p>
   </div>
   <div class='ocr_carea' id='block_1_2' title="bbox 76 347 1397 1138">
    <p class='ocr_par' dir='ltr' id='par_1_2' title="bbox 76 347 1397 633">
     <span class='ocr_line' id='line_1_2' title="bbox 77 347 1397 431; baseline -0.002 -15"><span class='ocrx_word' id='word_1_6' title='bbox 77 363 175 423; x_wconf 74' lang='lat' dir='ltr'><strong><em>mat,</em></strong></span> <span class='ocrx_word' id='word_1_7' title='bbox 195 358 263 414; x_wconf 75' lang='lat' dir='ltr'><strong><em>‘m</em></strong></span> <span class='ocrx_word' id='word_1_8' title='bbox 284 352 428 431; x_wconf 70' lang='lat' dir='ltr'><strong><em>rapinam</em></strong></span> <span class='ocrx_word' id='word_1_9' title='bbox 448 348 620 411; x_wconf 77' lang='lat' dir='ltr'><strong><em>arbitratae</em></strong></span> <span class='ocrx_word' id='word_1_10' title='bbox 643 357 688 409; x_wconf 86' lang='lat' dir='ltr'><strong><em>eat</em></strong></span> <span class='ocrx_word' id='word_1_11' title='bbox 709 365 773 410; x_wconf 80' lang='lat' dir='ltr'><strong><em>aare</em></strong></span> <span class='ocrx_word' id='word_1_12' title='bbox 794 366 826 408; x_wconf 85' lang='lat' dir='ltr'><strong><em>aa</em></strong></span> <span class='ocrx_word' id='word_1_13' title='bbox 849 347 1004 430; x_wconf 81' lang='lat' dir='ltr'><strong><em>aequalem</em></strong></span> <span class='ocrx_word' id='word_1_14' title='bbox 1025 347 1105 421; x_wconf 80' lang='lat' dir='ltr'><strong><em>ileo,</em></strong></span> <span class='ocrx_word' id='word_1_15' title='bbox 1129 350 1180 412; x_wconf 85' lang='lat' dir='ltr'><strong><em>aed</em></strong></span> <span class='ocrx_word' id='word_1_16' title='bbox 1201 359 1397 414; x_wconf 70' lang='lat' dir='ltr'><strong><em>armet-1²·e2</em></strong></span> 
     </span>
     <span class='ocr_line' id='line_1_3' title="bbox 76 448 1310 533; baseline -0.002 -17"><span class='ocrx_word' id='word_1_17' title='bbox 76 459 182 533; x_wconf 73' lang='lat' dir='ltr'><strong><em>ipsane</em></strong></span> <span class='ocrx_word' id='word_1_18' title='bbox 201 454 382 520; x_wconf 68' lang='lat' dir='ltr'><strong><em>wimnioit.</em></strong></span> <span class='ocrx_word' id='word_1_19' title='bbox 402 451 506 530; x_wconf 81' lang='lat' dir='ltr'><strong><em>sorana</em></strong></span> <span class='ocrx_word' id='word_1_20' title='bbox 527 452 613 511; x_wconf 79' lang='lat' dir='ltr'><strong><em>acroi</em></strong></span> <span class='ocrx_word' id='word_1_21' title='bbox 632 460 768 528; x_wconf 85' lang='lat' dir='ltr'><strong><em>accepta,·</em></strong></span> <span class='ocrx_word' id='word_1_22' title='bbox 789 449 829 509; x_wconf 91' lang='lat' dir='ltr'><strong><em>ita</em></strong></span> <span class='ocrx_word' id='word_1_23' title='bbox 844 448 934 510; x_wconf 83' lang='lat' dir='ltr'><strong><em>David</em></strong></span> <span class='ocrx_word' id='word_1_24' title='bbox 950 449 1106 511; x_wconf 85' lang='lat' dir='ltr'><strong><em>bominum</em></strong></span> <span class='ocrx_word' id='word_1_25' title='bbox 1127 451 1243 530; x_wconf 78' lang='lat' dir='ltr'><strong>hymnis</strong></span> <span class='ocrx_word' id='word_1_26' title='bbox 1258 471 1310 515; x_wconf 89' lang='lat' dir='ltr'><strong><em>ce-</em></strong></span> 
     </span>
     <span class='ocr_line' id='line_1_4' title="bbox 76 549 1310 633; baseline 0.001 -18"><span class='ocrx_word' id='word_1_27' title='bbox 76 554 186 626; x_wconf 76' lang='lat' dir='ltr'><strong><em>lebret,</em></strong></span> <span class='ocrx_word' id='word_1_28' title='bbox 207 560 242 614; x_wconf 88' lang='lat' dir='ltr'><strong><em>ut</em></strong></span> <span class='ocrx_word' id='word_1_29' title='bbox 263 561 415 614; x_wconf 82' lang='lat' dir='ltr'><strong><em>aeternum</em></strong></span> <span class='ocrx_word' id='word_1_30' title='bbox 437 549 530 612; x_wconf 86' lang='lat' dir='ltr'><strong><em>ileum</em></strong></span> <span class='ocrx_word' id='word_1_31' title='bbox 552 557 583 610; x_wconf 91' lang='lat' dir='ltr'><strong><em>et</em></strong></span> <span class='ocrx_word' id='word_1_32' title='bbox 604 566 715 628; x_wconf 81' lang='lat' dir='ltr'><strong><em>regem,</em></strong></span> <span class='ocrx_word' id='word_1_33' title='bbox 737 550 787 628; x_wconf 92' lang='lat' dir='ltr'><strong><em>qui</em></strong></span> <span class='ocrx_word' id='word_1_34' title='bbox 809 550 845 611; x_wconf 89' lang='lat' dir='ltr'><strong><em>ad</em></strong></span> <span class='ocrx_word' id='word_1_35' title='bbox 868 569 925 611; x_wconf 91' lang='lat' dir='ltr'><strong><em>nos</em></strong></span> <span class='ocrx_word' id='word_1_36' title='bbox 948 551 1059 613; x_wconf 89' lang='lat' dir='ltr'><strong><em>missus</em></strong></span> <span class='ocrx_word' id='word_1_37' title='bbox 1075 559 1310 633; x_wconf 22' lang='lat' dir='ltr'><strong><em>nostrumlmor-</em></strong></span> 
     </span>
    </p>

    <p class='ocr_par' dir='ltr' id='par_1_3' title="bbox 76 649 1313 938">
     <span class='ocr_line' id='line_1_5' title="bbox 76 649 1313 735; baseline 0.003 -19"><span class='ocrx_word' id='word_1_38' title='bbox 76 654 137 717; x_wconf 73' lang='lat' dir='ltr'><strong><em>tale</em></strong></span> <span class='ocrx_word' id='word_1_39' title='bbox 157 652 257 715; x_wconf 89' lang='lat' dir='ltr'><strong><em>induit</em></strong></span> <span class='ocrx_word' id='word_1_40' title='bbox 277 670 396 731; x_wconf 86' lang='lat' dir='ltr'><strong><em>eorpus.</em></strong></span> <span class='ocrx_word' id='word_1_41' title='bbox 439 650 473 712; x_wconf 93' lang='lat' dir='ltr'><strong><em>ld</em></strong></span> <span class='ocrx_word' id='word_1_42' title='bbox 496 649 574 712; x_wconf 91' lang='lat' dir='ltr'><strong><em>enim</em></strong></span> <span class='ocrx_word' id='word_1_43' title='bbox 597 649 741 728; x_wconf 79' lang='lat' dir='ltr'><strong><em>significat</em></strong></span> <span class='ocrx_word' id='word_1_44' title='bbox 762 651 843 713; x_wconf 94' lang='lat' dir='ltr'><strong><em>bisce</em></strong></span> <span class='ocrx_word' id='word_1_45' title='bbox 865 651 972 714; x_wconf 82' lang='lat' dir='ltr'>Psalmi</span> <span class='ocrx_word' id='word_1_46' title='bbox 995 652 1108 714; x_wconf 85' lang='lat' dir='ltr'><strong><em>verbis:</em></strong></span> <span class='ocrx_word' id='word_1_47' title='bbox 1131 655 1262 735; x_wconf 74' lang='lat' dir='ltr'><strong><em>Myrrha</em></strong></span> <span class='ocrx_word' id='word_1_48' title='bbox 1283 665 1313 720; x_wconf 88' lang='lat' dir='ltr'><strong><em>et</em></strong></span> 
     </span>
     <span class='ocr_line' id='line_1_6' title="bbox 76 752 1311 835; baseline 0.002 -18"><span class='ocrx_word' id='word_1_49' title='bbox 76 766 167 835; x_wconf 80' lang='lat' dir='ltr'><strong><em>qratta</em></strong></span> <span class='ocrx_word' id='word_1_50' title='bbox 189 765 219 817; x_wconf 85' lang='lat' dir='ltr'><strong><em>at</em></strong></span> <span class='ocrx_word' id='word_1_51' title='bbox 242 759 325 817; x_wconf 82' lang='lat' dir='ltr'><strong><em>raaia</em></strong></span> <span class='ocrx_word' id='word_1_52' title='bbox 346 770 366 815; x_wconf 87' lang='lat' dir='ltr'><strong><em>a</em></strong></span> <span class='ocrx_word' id='word_1_53' title='bbox 386 755 574 815; x_wconf 70' lang='lat' dir='ltr'><strong><em>continentia</em></strong></span> <span class='ocrx_word' id='word_1_54' title='bbox 597 755 666 825; x_wconf 83' lang='lat' dir='ltr'><strong><em>tois,</em></strong></span> <span class='ocrx_word' id='word_1_55' title='bbox 690 752 770 831; x_wconf 90' lang='lat' dir='ltr'><strong><em>quod</em></strong></span> <span class='ocrx_word' id='word_1_56' title='bbox 793 753 871 814; x_wconf 92' lang='lat' dir='ltr'><strong><em>idem</em></strong></span> <span class='ocrx_word' id='word_1_57' title='bbox 895 756 1071 817; x_wconf 83' lang='lat' dir='ltr'><strong><em>confirmant</em></strong></span> <span class='ocrx_word' id='word_1_58' title='bbox 1093 774 1158 818; x_wconf 89' lang='lat' dir='ltr'><strong><em>cum</em></strong></span> <span class='ocrx_word' id='word_1_59' title='bbox 1181 756 1311 820; x_wconf 86' lang='lat' dir='ltr'><strong><em>Nicode-</em></strong></span> 
     </span>
     <span class='ocr_line' id='line_1_7' title="bbox 77 850 1312 938; baseline 0.002 -20"><span class='ocrx_word' id='word_1_60' title='bbox 77 875 148 918; x_wconf 85' lang='lat' dir='ltr'><strong><em>mus</em></strong></span> <span class='ocrx_word' id='word_1_61' title='bbox 168 866 235 918; x_wconf 78' lang='lat' dir='ltr'><strong><em>term</em></strong></span> <span class='ocrx_word' id='word_1_62' title='bbox 258 854 349 917; x_wconf 77' lang='lat' dir='ltr'><strong><em>bieria</em></strong></span> <span class='ocrx_word' id='word_1_63' title='bbox 371 853 528 933; x_wconf 76' lang='lat' dir='ltr'>sociaeque</span> <span class='ocrx_word' id='word_1_64' title='bbox 550 853 626 922; x_wconf 85' lang='lat' dir='ltr'><strong><em>eius.</em></strong></span> <span class='ocrx_word' id='word_1_65' title='bbox 648 853 697 915; x_wconf 93' lang='lat' dir='ltr'><strong><em>bic</em></strong></span> <span class='ocrx_word' id='word_1_66' title='bbox 718 873 784 915; x_wconf 88' lang='lat' dir='ltr'><strong><em>aum</em></strong></span> <span class='ocrx_word' id='word_1_67' title='bbox 807 850 887 918; x_wconf 83' lang='lat' dir='ltr'><strong><em>oeait</em></strong></span> <span class='ocrx_word' id='word_1_68' title='bbox 903 858 1009 937; x_wconf 79' lang='lat' dir='ltr'><strong><em>serena</em></strong></span> <span class='ocrx_word' id='word_1_69' title='bbox 1024 863 1191 920; x_wconf 66' lang='lat' dir='ltr'><strong><em>austeram</em></strong></span> <span class='ocrx_word' id='word_1_70' title='bbox 1205 875 1312 938; x_wconf 76' lang='lat' dir='ltr'><strong><em>myrr-</em></strong></span> 
     </span>
    </p>

    <p class='ocr_par' dir='ltr' id='par_1_4' title="bbox 77 954 1313 1138">
     <span class='ocr_line' id='line_1_8' title="bbox 77 954 1313 1040; baseline -0.001 -20"><span class='ocrx_word' id='word_1_71' title='bbox 77 958 136 1020; x_wconf 78' lang='lat' dir='ltr'><strong><em>tae</em></strong></span> <span class='ocrx_word' id='word_1_72' title='bbox 157 957 286 1020; x_wconf 70' lang='lat' dir='ltr'><strong><em>ateleto</em></strong></span> <span class='ocrx_word' id='word_1_73' title='bbox 307 955 403 1019; x_wconf 82' lang='lat' dir='ltr'><strong><em>libras</em></strong></span> <span class='ocrx_word' id='word_1_74' title='bbox 428 966 553 1028; x_wconf 82' lang='lat' dir='ltr'><strong><em>centum,</em></strong></span> <span class='ocrx_word' id='word_1_75' title='bbox 576 954 643 1016; x_wconf 91' lang='lat' dir='ltr'><strong><em>illae</em></strong></span> <span class='ocrx_word' id='word_1_76' title='bbox 664 968 804 1020; x_wconf 75' lang='lat' dir='ltr'><strong><em>aromata</em></strong></span> <span class='ocrx_word' id='word_1_77' title='bbox 821 969 993 1037; x_wconf 81' lang='lat' dir='ltr'><strong><em>portantes,</em></strong></span> <span class='ocrx_word' id='word_1_78' title='bbox 1019 978 1095 1040; x_wconf 76' lang='lat' dir='ltr'><strong><em>qaae</em></strong></span> <span class='ocrx_word' id='word_1_79' title='bbox 1115 959 1151 1020; x_wconf 88' lang='lat' dir='ltr'><strong><em>ad</em></strong></span> <span class='ocrx_word' id='word_1_80' title='bbox 1174 957 1313 1039; x_wconf 81' lang='lat' dir='ltr'><strong><em>sepultu-</em></strong></span> 
     </span>
     <span class='ocr_line' id='line_1_9' title="bbox 77 1055 742 1138; baseline -0.003 -18"><span class='ocrx_word' id='word_1_81' title='bbox 77 1077 143 1120; x_wconf 81' lang='lat' dir='ltr'><strong><em>ram</em></strong></span> <span class='ocrx_word' id='word_1_82' title='bbox 164 1057 307 1138; x_wconf 85' lang='lat' dir='ltr'><strong><em>corporis</em></strong></span> <span class='ocrx_word' id='word_1_83' title='bbox 328 1055 447 1118; x_wconf 86' lang='lat' dir='ltr'><strong><em>llomini</em></strong></span> <span class='ocrx_word' id='word_1_84' title='bbox 464 1068 742 1138; x_wconf 82' lang='lat' dir='ltr'><strong><em>praeparaverant.</em></strong></span> 
     </span>
    </p>
   </div>
   <div class='ocr_carea' id='block_1_3' title="bbox 77 1343 1397 3558">
    <p class='ocr_par' dir='ltr' id='par_1_5' title="bbox 77 1343 1397 3558">
     <span class='ocr_line' id='line_1_10' title="bbox 163 1343 1310 1423; baseline -0.002 -15"><span class='ocrx_word' id='word_1_85' title='bbox 163 1346 216 1410; x_wconf 77' lang='lat'><strong><em>48.</em></strong></span> <span class='ocrx_word' id='word_1_86' title='bbox 263 1343 358 1418; x_wconf 82' lang='lat' dir='ltr'><strong><em>Quale</em></strong></span> <span class='ocrx_word' id='word_1_87' title='bbox 386 1361 457 1423; x_wconf 78' lang='lat' dir='ltr'><strong><em>ergo</em></strong></span> <span class='ocrx_word' id='word_1_88' title='bbox 486 1343 701 1405; x_wconf 89' lang='lat' dir='ltr'><strong><em>incrementum</em></strong></span> <span class='ocrx_word' id='word_1_89' title='bbox 724 1343 882 1406; x_wconf 81' lang='lat' dir='ltr'><strong>immortali</strong></span> <span class='ocrx_word' id='word_1_90' title='bbox 905 1345 1029 1406; x_wconf 76' lang='lat' dir='ltr'><strong><em>mortale</em></strong></span> <span class='ocrx_word' id='word_1_91' title='bbox 1051 1345 1245 1421; x_wconf 69' lang='lat' dir='ltr'><strong><em>assumenti„</em></strong></span> <span class='ocrx_word' id='word_1_92' title='bbox 1265 1344 1310 1408; x_wconf 84' lang='lat' dir='ltr'><strong><em>rel</em></strong></span> 
     </span>
     <span class='ocr_line' id='line_1_11' title="bbox 78 1444 1310 1526; baseline 0.002 -19"><span class='ocrx_word' id='word_1_93' title='bbox 78 1465 156 1526; x_wconf 90' lang='lat' dir='ltr'><strong><em>quae</em></strong></span> <span class='ocrx_word' id='word_1_94' title='bbox 178 1445 304 1507; x_wconf 89' lang='lat' dir='ltr'><strong><em>mutatio</em></strong></span> <span class='ocrx_word' id='word_1_95' title='bbox 327 1445 356 1506; x_wconf 95' lang='lat' dir='ltr'><strong><em>in</em></strong></span> <span class='ocrx_word' id='word_1_96' title='bbox 380 1444 483 1507; x_wconf 91' lang='lat' dir='ltr'><strong><em>melius</em></strong></span> <span class='ocrx_word' id='word_1_97' title='bbox 506 1453 627 1506; x_wconf 90' lang='lat' dir='ltr'><strong><em>aeterno</em></strong></span> <span class='ocrx_word' id='word_1_98' title='bbox 644 1446 804 1526; x_wconf 79' lang='lat' dir='ltr'><strong>temporale</strong></span> <span class='ocrx_word' id='word_1_99' title='bbox 820 1445 953 1508; x_wconf 82' lang='lat' dir='ltr'>induenti</span> <span class='ocrx_word' id='word_1_100' title='bbox 972 1446 1120 1508; x_wconf 84' lang='lat' dir='ltr'><strong><em>accessit?</em></strong></span> <span class='ocrx_word' id='word_1_101' title='bbox 1157 1447 1310 1521; x_wconf 82' lang='lat' dir='ltr'><strong><em>Quaenam</em></strong></span> 
     </span>
     <span class='ocr_line' id='line_1_12' title="bbox 78 1546 1309 1628; baseline 0.004 -22"><span class='ocrx_word' id='word_1_102' title='bbox 78 1547 151 1608; x_wconf 90' lang='lat' dir='ltr'><strong><em>item</em></strong></span> <span class='ocrx_word' id='word_1_103' title='bbox 174 1546 273 1608; x_wconf 90' lang='lat' dir='ltr'><strong><em>maior</em></strong></span> <span class='ocrx_word' id='word_1_104' title='bbox 294 1565 408 1609; x_wconf 90' lang='lat' dir='ltr'><strong><em>merces</em></strong></span> <span class='ocrx_word' id='word_1_105' title='bbox 430 1546 492 1607; x_wconf 86' lang='lat' dir='ltr'><strong><em>ileo</em></strong></span> <span class='ocrx_word' id='word_1_106' title='bbox 515 1554 637 1608; x_wconf 90' lang='lat' dir='ltr'><strong><em>aeterno</em></strong></span> <span class='ocrx_word' id='word_1_107' title='bbox 660 1556 690 1608; x_wconf 91' lang='lat' dir='ltr'><strong><em>et</em></strong></span> <span class='ocrx_word' id='word_1_108' title='bbox 713 1548 788 1628; x_wconf 77' lang='lat' dir='ltr'><strong><em>regi,</em></strong></span> <span class='ocrx_word' id='word_1_109' title='bbox 812 1548 861 1627; x_wconf 93' lang='lat' dir='ltr'><strong><em>qui</em></strong></span> <span class='ocrx_word' id='word_1_110' title='bbox 884 1548 914 1609; x_wconf 96' lang='lat' dir='ltr'><strong><em>in</em></strong></span> <span class='ocrx_word' id='word_1_111' title='bbox 939 1549 1006 1610; x_wconf 92' lang='lat' dir='ltr'><strong><em>sinu</em></strong></span> <span class='ocrx_word' id='word_1_112' title='bbox 1027 1549 1123 1610; x_wconf 89' lang='lat' dir='ltr'><strong><em>Patris</em></strong></span> <span class='ocrx_word' id='word_1_113' title='bbox 1147 1557 1209 1622; x_wconf 90' lang='lat' dir='ltr'><strong><em>est,</em></strong></span> <span class='ocrx_word' id='word_1_114' title='bbox 1234 1567 1309 1611; x_wconf 89' lang='lat' dir='ltr'><strong><em>eon-</em></strong></span> 
     </span>
     <span class='ocr_line' id='line_1_13' title="bbox 78 1646 1311 1731; baseline 0.002 -22"><span class='ocrx_word' id='word_1_115' title='bbox 78 1648 196 1727; x_wconf 72' lang='lat' dir='ltr'><strong><em>tingere</em></strong></span> <span class='ocrx_word' id='word_1_116' title='bbox 219 1646 333 1728; x_wconf 80' lang='lat' dir='ltr'><strong><em>queat?</em></strong></span> <span class='ocrx_word' id='word_1_117' title='bbox 375 1648 419 1709; x_wconf 83' lang='lat' dir='ltr'><strong><em>dn</em></strong></span> <span class='ocrx_word' id='word_1_118' title='bbox 441 1666 502 1708; x_wconf 91' lang='lat' dir='ltr'><strong><em>non</em></strong></span> <span class='ocrx_word' id='word_1_119' title='bbox 524 1648 711 1728; x_wconf 88' lang='lat' dir='ltr'><strong><em>perspicitis,</em></strong></span> <span class='ocrx_word' id='word_1_120' title='bbox 740 1650 818 1711; x_wconf 86' lang='lat' dir='ltr'><strong><em>istud</em></strong></span> <span class='ocrx_word' id='word_1_121' title='bbox 841 1670 959 1730; x_wconf 92' lang='lat' dir='ltr'><strong><em>quoque</em></strong></span> <span class='ocrx_word' id='word_1_122' title='bbox 981 1658 1103 1730; x_wconf 87' lang='lat' dir='ltr'><strong><em>propter</em></strong></span> <span class='ocrx_word' id='word_1_123' title='bbox 1125 1669 1181 1711; x_wconf 91' lang='lat' dir='ltr'><strong><em>nos</em></strong></span> <span class='ocrx_word' id='word_1_124' title='bbox 1204 1658 1234 1711; x_wconf 89' lang='lat' dir='ltr'><strong><em>et</em></strong></span> <span class='ocrx_word' id='word_1_125' title='bbox 1253 1667 1311 1731; x_wconf 93' lang='lat' dir='ltr'><strong><em>pro</em></strong></span> 
     </span>
     <span class='ocr_line' id='line_1_14' title="bbox 78 1748 1311 1831; baseline 0.005 -23"><span class='ocrx_word' id='word_1_126' title='bbox 78 1748 170 1809; x_wconf 85' lang='lat' dir='ltr'><strong><em>nobis</em></strong></span> <span class='ocrx_word' id='word_1_127' title='bbox 192 1750 303 1811; x_wconf 87' lang='lat' dir='ltr'><strong><em>lactum</em></strong></span> <span class='ocrx_word' id='word_1_128' title='bbox 327 1750 530 1830; x_wconf 90' lang='lat' dir='ltr'><strong><em>scriptumque</em></strong></span> <span class='ocrx_word' id='word_1_129' title='bbox 559 1769 643 1822; x_wconf 91' lang='lat' dir='ltr'><strong><em>esse,</em></strong></span> <span class='ocrx_word' id='word_1_130' title='bbox 678 1758 710 1812; x_wconf 90' lang='lat' dir='ltr'><strong><em>ut</em></strong></span> <span class='ocrx_word' id='word_1_131' title='bbox 741 1751 830 1813; x_wconf 91' lang='lat' dir='ltr'><strong><em>bomo</em></strong></span> <span class='ocrx_word' id='word_1_132' title='bbox 858 1752 953 1813; x_wconf 86' lang='lat' dir='ltr'><strong><em>lactus</em></strong></span> <span class='ocrx_word' id='word_1_133' title='bbox 981 1751 1126 1813; x_wconf 85' lang='lat' dir='ltr'>Dominus</span> <span class='ocrx_word' id='word_1_134' title='bbox 1156 1770 1229 1824; x_wconf 89' lang='lat' dir='ltr'><strong><em>nos,</em></strong></span> <span class='ocrx_word' id='word_1_135' title='bbox 1259 1750 1311 1831; x_wconf 91' lang='lat' dir='ltr'><strong><em>qui</em></strong></span> 
     </span>
     <span class='ocr_line' id='line_1_15' title="bbox 78 1849 1312 1932; baseline 0.004 -22"><span class='ocrx_word' id='word_1_136' title='bbox 78 1849 224 1911; x_wconf 79' lang='lat' dir='ltr'><strong><em>mortales</em></strong></span> <span class='ocrx_word' id='word_1_137' title='bbox 247 1857 277 1911; x_wconf 89' lang='lat' dir='ltr'><strong><em>et</em></strong></span> <span class='ocrx_word' id='word_1_138' title='bbox 300 1851 477 1930; x_wconf 79' lang='lat' dir='ltr'><strong><em>temporales</em></strong></span> <span class='ocrx_word' id='word_1_139' title='bbox 500 1870 613 1919; x_wconf 83' lang='lat' dir='ltr'><strong><em>sumus.</em></strong></span> <span class='ocrx_word' id='word_1_140' title='bbox 637 1851 817 1914; x_wconf 90' lang='lat' dir='ltr'><strong><em>immortales</em></strong></span> <span class='ocrx_word' id='word_1_141' title='bbox 840 1853 978 1914; x_wconf 89' lang='lat' dir='ltr'><strong><em>redderet</em></strong></span> <span class='ocrx_word' id='word_1_142' title='bbox 999 1862 1086 1932; x_wconf 88' lang='lat' dir='ltr'><strong><em>atque</em></strong></span> <span class='ocrx_word' id='word_1_143' title='bbox 1108 1853 1138 1913; x_wconf 95' lang='lat' dir='ltr'><strong><em>in</em></strong></span> <span class='ocrx_word' id='word_1_144' title='bbox 1157 1862 1312 1915; x_wconf 89' lang='lat' dir='ltr'><strong><em>aeternum</em></strong></span> 
     </span>
     <span class='ocr_line' id='line_1_16' title="bbox 78 1951 1309 2033; baseline 0.002 -21"><span class='ocrx_word' id='word_1_145' title='bbox 78 1951 231 2012; x_wconf 77' lang='lat' dir='ltr'><strong><em>caelorum</em></strong></span> <span class='ocrx_word' id='word_1_146' title='bbox 253 1970 377 2031; x_wconf 79' lang='lat' dir='ltr'><strong><em>regnum</em></strong></span> <span class='ocrx_word' id='word_1_147' title='bbox 400 1951 626 2014; x_wconf 80' lang='lat' dir='ltr'><strong><em>introduceret?</em></strong></span> <span class='ocrx_word' id='word_1_148' title='bbox 668 1955 711 2014; x_wconf 78' lang='lat' dir='ltr'><strong><em>dn</em></strong></span> <span class='ocrx_word' id='word_1_149' title='bbox 734 1974 794 2015; x_wconf 91' lang='lat' dir='ltr'><strong><em>non</em></strong></span> <span class='ocrx_word' id='word_1_150' title='bbox 817 1954 1009 2028; x_wconf 77' lang='lat' dir='ltr'><strong><em>erubescitis,</em></strong></span> <span class='ocrx_word' id='word_1_151' title='bbox 1041 1955 1091 2033; x_wconf 94' lang='lat' dir='ltr'><strong><em>qui</em></strong></span> <span class='ocrx_word' id='word_1_152' title='bbox 1121 1954 1236 2016; x_wconf 83' lang='lat' dir='ltr'><strong><em>divinas</em></strong></span> <span class='ocrx_word' id='word_1_153' title='bbox 1258 1953 1309 2015; x_wconf 89' lang='lat' dir='ltr'><strong><em>lit-</em></strong></span> 
     </span>
     <span class='ocr_line' id='line_1_17' title="bbox 77 2052 1310 2135; baseline 0.002 -23"><span class='ocrx_word' id='word_1_154' title='bbox 77 2060 161 2114; x_wconf 81' lang='lat' dir='ltr'><strong><em>teras</em></strong></span> <span class='ocrx_word' id='word_1_155' title='bbox 184 2052 302 2114; x_wconf 88' lang='lat' dir='ltr'><strong><em>audetis</em></strong></span> <span class='ocrx_word' id='word_1_156' title='bbox 324 2053 395 2114; x_wconf 88' lang='lat' dir='ltr'><strong><em>ialsa</em></strong></span> <span class='ocrx_word' id='word_1_157' title='bbox 418 2052 581 2115; x_wconf 78' lang='lat' dir='ltr'><strong><em>adulterare</em></strong></span> <span class='ocrx_word' id='word_1_158' title='bbox 604 2054 870 2135; x_wconf 79' lang='lat' dir='ltr'><strong><em>interpretatione?</em></strong></span> <span class='ocrx_word' id='word_1_159' title='bbox 906 2055 1064 2117; x_wconf 86' lang='lat' dir='ltr'><strong><em>Enimvero</em></strong></span> <span class='ocrx_word' id='word_1_160' title='bbox 1083 2063 1240 2134; x_wconf 87' lang='lat' dir='ltr'><strong><em>postquam</em></strong></span> <span class='ocrx_word' id='word_1_161' title='bbox 1256 2054 1310 2116; x_wconf 89' lang='lat' dir='ltr'><strong><em>ad-</em></strong></span> 
     </span>
     <span class='ocr_line' id='line_1_18' title="bbox 77 2153 1311 2237; baseline 0.004 -24"><span class='ocrx_word' id='word_1_162' title='bbox 77 2155 162 2214; x_wconf 76' lang='lat' dir='ltr'><strong><em>venit</em></strong></span> <span class='ocrx_word' id='word_1_163' title='bbox 184 2153 330 2215; x_wconf 85' lang='lat' dir='ltr'><strong><em>Dominus</em></strong></span> <span class='ocrx_word' id='word_1_164' title='bbox 352 2164 456 2216; x_wconf 87' lang='lat' dir='ltr'><strong><em>noster</em></strong></span> <span class='ocrx_word' id='word_1_165' title='bbox 479 2155 561 2216; x_wconf 88' lang='lat' dir='ltr'><strong><em>lesus</em></strong></span> <span class='ocrx_word' id='word_1_166' title='bbox 591 2155 743 2231; x_wconf 81' lang='lat' dir='ltr'><strong><em>Christus,</em></strong></span> <span class='ocrx_word' id='word_1_167' title='bbox 773 2176 829 2218; x_wconf 91' lang='lat' dir='ltr'><strong><em>nos</em></strong></span> <span class='ocrx_word' id='word_1_168' title='bbox 859 2158 979 2237; x_wconf 88' lang='lat' dir='ltr'><strong><em>quideni</em></strong></span> <span class='ocrx_word' id='word_1_169' title='bbox 1007 2177 1023 2218; x_wconf 91' lang='lat' dir='ltr'><strong><em>a</em></strong></span> <span class='ocrx_word' id='word_1_170' title='bbox 1053 2167 1173 2236; x_wconf 84' lang='lat' dir='ltr'><strong><em>peccato</em></strong></span> <span class='ocrx_word' id='word_1_171' title='bbox 1196 2154 1311 2218; x_wconf 82' lang='lat' dir='ltr'><strong><em>liberati</em></strong></span> 
     </span>
     <span class='ocr_line' id='line_1_19' title="bbox 77 2255 1312 2338; baseline 0.002 -23"><span class='ocrx_word' id='word_1_172' title='bbox 77 2255 221 2318; x_wconf 86' lang='lat' dir='ltr'><strong><em>meliores</em></strong></span> <span class='ocrx_word' id='word_1_173' title='bbox 245 2257 342 2318; x_wconf 79' lang='lat' dir='ltr'><strong><em>effecti</em></strong></span> <span class='ocrx_word' id='word_1_174' title='bbox 364 2256 491 2330; x_wconf 85' lang='lat' dir='ltr'><strong><em>luimus,</em></strong></span> <span class='ocrx_word' id='word_1_175' title='bbox 514 2258 578 2337; x_wconf 91' lang='lat' dir='ltr'><strong><em>ipse</em></strong></span> <span class='ocrx_word' id='word_1_176' title='bbox 601 2267 697 2320; x_wconf 90' lang='lat' dir='ltr'><strong><em>aulem</em></strong></span> <span class='ocrx_word' id='word_1_177' title='bbox 721 2260 797 2321; x_wconf 89' lang='lat' dir='ltr'><strong><em>idem</em></strong></span> <span class='ocrx_word' id='word_1_178' title='bbox 822 2260 944 2321; x_wconf 93' lang='lat' dir='ltr'><strong><em>omnino</em></strong></span> <span class='ocrx_word' id='word_1_179' title='bbox 968 2268 1028 2332; x_wconf 87' lang='lat' dir='ltr'><strong><em>est,</em></strong></span> <span class='ocrx_word' id='word_1_180' title='bbox 1053 2279 1108 2321; x_wconf 92' lang='lat' dir='ltr'><strong><em>nea</em></strong></span> <span class='ocrx_word' id='word_1_181' title='bbox 1130 2259 1198 2338; x_wconf 89' lang='lat' dir='ltr'><strong><em>quia</em></strong></span> <span class='ocrx_word' id='word_1_182' title='bbox 1220 2259 1312 2319; x_wconf 91' lang='lat' dir='ltr'><strong><em>bomo</em></strong></span> 
     </span>
     <span class='ocr_line' id='line_1_20' title="bbox 78 2358 1312 2438; baseline 0.002 -22"><span class='ocrx_word' id='word_1_183' title='bbox 78 2365 126 2417; x_wconf 85' lang='lat' dir='ltr'><strong><em>est</em></strong></span> <span class='ocrx_word' id='word_1_184' title='bbox 148 2358 243 2417; x_wconf 81' lang='lat' dir='ltr'><strong><em>iaetus</em></strong></span> <span class='ocrx_word' id='word_1_185' title='bbox 266 2359 346 2431; x_wconf 82' lang='lat' dir='ltr'><strong><em>(nom</em></strong></span> <span class='ocrx_word' id='word_1_186' title='bbox 371 2358 447 2419; x_wconf 89' lang='lat' dir='ltr'><strong><em>idem</em></strong></span> <span class='ocrx_word' id='word_1_187' title='bbox 469 2360 663 2438; x_wconf 87' lang='lat' dir='ltr'><strong><em>repetendum</em></strong></span> <span class='ocrx_word' id='word_1_188' title='bbox 680 2368 749 2436; x_wconf 83' lang='lat' dir='ltr'><strong><em>est),</em></strong></span> <span class='ocrx_word' id='word_1_189' title='bbox 773 2370 901 2421; x_wconf 91' lang='lat' dir='ltr'><strong><em>mutatus</em></strong></span> <span class='ocrx_word' id='word_1_190' title='bbox 917 2370 973 2429; x_wconf 81' lang='lat' dir='ltr'><strong><em>est,</em></strong></span> <span class='ocrx_word' id='word_1_191' title='bbox 997 2361 1049 2422; x_wconf 90' lang='lat' dir='ltr'><strong><em>sed</em></strong></span> <span class='ocrx_word' id='word_1_192' title='bbox 1066 2361 1151 2421; x_wconf 87' lang='lat' dir='ltr'><strong><em>sicuti</em></strong></span> <span class='ocrx_word' id='word_1_193' title='bbox 1168 2359 1312 2438; x_wconf 86' lang='lat' dir='ltr'><strong><em>scriptum</em></strong></span> 
     </span>
     <span class='ocr_line' id='line_1_21' title="bbox 78 2457 1312 2542; baseline 0.005 -27"><span class='ocrx_word' id='word_1_194' title='bbox 78 2465 142 2518; x_wconf 89' lang='lat' dir='ltr'><strong><em>est:</em></strong></span> <span class='ocrx_word' id='word_1_195' title='bbox 171 2457 297 2520; x_wconf 78' lang='lat' dir='ltr'><strong><em>Verbum</em></strong></span> <span class='ocrx_word' id='word_1_196' title='bbox 319 2459 378 2522; x_wconf 72' lang='lat' dir='ltr'><strong><em>dei</em></strong></span> <span class='ocrx_word' id='word_1_197' title='bbox 396 2471 496 2522; x_wconf 85' lang='lat' dir='ltr'><strong><em>manat</em></strong></span> <span class='ocrx_word' id='word_1_198' title='bbox 518 2465 549 2523; x_wconf 84' lang='lat' dir='ltr'><strong><em>in</em></strong></span> <span class='ocrx_word' id='word_1_199' title='bbox 571 2473 737 2525; x_wconf 85' lang='lat' dir='ltr'><strong><em>aeternnm.</em></strong></span> <span class='ocrx_word' id='word_1_200' title='bbox 781 2463 917 2524; x_wconf 82' lang='lat' dir='ltr'><strong><em>Proiecto</em></strong></span> <span class='ocrx_word' id='word_1_201' title='bbox 941 2461 1188 2542; x_wconf 87' lang='lat' dir='ltr'><strong><em>quemadmodum</em></strong></span> <span class='ocrx_word' id='word_1_202' title='bbox 1209 2461 1312 2540; x_wconf 83' lang='lat' dir='ltr'><strong><em>priuo-</em></strong></span> 
     </span>
     <span class='ocr_line' id='line_1_22' title="bbox 78 2558 1312 2643; baseline 0.002 -25"><span class='ocrx_word' id='word_1_203' title='bbox 78 2576 170 2637; x_wconf 90' lang='lat' dir='ltr'><strong><em>quam</em></strong></span> <span class='ocrx_word' id='word_1_204' title='bbox 193 2559 284 2620; x_wconf 91' lang='lat' dir='ltr'><strong><em>bomo</em></strong></span> <span class='ocrx_word' id='word_1_205' title='bbox 307 2561 400 2635; x_wconf 84' lang='lat' dir='ltr'><strong><em>fieret,</em></strong></span> <span class='ocrx_word' id='word_1_206' title='bbox 424 2569 561 2641; x_wconf 86' lang='lat' dir='ltr'><strong><em>tanquam</em></strong></span> <span class='ocrx_word' id='word_1_207' title='bbox 584 2562 714 2624; x_wconf 86' lang='lat' dir='ltr'><strong><em>Verbum</em></strong></span> <span class='ocrx_word' id='word_1_208' title='bbox 737 2564 878 2643; x_wconf 88' lang='lat' dir='ltr'><strong><em>Spiritum</em></strong></span> <span class='ocrx_word' id='word_1_209' title='bbox 903 2573 935 2625; x_wconf 91' lang='lat' dir='ltr'><strong><em>ut</em></strong></span> <span class='ocrx_word' id='word_1_210' title='bbox 957 2563 1002 2624; x_wconf 90' lang='lat' dir='ltr'><strong><em>sui</em></strong></span> <span class='ocrx_word' id='word_1_211' title='bbox 1025 2562 1179 2642; x_wconf 89' lang='lat' dir='ltr'><strong><em>proprium</em></strong></span> <span class='ocrx_word' id='word_1_212' title='bbox 1202 2558 1312 2621; x_wconf 86' lang='lat' dir='ltr'><strong><em>sanctis</em></strong></span> 
     </span>
     <span class='ocr_line' id='line_1_23' title="bbox 80 2659 1312 2744; baseline 0.002 -26"><span class='ocrx_word' id='word_1_213' title='bbox 80 2659 337 2736; x_wconf 81' lang='lat' dir='ltr'><strong><em>subministrabat,</em></strong></span> <span class='ocrx_word' id='word_1_214' title='bbox 361 2662 400 2723; x_wconf 92' lang='lat' dir='ltr'><strong><em>ita</em></strong></span> <span class='ocrx_word' id='word_1_215' title='bbox 423 2663 511 2725; x_wconf 91' lang='lat' dir='ltr'><strong><em>etiam</em></strong></span> <span class='ocrx_word' id='word_1_216' title='bbox 534 2664 624 2724; x_wconf 92' lang='lat' dir='ltr'><strong><em>homo</em></strong></span> <span class='ocrx_word' id='word_1_217' title='bbox 648 2666 741 2725; x_wconf 72' lang='lat' dir='ltr'><strong><em>lactens</em></strong></span> <span class='ocrx_word' id='word_1_218' title='bbox 764 2665 876 2744; x_wconf 80' lang='lat' dir='ltr'><strong><em>Spiritu</em></strong></span> <span class='ocrx_word' id='word_1_219' title='bbox 902 2683 1007 2725; x_wconf 91' lang='lat' dir='ltr'><strong><em>omues</em></strong></span> <span class='ocrx_word' id='word_1_220' title='bbox 1032 2664 1192 2724; x_wconf 84' lang='lat' dir='ltr'><strong><em>sanctificat</em></strong></span> <span class='ocrx_word' id='word_1_221' title='bbox 1214 2660 1312 2740; x_wconf 90' lang='lat' dir='ltr'><strong><em>aitque</em></strong></span> 
     </span>
     <span class='ocr_line' id='line_1_24' title="bbox 80 2759 1312 2845; baseline 0 -25"><span class='ocrx_word' id='word_1_222' title='bbox 80 2761 253 2841; x_wconf 84' lang='lat' dir='ltr'><strong><em>discipulis:</em></strong></span> <span class='ocrx_word' id='word_1_223' title='bbox 276 2764 407 2844; x_wconf 81' lang='lat' dir='ltr'><strong><em>Accipite</em></strong></span> <span class='ocrx_word' id='word_1_224' title='bbox 430 2763 580 2844; x_wconf 81' lang='lat' dir='ltr'><strong><em>Spiritum</em></strong></span> <span class='ocrx_word' id='word_1_225' title='bbox 601 2777 749 2827; x_wconf 82' lang='lat' dir='ltr'><strong><em>sanatam.</em></strong></span> <span class='ocrx_word' id='word_1_226' title='bbox 794 2767 880 2827; x_wconf 90' lang='lat' dir='ltr'><strong><em>llunc</em></strong></span> <span class='ocrx_word' id='word_1_227' title='bbox 901 2783 1019 2845; x_wconf 92' lang='lat' dir='ltr'><strong><em>quoque</em></strong></span> <span class='ocrx_word' id='word_1_228' title='bbox 1042 2764 1122 2824; x_wconf 90' lang='lat' dir='ltr'><strong><em>dedit</em></strong></span> <span class='ocrx_word' id='word_1_229' title='bbox 1136 2763 1203 2841; x_wconf 90' lang='lat' dir='ltr'><strong><em>ipse</em></strong></span> <span class='ocrx_word' id='word_1_230' title='bbox 1219 2759 1312 2840; x_wconf 74' lang='lat' dir='ltr'><strong><em>bloysi</em></strong></span> 
     </span>
     <span class='ocr_line' id='line_1_25' title="bbox 80 2853 1311 2945; baseline -0.001 -23"><span class='ocrx_word' id='word_1_231' title='bbox 80 2861 205 2941; x_wconf 90' lang='lat' dir='ltr'><strong><em>aliisque</em></strong></span> <span class='ocrx_word' id='word_1_232' title='bbox 228 2865 423 2943; x_wconf 76' lang='lat' dir='ltr'><strong><em>septuaginta,</em></strong></span> <span class='ocrx_word' id='word_1_233' title='bbox 447 2885 608 2945; x_wconf 90' lang='lat' dir='ltr'><strong><em>perquem</em></strong></span> <span class='ocrx_word' id='word_1_234' title='bbox 633 2853 661 2928; x_wconf 89' lang='lat' dir='ltr'><strong><em>et</em></strong></span> <span class='ocrx_word' id='word_1_235' title='bbox 683 2867 772 2929; x_wconf 85' lang='lat' dir='ltr'><strong><em>David</em></strong></span> <span class='ocrx_word' id='word_1_236' title='bbox 788 2868 905 2928; x_wconf 84' lang='lat' dir='ltr'><strong><em>Patrem</em></strong></span> <span class='ocrx_word' id='word_1_237' title='bbox 929 2868 975 2927; x_wconf 91' lang='lat' dir='ltr'><strong><em>bis</em></strong></span> <span class='ocrx_word' id='word_1_238' title='bbox 998 2865 1096 2927; x_wconf 89' lang='lat' dir='ltr'><strong><em>verbis</em></strong></span> <span class='ocrx_word' id='word_1_239' title='bbox 1117 2863 1311 2943; x_wconf 90' lang='lat' dir='ltr'><strong><em>precabatur:</em></strong></span> 
     </span>
     <span class='ocr_line' id='line_1_26' title="bbox 80 2961 1397 3048; baseline 0.006 -26"><span class='ocrx_word' id='word_1_240' title='bbox 80 2961 233 3042; x_wconf 83' lang='lat' dir='ltr'><strong><em>Spiritum</em></strong></span> <span class='ocrx_word' id='word_1_241' title='bbox 255 2976 393 3027; x_wconf 78' lang='lat' dir='ltr'><strong><em>sanctam</em></strong></span> <span class='ocrx_word' id='word_1_242' title='bbox 416 2979 500 3030; x_wconf 82' lang='lat' dir='ltr'><strong><em>tunm</em></strong></span> <span class='ocrx_word' id='word_1_243' title='bbox 523 2989 560 3028; x_wconf 85' lang='lat' dir='ltr'><strong><em>ne</em></strong></span> <span class='ocrx_word' id='word_1_244' title='bbox 582 2969 708 3048; x_wconf 78' lang='lat' dir='ltr'><strong><em>auferas</em></strong></span> <span class='ocrx_word' id='word_1_245' title='bbox 731 2988 749 3030; x_wconf 94' lang='lat' dir='ltr'><strong><em>a</em></strong></span> <span class='ocrx_word' id='word_1_246' title='bbox 772 2989 827 3030; x_wconf 87' lang='lat' dir='ltr'><strong><em>ma.</em></strong></span> <span class='ocrx_word' id='word_1_247' title='bbox 872 2967 1004 3046; x_wconf 75' lang='lat' dir='ltr'><strong><em>lienique</em></strong></span> <span class='ocrx_word' id='word_1_248' title='bbox 1027 2968 1117 3027; x_wconf 93' lang='lat' dir='ltr'><strong><em>homo</em></strong></span> <span class='ocrx_word' id='word_1_249' title='bbox 1138 2967 1232 3025; x_wconf 88' lang='lat' dir='ltr'><strong><em>lactus</em></strong></span> <span class='ocrx_word' id='word_1_250' title='bbox 1248 2963 1397 3029; x_wconf 81' lang='lat' dir='ltr'><strong><em>aie-nna.</em></strong></span> 
     </span>
     <span class='ocr_line' id='line_1_27' title="bbox 80 3063 1315 3150; baseline 0 -26"><span class='ocrx_word' id='word_1_251' title='bbox 80 3064 143 3125; x_wconf 89' lang='lat' dir='ltr'><strong><em>bat:</em></strong></span> <span class='ocrx_word' id='word_1_252' title='bbox 174 3064 295 3127; x_wconf 81' lang='lat' dir='ltr'><strong><em>Mittam</em></strong></span> <span class='ocrx_word' id='word_1_253' title='bbox 316 3067 400 3129; x_wconf 84' lang='lat' dir='ltr'><strong><em>vobis</em></strong></span> <span class='ocrx_word' id='word_1_254' title='bbox 423 3068 625 3142; x_wconf 76' lang='lat' dir='ltr'><strong><em>Paracletum,</em></strong></span> <span class='ocrx_word' id='word_1_255' title='bbox 650 3069 800 3150; x_wconf 84' lang='lat' dir='ltr'><strong><em>Spiritum</em></strong></span> <span class='ocrx_word' id='word_1_256' title='bbox 822 3074 977 3142; x_wconf 81' lang='lat' dir='ltr'><strong><em>veritatis,</em></strong></span> <span class='ocrx_word' id='word_1_257' title='bbox 999 3088 1086 3148; x_wconf 89' lang='lat' dir='ltr'><strong><em>quem</em></strong></span> <span class='ocrx_word' id='word_1_258' title='bbox 1109 3067 1210 3146; x_wconf 92' lang='lat' dir='ltr'><strong><em>utique</em></strong></span> <span class='ocrx_word' id='word_1_259' title='bbox 1233 3063 1315 3125; x_wconf 91' lang='lat' dir='ltr'><strong><em>misit</em></strong></span> 
     </span>
     <span class='ocr_line' id='line_1_28' title="bbox 81 3164 1315 3248; baseline 0.003 -25"><span class='ocrx_word' id='word_1_260' title='bbox 81 3183 169 3225; x_wconf 80' lang='lat' dir='ltr'><strong><em>verax</em></strong></span> <span class='ocrx_word' id='word_1_261' title='bbox 191 3164 245 3227; x_wconf 85' lang='lat' dir='ltr'><strong><em>Ilei</em></strong></span> <span class='ocrx_word' id='word_1_262' title='bbox 268 3167 406 3230; x_wconf 89' lang='lat' dir='ltr'><strong><em>Verbum.</em></strong></span> <span class='ocrx_word' id='word_1_263' title='bbox 449 3170 550 3248; x_wconf 86' lang='lat' dir='ltr'><strong><em>ltaque</em></strong></span> <span class='ocrx_word' id='word_1_264' title='bbox 572 3171 659 3233; x_wconf 84' lang='lat' dir='ltr'><strong><em>Iesus</em></strong></span> <span class='ocrx_word' id='word_1_265' title='bbox 691 3172 830 3234; x_wconf 85' lang='lat' dir='ltr'><strong><em>Cbristns</em></strong></span> <span class='ocrx_word' id='word_1_266' title='bbox 862 3173 929 3233; x_wconf 86' lang='lat' dir='ltr'><strong><em>beri</em></strong></span> <span class='ocrx_word' id='word_1_267' title='bbox 956 3183 984 3233; x_wconf 88' lang='lat' dir='ltr'><strong><em>et</em></strong></span> <span class='ocrx_word' id='word_1_268' title='bbox 1013 3172 1097 3232; x_wconf 85' lang='lat' dir='ltr'><strong><em>bodie</em></strong></span> <span class='ocrx_word' id='word_1_269' title='bbox 1125 3171 1202 3230; x_wconf 85' lang='lat' dir='ltr'><strong><em>idem</em></strong></span> <span class='ocrx_word' id='word_1_270' title='bbox 1231 3169 1315 3229; x_wconf 86' lang='lat' dir='ltr'><strong><em>etita</em></strong></span> 
     </span>
     <span class='ocr_line' id='line_1_29' title="bbox 82 3267 1315 3352; baseline 0.002 -26"><span class='ocrx_word' id='word_1_271' title='bbox 82 3267 219 3341; x_wconf 80' lang='lat' dir='ltr'><strong><em>saecula,</em></strong></span> <span class='ocrx_word' id='word_1_272' title='bbox 247 3287 372 3330; x_wconf 90' lang='lat' dir='ltr'><strong><em>manens</em></strong></span> <span class='ocrx_word' id='word_1_273' title='bbox 396 3269 603 3345; x_wconf 89' lang='lat' dir='ltr'><strong><em>immutabilis,</em></strong></span> <span class='ocrx_word' id='word_1_274' title='bbox 632 3271 697 3352; x_wconf 89' lang='lat' dir='ltr'><strong><em>ipse</em></strong></span> <span class='ocrx_word' id='word_1_275' title='bbox 721 3274 839 3352; x_wconf 88' lang='lat' dir='ltr'><strong><em>estqui</em></strong></span> <span class='ocrx_word' id='word_1_276' title='bbox 863 3274 912 3334; x_wconf 90' lang='lat' dir='ltr'><strong><em>dat</em></strong></span> <span class='ocrx_word' id='word_1_277' title='bbox 934 3282 963 3335; x_wconf 92' lang='lat' dir='ltr'><strong><em>et</em></strong></span> <span class='ocrx_word' id='word_1_278' title='bbox 985 3272 1035 3352; x_wconf 93' lang='lat' dir='ltr'><strong><em>qui</em></strong></span> <span class='ocrx_word' id='word_1_279' title='bbox 1057 3270 1179 3350; x_wconf 77' lang='lat' dir='ltr'><strong><em>accipit3</em></strong></span> <span class='ocrx_word' id='word_1_280' title='bbox 1211 3269 1261 3329; x_wconf 87' lang='lat' dir='ltr'><strong><em>dat</em></strong></span> <span class='ocrx_word' id='word_1_281' title='bbox 1281 3274 1315 3328; x_wconf 90' lang='lat' dir='ltr'><strong><em>ut</em></strong></span> 
     </span>
     <span class='ocr_line' id='line_1_30' title="bbox 82 3367 1312 3453; baseline 0.002 -26"><span class='ocrx_word' id='word_1_282' title='bbox 82 3367 132 3429; x_wconf 84' lang='lat' dir='ltr'><strong><em>bei</em></strong></span> <span class='ocrx_word' id='word_1_283' title='bbox 157 3368 303 3443; x_wconf 88' lang='lat' dir='ltr'><strong><em>Verbum,</em></strong></span> <span class='ocrx_word' id='word_1_284' title='bbox 333 3370 437 3450; x_wconf 90' lang='lat' dir='ltr'><strong><em>accipit</em></strong></span> <span class='ocrx_word' id='word_1_285' title='bbox 459 3381 491 3433; x_wconf 92' lang='lat' dir='ltr'><strong><em>ut</em></strong></span> <span class='ocrx_word' id='word_1_286' title='bbox 513 3372 613 3433; x_wconf 88' lang='lat' dir='ltr'><strong><em>bomo.</em></strong></span> <span class='ocrx_word' id='word_1_287' title='bbox 657 3373 724 3434; x_wconf 91' lang='lat' dir='ltr'><strong><em>Non</em></strong></span> <span class='ocrx_word' id='word_1_288' title='bbox 746 3392 816 3453; x_wconf 85' lang='lat' dir='ltr'><strong><em>ergo</em></strong></span> <span class='ocrx_word' id='word_1_289' title='bbox 839 3374 968 3435; x_wconf 81' lang='lat' dir='ltr'><strong><em>Verbum</em></strong></span> <span class='ocrx_word' id='word_1_290' title='bbox 991 3382 1023 3435; x_wconf 93' lang='lat' dir='ltr'><strong><em>ut</em></strong></span> <span class='ocrx_word' id='word_1_291' title='bbox 1044 3372 1172 3433; x_wconf 85' lang='lat' dir='ltr'><strong><em>Verbum</em></strong></span> <span class='ocrx_word' id='word_1_292' title='bbox 1195 3371 1225 3430; x_wconf 91' lang='lat' dir='ltr'><strong><em>in</em></strong></span> <span class='ocrx_word' id='word_1_293' title='bbox 1248 3387 1312 3430; x_wconf 88' lang='lat' dir='ltr'><strong><em>me-</em></strong></span> 
     </span>
     <span class='ocr_line' id='line_1_31' title="bbox 83 3469 1314 3558; baseline -0.001 -28"><span class='ocrx_word' id='word_1_294' title='bbox 83 3469 138 3530; x_wconf 86' lang='lat' dir='ltr'><strong><em>lius</em></strong></span> <span class='ocrx_word' id='word_1_295' title='bbox 162 3469 290 3549; x_wconf 81' lang='lat' dir='ltr'><strong><em>prolicit</em></strong></span> <span class='ocrx_word' id='word_1_296' title='bbox 334 3470 406 3538; x_wconf 85' lang='lat' dir='ltr'><strong><em>Nam</em></strong></span> <span class='ocrx_word' id='word_1_297' title='bbox 430 3472 529 3533; x_wconf 88' lang='lat' dir='ltr'><strong><em>amnia</em></strong></span> <span class='ocrx_word' id='word_1_298' title='bbox 552 3472 654 3536; x_wconf 90' lang='lat' dir='ltr'><strong><em>babuit</em></strong></span> <span class='ocrx_word' id='word_1_299' title='bbox 676 3494 852 3554; x_wconf 86' lang='lat' dir='ltr'><strong><em>semperque</em></strong></span> <span class='ocrx_word' id='word_1_300' title='bbox 867 3475 966 3536; x_wconf 89' lang='lat' dir='ltr'><strong><em>habet.</em></strong></span> <span class='ocrx_word' id='word_1_301' title='bbox 1004 3474 1062 3536; x_wconf 91' lang='lat' dir='ltr'><strong><em>Sed</em></strong></span> <span class='ocrx_word' id='word_1_302' title='bbox 1079 3473 1216 3534; x_wconf 89' lang='lat' dir='ltr'><strong><em>homines</em></strong></span> <span class='ocrx_word' id='word_1_303' title='bbox 1233 3477 1314 3558; x_wconf 89' lang='lat' dir='ltr'><strong><em>suut,</em></strong></span> 
     </span>
    </p>
   </div>
   <div class='ocr_carea' id='block_1_4' title="bbox 82 3722 1317 4003">
    <p class='ocr_par' dir='ltr' id='par_1_6' title="bbox 82 3722 1317 3996">
     <span class='ocr_line' id='line_1_32' title="bbox 114 3722 1315 3806; baseline 0 -34"><span class='ocrx_word' id='word_1_304' title='bbox 114 3724 136 3772; x_wconf 92' lang='lat' dir='ltr'><strong><em>d.</em></strong></span> <span class='ocrx_word' id='word_1_305' title='bbox 157 3725 258 3782; x_wconf 74' lang='lat' dir='ltr'><strong><em>Sequor.</em></strong></span> <span class='ocrx_word' id='word_1_306' title='bbox 277 3722 317 3787; x_wconf 76' lang='grc' dir='ltr'><strong><em>τῷ</em></strong></span> <span class='ocrx_word' id='word_1_307' title='bbox 334 3722 398 3789; x_wconf 72' lang='lat' dir='ltr'><strong><em>asp.</em></strong></span> <span class='ocrx_word' id='word_1_308' title='bbox 427 3725 675 3806; x_wconf 36' lang='lat' dir='ltr'><strong><em>PauloppstSrffiquer</em></strong></span> <span class='ocrx_word' id='word_1_309' title='bbox 760 3744 782 3791; x_wconf 80' lang='lat' dir='ltr'><strong><em>g.</em></strong></span> <span class='ocrx_word' id='word_1_310' title='bbox 802 3729 992 3791; x_wconf 79' lang='lat' dir='ltr'><strong><em>SicSegnerinn.</em></strong></span> <span class='ocrx_word' id='word_1_311' title='bbox 1020 3729 1076 3788; x_wconf 72' lang='lat' dir='ltr'><strong><em>lleq.</em></strong></span> <span class='ocrx_word' id='word_1_312' title='bbox 1087 3724 1209 3774; x_wconf 79' lang='lat' dir='ltr'><strong><em>Morbaei.</em></strong></span> <span class='ocrx_word' id='word_1_313' title='bbox 1241 3722 1315 3772; x_wconf 85' lang='lat' dir='ltr'><strong><em>llasil.</em></strong></span> 
     </span>
     <span class='ocr_line' id='line_1_33' title="bbox 83 3780 1315 3873; baseline 0.001 -35"><span class='ocrx_word' id='word_1_314' title='bbox 83 3791 137 3846; x_wconf 75' lang='lat' dir='ltr'><strong><em>lies</em></strong></span> <span class='ocrx_word' id='word_1_315' title='bbox 157 3791 257 3841; x_wconf 84' lang='lat' dir='ltr'><strong><em>Galler.</em></strong></span> <span class='ocrx_word' id='word_1_316' title='bbox 283 3791 428 3841; x_wconf 71' lang='lat' dir='ltr'><strong><em>etl&#39;el·.lrm</em></strong></span> <span class='ocrx_word' id='word_1_317' title='bbox 451 3793 472 3842; x_wconf 94' lang='lat' dir='ltr'><strong><em>l</em></strong></span> <span class='ocrx_word' id='word_1_318' title='bbox 467 3780 533 3873; x_wconf 75' lang='grc' dir='ltr'><strong><em>ἆρ’</em></strong></span> <span class='ocrx_word' id='word_1_319' title='bbox 555 3785 674 3843; x_wconf 70' lang='lat' dir='ltr'><strong><em>odaso</em></strong></span> <span class='ocrx_word' id='word_1_320' title='bbox 723 3797 814 3858; x_wconf 69' lang='lat' dir='ltr'><strong><em>Anglic.</em></strong></span> <span class='ocrx_word' id='word_1_321' title='bbox 826 3792 1090 3860; x_wconf 66' lang='lat' dir='ltr'><strong><em>Felcltm.5.dlaraiap&#39;1</em></strong></span> <span class='ocrx_word' id='word_1_322' title='bbox 1129 3794 1208 3844; x_wconf 81' lang='lat' dir='ltr'><strong><em>Ceteri</em></strong></span> <span class='ocrx_word' id='word_1_323' title='bbox 1223 3799 1246 3840; x_wconf 91' lang='lat' dir='ltr'><strong><em>et</em></strong></span> <span class='ocrx_word' id='word_1_324' title='bbox 1258 3790 1315 3839; x_wconf 80' lang='lat' dir='ltr'><strong><em>editt</em></strong></span> 
     </span>
     <span class='ocr_line' id='line_1_34' title="bbox 82 3843 1316 3967; baseline 0.002 -62"><span class='ocrx_word' id='word_1_325' title='bbox 82 3858 161 3967; x_wconf 60' lang='lat' dir='ltr'><strong><em>petre,</em></strong></span> <span class='ocrx_word' id='word_1_326' title='bbox 183 3871 229 3905; x_wconf 83' lang='lat' dir='ltr'><strong><em>ora</em></strong></span> <span class='ocrx_word' id='word_1_327' title='bbox 245 3870 291 3906; x_wconf 77' lang='lat' dir='ltr'><strong><em>aaa</em></strong></span> <span class='ocrx_word' id='word_1_328' title='bbox 309 3857 391 3907; x_wconf 72' lang='lat' dir='ltr'><strong><em>reiro</em></strong></span> <span class='ocrx_word' id='word_1_329' title='bbox 405 3850 475 3939; x_wconf 55' lang='grc' dir='ltr'><strong><em>δι”</em></strong></span> <span class='ocrx_word' id='word_1_330' title='bbox 461 3876 532 3942; x_wconf 79' lang='grc' dir='ltr'><strong><em>ημας</em></strong></span> <span class='ocrx_word' id='word_1_331' title='bbox 544 3875 590 3909; x_wconf 83' lang='grc' dir='ltr'><strong><em>και</em></strong></span> <span class='ocrx_word' id='word_1_332' title='bbox 606 3877 672 3930; x_wconf 80' lang='lat' dir='ltr'><strong><em>arrrp</em></strong></span> <span class='ocrx_word' id='word_1_333' title='bbox 724 3862 846 3922; x_wconf 77' lang='grc' dir='ltr'><em>Μωϋσῆς</em></span> <span class='ocrx_word' id='word_1_334' title='bbox 864 3872 887 3912; x_wconf 90' lang='lat' dir='ltr'><strong><em>et</em></strong></span> <span class='ocrx_word' id='word_1_335' title='bbox 899 3861 1011 3923; x_wconf 59' lang='lat' dir='ltr'><strong><em>Moram</em></strong></span> <span class='ocrx_word' id='word_1_336' title='bbox 1048 3843 1121 3941; x_wconf 68' lang='lat' dir='ltr'><strong><em>P&#39;pnlo</em></strong></span> <span class='ocrx_word' id='word_1_337' title='bbox 1142 3869 1197 3924; x_wconf 87' lang='lat' dir='ltr'><strong><em>post</em></strong></span> <span class='ocrx_word' id='word_1_338' title='bbox 1215 3861 1316 3921; x_wconf 78' lang='lat' dir='ltr'><strong><em>Sequar.</em></strong></span> 
     </span>
     <span class='ocr_line' id='line_1_35' title="bbox 88 3918 1317 4003; baseline 0.001 -30.007"><span class='ocrx_word' id='word_1_339' title='bbox 88 3940 164 4003; x_wconf 74' lang='grc' dir='ltr'><strong><em>μων</em></strong></span> <span class='ocrx_word' id='word_1_340' title='bbox 203 3926 267 3974; x_wconf 83' lang='lat' dir='ltr'><strong><em>Editi</em></strong></span> <span class='ocrx_word' id='word_1_341' title='bbox 291 3934 316 3975; x_wconf 87' lang='lat' dir='ltr'><strong><em>et</em></strong></span> <span class='ocrx_word' id='word_1_342' title='bbox 342 3918 418 3976; x_wconf 86' lang='lat' dir='ltr'><strong><em>alii&#39;</em></strong></span> <span class='ocrx_word' id='word_1_343' title='bbox 400 3919 441 3993; x_wconf 79' lang='grc' dir='ltr'><strong><em>αρ’</em></strong></span> <span class='ocrx_word' id='word_1_344' title='bbox 462 3922 596 3979; x_wconf 81' lang='lat' dir='ltr'><strong><em>oa&#39;romittu</em></strong></span> <span class='ocrx_word' id='word_1_345' title='bbox 643 3947 672 3982; x_wconf 86' lang='lat' dir='ltr'><strong><em>ne</em></strong></span> <span class='ocrx_word' id='word_1_346' title='bbox 724 3939 749 3980; x_wconf 91' lang='lat' dir='ltr'><strong><em>et</em></strong></span> <span class='ocrx_word' id='word_1_347' title='bbox 768 3936 823 3994; x_wconf 79' lang='lat' dir='ltr'><strong><em>lteg.</em></strong></span> <span class='ocrx_word' id='word_1_348' title='bbox 847 3924 955 3996; x_wconf 81' lang='grc' dir='ltr'><em>πνεῦμά</em></span> <span class='ocrx_word' id='word_1_349' title='bbox 974 3943 1024 3977; x_wconf 84' lang='lat' dir='ltr'><strong><em>ooo</em></strong></span> <span class='ocrx_word' id='word_1_350' title='bbox 1047 3923 1079 3977; x_wconf 81' lang='grc' dir='ltr'><strong><em>τὸ</em></strong></span> <span class='ocrx_word' id='word_1_351' title='bbox 1098 3919 1186 3993; x_wconf 78' lang='lat' dir='ltr'><strong><em>ai&#39;yaar.</em></strong></span> <span class='ocrx_word' id='word_1_352' title='bbox 1223 3926 1317 3975; x_wconf 88' lang='lat' dir='ltr'><strong><em>ibidem</em></strong></span> 
     </span>
    </p>
   </div>
   <div class='ocr_carea' id='block_1_5' title="bbox 80 3939 1318 4390">
    <p class='ocr_par' dir='ltr' id='par_1_7' title="bbox 80 3939 1318 4390">
     <span class='ocr_line' id='line_1_36' title="bbox 600 3939 625 3979; baseline 0 0"><span class='ocrx_word' id='word_1_353' title='bbox 600 3939 625 3979; x_wconf 84' lang='lat' dir='ltr'><strong><em>ni</em></strong></span> 
     </span>
     <span class='ocr_line' id='line_1_37' title="bbox 81 3947 1237 4065; baseline 0.003 -25"><span class='ocrx_word' id='word_1_354' title='bbox 81 3989 126 4040; x_wconf 82' lang='lat' dir='ltr'><strong><em>itai</em></strong></span> <span class='ocrx_word' id='word_1_355' title='bbox 141 4006 196 4044; x_wconf 78' lang='lat' dir='ltr'><strong><em>ante</em></strong></span> <span class='ocrx_word' id='word_1_356' title='bbox 216 3986 284 4060; x_wconf 74' lang='grc' dir='ltr'><strong><em>ὑπὲρ</em></strong></span> <span class='ocrx_word' id='word_1_357' title='bbox 304 3986 389 4059; x_wconf 69' lang='grc' dir='ltr'><em>ἡμῶν.</em></span> <span class='ocrx_word' id='word_1_358' title='bbox 610 3947 645 4065; x_wconf 43' lang='grc' dir='ltr'><em>ὃ</em></span> <span class='ocrx_word' id='word_1_359' title='bbox 724 4010 774 4046; x_wconf 82' lang='grc' dir='ltr'><strong><em>σου</em></strong></span> <span class='ocrx_word' id='word_1_360' title='bbox 793 4000 861 4049; x_wconf 88' lang='lat' dir='ltr'><strong><em>abest</em></strong></span> <span class='ocrx_word' id='word_1_361' title='bbox 879 4015 891 4047; x_wconf 87' lang='lat' dir='ltr'><strong><em>a</em></strong></span> <span class='ocrx_word' id='word_1_362' title='bbox 904 4000 1009 4050; x_wconf 87' lang='lat' dir='ltr'><strong><em>Gobler.</em></strong></span> <span class='ocrx_word' id='word_1_363' title='bbox 1029 3999 1125 4047; x_wconf 81' lang='lat' dir='ltr'><strong><em>Felclm</em></strong></span> <span class='ocrx_word' id='word_1_364' title='bbox 1148 3998 1169 4046; x_wconf 91' lang='lat' dir='ltr'><strong><em>l.</em></strong></span> <span class='ocrx_word' id='word_1_365' title='bbox 1181 3995 1237 4046; x_wconf 87' lang='lat' dir='ltr'><strong><em>et5.</em></strong></span> 
     </span>
     <span class='ocr_line' id='line_1_38' title="bbox 113 4059 1317 4142; baseline 0 -32"><span class='ocrx_word' id='word_1_366' title='bbox 113 4078 134 4110; x_wconf 88' lang='lat' dir='ltr'><strong><em>e</em></strong></span> <span class='ocrx_word' id='word_1_367' title='bbox 152 4064 193 4113; x_wconf 88' lang='lat' dir='ltr'><strong><em>Sic</em></strong></span> <span class='ocrx_word' id='word_1_368' title='bbox 212 4064 315 4141; x_wconf 74' lang='lat' dir='ltr'><strong><em>sepner.</em></strong></span> <span class='ocrx_word' id='word_1_369' title='bbox 339 4062 399 4142; x_wconf 72' lang='lat' dir='ltr'><strong><em>lleq.</em></strong></span> <span class='ocrx_word' id='word_1_370' title='bbox 418 4072 441 4113; x_wconf 90' lang='lat' dir='ltr'><strong><em>et</em></strong></span> <span class='ocrx_word' id='word_1_371' title='bbox 458 4063 564 4114; x_wconf 82' lang='lat' dir='ltr'><strong><em>Feloltm.</em></strong></span> <span class='ocrx_word' id='word_1_372' title='bbox 584 4064 607 4115; x_wconf 88' lang='lat'><strong><em>5.</em></strong></span> <span class='ocrx_word' id='word_1_373' title='bbox 642 4068 671 4116; x_wconf 82' lang='lat' dir='ltr'><strong><em>lt</em></strong></span> <span class='ocrx_word' id='word_1_374' title='bbox 757 4069 779 4115; x_wconf 88' lang='lat' dir='ltr'><strong><em>b.</em></strong></span> <span class='ocrx_word' id='word_1_375' title='bbox 799 4067 840 4117; x_wconf 88' lang='lat' dir='ltr'><strong><em>Sic</em></strong></span> <span class='ocrx_word' id='word_1_376' title='bbox 857 4069 957 4128; x_wconf 76' lang='lat' dir='ltr'><strong><em>Sequor.</em></strong></span> <span class='ocrx_word' id='word_1_377' title='bbox 976 4067 1033 4127; x_wconf 67' lang='lat' dir='ltr'><strong><em>Rea.</em></strong></span> <span class='ocrx_word' id='word_1_378' title='bbox 1052 4065 1148 4116; x_wconf 89' lang='lat' dir='ltr'><strong><em>Gobler</em></strong></span> <span class='ocrx_word' id='word_1_379' title='bbox 1169 4073 1192 4113; x_wconf 87' lang='lat' dir='ltr'><strong><em>et</em></strong></span> <span class='ocrx_word' id='word_1_380' title='bbox 1211 4059 1317 4110; x_wconf 78' lang='lat' dir='ltr'><strong><em>Felcim.</em></strong></span> 
     </span>
     <span class='ocr_line' id='line_1_39' title="bbox 82 4117 1317 4196; baseline -0.002 -18"><span class='ocrx_word' id='word_1_381' title='bbox 82 4129 118 4179; x_wconf 78' lang='lat' dir='ltr'><strong><em>alit</em></strong></span> <span class='ocrx_word' id='word_1_382' title='bbox 136 4141 160 4181; x_wconf 90' lang='lat' dir='ltr'><strong><em>et</em></strong></span> <span class='ocrx_word' id='word_1_383' title='bbox 174 4131 232 4179; x_wconf 84' lang='lat' dir='ltr'><strong><em>edm</em></strong></span> <span class='ocrx_word' id='word_1_384' title='bbox 253 4120 300 4196; x_wconf 79' lang='grc' dir='ltr'><strong><em>ἄρ’</em></strong></span> <span class='ocrx_word' id='word_1_385' title='bbox 318 4119 373 4179; x_wconf 75' lang='lat'><strong><em>⁰51.</em></strong></span> <span class='ocrx_word' id='word_1_386' title='bbox 728 4134 748 4182; x_wconf 92' lang='lat' dir='ltr'><strong><em>l.</em></strong></span> <span class='ocrx_word' id='word_1_387' title='bbox 768 4135 833 4184; x_wconf 87' lang='lat' dir='ltr'><strong><em>et5.</em></strong></span> <span class='ocrx_word' id='word_1_388' title='bbox 868 4135 953 4184; x_wconf 81' lang='lat' dir='ltr'><strong><em>tratti</em></strong></span> <span class='ocrx_word' id='word_1_389' title='bbox 978 4142 1001 4183; x_wconf 89' lang='lat' dir='ltr'><strong><em>et</em></strong></span> <span class='ocrx_word' id='word_1_390' title='bbox 1020 4133 1092 4182; x_wconf 90' lang='lat' dir='ltr'><strong><em>editio</em></strong></span> <span class='ocrx_word' id='word_1_391' title='bbox 1112 4129 1230 4182; x_wconf 81' lang='lat' dir='ltr'><strong><em>Commel</em></strong></span> <span class='ocrx_word' id='word_1_392' title='bbox 1249 4117 1317 4176; x_wconf 78' lang='lat' dir='ltr'><strong><em>tirta-</em></strong></span> 
     </span>
     <span class='ocr_line' id='line_1_40' title="bbox 112 4197 832 4274; baseline 0.004 -28"><span class='ocrx_word' id='word_1_393' title='bbox 112 4198 128 4246; x_wconf 88' lang='lat' dir='ltr'><strong><em>l.</em></strong></span> <span class='ocrx_word' id='word_1_394' title='bbox 146 4200 188 4249; x_wconf 86' lang='lat' dir='ltr'><strong><em>Sic</em></strong></span> <span class='ocrx_word' id='word_1_395' title='bbox 206 4199 312 4274; x_wconf 75' lang='lat' dir='ltr'><strong><em>Segner.</em></strong></span> <span class='ocrx_word' id='word_1_396' title='bbox 331 4206 356 4247; x_wconf 89' lang='grc' dir='ltr'><strong><em>ιιι</em></strong></span> <span class='ocrx_word' id='word_1_397' title='bbox 373 4207 397 4248; x_wconf 87' lang='lat' dir='ltr'><strong><em>et</em></strong></span> <span class='ocrx_word' id='word_1_398' title='bbox 413 4199 467 4249; x_wconf 82' lang='lat' dir='ltr'><strong><em>an</em></strong></span> <span class='ocrx_word' id='word_1_399' title='bbox 478 4199 564 4255; x_wconf 58' lang='lat' dir='ltr'><strong><em>tos.</em></strong></span> <span class='ocrx_word' id='word_1_400' title='bbox 584 4200 646 4248; x_wconf 92' lang='lat' dir='ltr'><strong><em>nbi</em></strong></span> <span class='ocrx_word' id='word_1_401' title='bbox 641 4210 672 4250; x_wconf 86' lang='grc' dir='ltr'><strong><em>ιιι</em></strong></span> <span class='ocrx_word' id='word_1_402' title='bbox 725 4197 832 4251; x_wconf 79' lang='grc' dir='ltr'><strong><em>στέλλω.</em></strong></span> 
     </span>
     <span class='ocr_line' id='line_1_41' title="bbox 82 4254 1318 4332; baseline -0.002 -21"><span class='ocrx_word' id='word_1_403' title='bbox 82 4264 178 4327; x_wconf 66' lang='lat' dir='ltr'><strong><em>legitur:</em></strong></span> <span class='ocrx_word' id='word_1_404' title='bbox 198 4259 231 4314; x_wconf 77' lang='grc' dir='ltr'><strong><em>τὸ</em></strong></span> <span class='ocrx_word' id='word_1_405' title='bbox 252 4260 335 4324; x_wconf 65' lang='grc' dir='ltr'><strong><em>δέη</em></strong></span> <span class='ocrx_word' id='word_1_406' title='bbox 320 4263 378 4330; x_wconf 80' lang='grc' dir='ltr'>η’μιι</span> <span class='ocrx_word' id='word_1_407' title='bbox 395 4265 445 4316; x_wconf 81' lang='grc' dir='ltr'><strong><em>τοῦ</em></strong></span> <span class='ocrx_word' id='word_1_408' title='bbox 464 4260 619 4332; x_wconf 72' lang='grc' dir='ltr'><strong><em>θεοῦῆμῶν</em></strong></span> <span class='ocrx_word' id='word_1_409' title='bbox 649 4264 673 4317; x_wconf 77' lang='grc' dir='ltr'><strong><em>ἐ·</em></strong></span> <span class='ocrx_word' id='word_1_410' title='bbox 759 4273 774 4319; x_wconf 87' lang='lat' dir='ltr'><strong><em>i.</em></strong></span> <span class='ocrx_word' id='word_1_411' title='bbox 802 4271 901 4332; x_wconf 73' lang='lat' dir='ltr'><strong><em>Sequor.</em></strong></span> <span class='ocrx_word' id='word_1_412' title='bbox 919 4264 966 4317; x_wconf 78' lang='grc' dir='ltr'><strong><em>καὶ</em></strong></span> <span class='ocrx_word' id='word_1_413' title='bbox 989 4259 1071 4321; x_wconf 74' lang='grc' dir='ltr'><em>αὐτός</em></span> <span class='ocrx_word' id='word_1_414' title='bbox 1094 4260 1169 4316; x_wconf 76' lang='grc' dir='ltr'>ἐστιν</span> <span class='ocrx_word' id='word_1_415' title='bbox 1191 4255 1230 4316; x_wconf 80' lang='lat' dir='ltr'><strong><em>eir</em></strong></span> <span class='ocrx_word' id='word_1_416' title='bbox 1252 4254 1318 4316; x_wconf 71' lang='grc' dir='ltr'><strong><em>τοὺς</em></strong></span> 
     </span>
     <span class='ocr_line' id='line_1_42' title="bbox 80 4329 835 4390; baseline 0.004 -9"><span class='ocrx_word' id='word_1_417' title='bbox 80 4346 116 4381; x_wconf 82' lang='grc' dir='ltr'><strong><em>νει</em></strong></span> <span class='ocrx_word' id='word_1_418' title='bbox 139 4329 179 4390; x_wconf 74' lang='grc' dir='ltr'><strong><em>εἷς</em></strong></span> <span class='ocrx_word' id='word_1_419' title='bbox 203 4349 256 4383; x_wconf 80' lang='grc' dir='ltr'><strong><em>τον</em></strong></span> <span class='ocrx_word' id='word_1_420' title='bbox 281 4349 301 4381; x_wconf 87' lang='grc' dir='ltr'><strong>α</strong></span> <span class='ocrx_word' id='word_1_421' title='bbox 325 4331 590 4386; x_wconf 64' lang='lat' dir='ltr'><strong><em>rettulerant</em></strong></span> <span class='ocrx_word' id='word_1_422' title='bbox 634 4350 674 4384; x_wconf 81' lang='lat' dir='ltr'><strong><em>aa·</em></strong></span> <span class='ocrx_word' id='word_1_423' title='bbox 726 4329 835 4390; x_wconf 78' lang='grc' dir='ltr'><em>αἰῶνας.</em></span> 
     </span>
    </p>
   </div>
   <div class='ocr_carea' id='block_1_6' title="bbox 80 4383 1315 4468">
    <p class='ocr_par' dir='ltr' id='par_1_8' title="bbox 80 4383 1315 4468">
     <span class='ocr_line' id='line_1_43' title="bbox 80 4383 1315 4468; baseline -0.015 -4"><span class='ocrx_word' id='word_1_424' title='bbox 80 4398 158 4464; x_wconf 55' lang='lat' dir='ltr'><strong><em>iiim·</em></strong></span> <span class='ocrx_word' id='word_1_425' title='bbox 761 4406 782 4456; x_wconf 87' lang='grc' dir='ltr'><strong><em>Ιι.</em></strong></span> <span class='ocrx_word' id='word_1_426' title='bbox 801 4405 955 4468; x_wconf 72' lang='lat' dir='ltr'><strong><em>SicSequer.</em></strong></span> <span class='ocrx_word' id='word_1_427' title='bbox 980 4406 1020 4453; x_wconf 93' lang='lat' dir='ltr'><strong><em>ubi</em></strong></span> <span class='ocrx_word' id='word_1_428' title='bbox 1047 4394 1063 4461; x_wconf 75' lang='grc' dir='ltr'><em>ἢ</em></span> <span class='ocrx_word' id='word_1_429' title='bbox 1087 4383 1167 4467; x_wconf 70' lang='lat' dir='ltr'><strong><em>provi</em></strong></span> <span class='ocrx_word' id='word_1_430' title='bbox 1192 4398 1315 4448; x_wconf 82' lang='lat' dir='ltr'><strong><em>scribitur.</em></strong></span> 
     </span>
    </p>
   </div>
   <div class='ocr_carea' id='block_1_7' title="bbox 0 0 1484 5092">
    <p class='ocr_par' dir='ltr' id='par_1_9' title="bbox 0 0 1484 5092">
     <span class='ocr_line' id='line_1_44' title="bbox 0 0 1484 5092; baseline 0 0"><span class='ocrx_word' id='word_1_431' title='bbox 0 0 1484 5092; x_wconf 95' lang='lat' dir='ltr'><strong><em> </em></strong></span> 
     </span>
    </p>
   </div>
  </div>
 </body>
</html>
