2948 5092
431 212 546 291 conaus
560 246 776 290 sroeuusnrurr
790 246 878 291 mss
887 244 919 288 rr.
1227 235 1290 298 919
1307 206 1310 210 A

61 413 128 484 tura
152 409 181 463 et
203 401 309 462 virtute
333 417 365 459 se
386 397 498 478 peccati
521 406 672 475 expertem
687 397 814 469 exhibet,
837 403 994 476 postquam
1011 400 1197 461 necessitatis
1213 416 1377 463 con-ron.

55 505 208 571 ,ditionem
232 511 261 563 et
281 501 392 580 peccati
415 501 508 578 legem
532 488 731 572 dissolvit,'et
752 499 926 578 captivitatis
950 500 1118 580 Tyrannum
1142 501 1172 561 in
1194 502 1290 581 capti·

59 606 181 667 vitatem
203 604 332 675 adduxit,
355 612 387 663 ut
408 603 449 662 ait
470 602 633 680 Propheta:
656 602 827 662 tetendisti
846 605 879 662 in
901 602 1013 674 altum,
1037 608 1143 684 cepisti
1164 606 1292 683 eupttnt'-

60 718 164 770 tatem.
209 705 281 765 Nam
305 723 370 764 eum
393 706 518 786 sormam
541 703 619 765 servi
642 701 761 764 inimico
785 702 913 764 Verbum
937 703 1093 778 obiecerit,
1127 724 1182 784 per
1211 723 1290 779 enm,

59 808 112 887 qui
136 807 205 867 olim
228 807 322 866 rictus
344 808 448 878 luerat,
471 804 623 865 victoriam
645 812 848 883 consequutus
871 814 926 865 est.
971 805 1116 877 Quocirca
1131 824 1187 886 per
1202 825 1292 870 enine

50 907 236 993 ‚tentationis
259 926 350 986 genus
373 907 564 985 pertransivit
585 905 686 978 lesus,
709 906 777 986 quia
800 907 898 967 omnia
922 907 1048 978 sumsit,
1072 907 1102 967 iu
1125 926 1199 986 quae
1222 917 1291 969 ten·

60 1010 185 1073 tationis
209 1009 442 1089 experimentum
465 1009 570 1070 cadere
592 1008 704 1088 possit,
733 1007 841 1087 quibus
869 1008 1020 1070 victoriam
1042 1027 1097 1087 pro
1120 1009 1292 1072 bominibus

60 1111 236 1192 reportavit,
260 1111 403 1189 dicitque:
429 1111 583 1191 Confidite,
608 1129 658 1190 epo
682 1114 742 1172 aiei
761 1111 916 1173 mundum.
958 1110 1060 1189 Neque
1087 1110 1166 1170 euim
1188 1117 1292 1172 contra

58 1212 224 1284 Deitatcm,
256 1231 342 1290 quam
364 1213 395 1272 in
420 1213 467 1273 illo
492 1231 552 1272 non
575 1220 676 1285 norat,
712 1211 818 1272 bellum
841 1211 972 1290 suscepit
994 1211 1145 1285 diabolus,
1175 1228 1291 1289 nequa·

60 1334 151 1394 quam
174 1312 256 1375 enim
275 1314 304 1374 id
327 1333 418 1374 ausus
441 1322 533 1385 esset,
556 1313 682 1392 ideoque
705 1312 816 1373 aiebat:
839 1312 875 1373 Si
892 1313 986 1375 Filius
1003 1312 1122 1387 netu,
1146 1311 1199 1373 sed
1215 1328 1290 1372 eon·

59 1424 109 1478 tra
131 1416 292 1485 bominem,
316 1434 402 1493 quem
425 1415 493 1475 olim
516 1414 546 1474 in
569 1400 700 1475 errorem
724 1415 868 1476 deducere
889 1414 988 1487 valuit,
1013 1433 1047 1474 ex
1063 1433 1121 1493 quo
1137 1414 1168 1474 in
1184 1429 1309 1473 omnes·
1335 1445 1337 1450 ·

59 1517 202 1578 homines
226 1518 352 1578 malitiae
375 1536 446 1578 suae
470 1517 626 1577 ellieaciam
649 1517 832 1596 propagavit.
877 1515 948 1578 Cum
972 1524 1069 1577 autem
1092 1515 1171 1575 Adae
1194 1515 1291 1575 anima

58 1618 94 1679 in
116 1618 223 1678 mortis
246 1617 695 1687 condemnationedetineretur
722 1637 756 1678 ac
782 1626 926 1697 perpetuo
956 1617 992 1678 ad
1015 1616 1174 1677 bominum
1202 1633 1291 1676 suum

60 1719 212 1791 demeret,
236 1720 305 1780 item
329 1738 395 1779 cum
418 1719 456 1790 ii,
480 1719 529 1797 qui
552 1718 614 1779 Deo
637 1718 807 1798 placuerant
830 1726 858 1778 et
880 1718 930 1796 qui
953 1718 982 1777 in
1006 1717 1070 1795 lege
1092 1717 1218 1777 naturali
1240 1717 1289 1777 iu-

60 1820 175 1883 stitiam
197 1821 351 1899 assequuti
373 1822 506 1891 luerant,
530 1839 587 1880 una
611 1839 677 1881 cum
698 1819 810 1879 lldamo
834 1820 1037 1880 detinerentur
1058 1837 1092 1878 ac
1114 1818 1201 1878 simul
1224 1834 1292 1878 eum

61 1922 115 1985 illo
139 1923 271 2000 lugerent
293 1922 529 2000 clamarentque,
554 1921 697 1983 Dominus
721 1940 807 2000 quem
831 1920 1003 1981 condiderat
1025 1919 1177 1980 homiuem
1200 1917 1292 2001 grise-

60 2032 148 2085 ratus
170 2024 264 2083 voluit
285 2042 338 2101 per
360 2023 541 2102 mysterium,
566 2023 646 2101 quod
666 2022 872 2094 manifestavit,
896 2039 1001 2082 novam
1024 2022 1147 2081 salutem
1164 2020 1292 2080 humano

62 2125 167 2204 generi
189 2124 363 2195 conciliare,
387 2124 612 2202 inimicumque,
643 2123 693 2203 qui
716 2142 768 2201 per
791 2123 928 2183 invidiam
952 2123 1103 2182 bominem
1126 2122 1292 2198 deceperat,

61 2225 238 2306 profligare,
270 2226 473 2314 exaltationem
496 2225 747 2287 autemnonnnis
770 2225 880 2285 unione
903 2224 950 2283 illa
974 2233 1003 2284 et
1025 2222 1293 2284 communicatione
1392 2271 1393 2274 ,

63 2345 134 2389 cum
155 2326 305 2387 Altissimo
329 2330 443 2400 (natura
465 2335 495 2387 et
511 2327 554 2387 rei
572 2325 705 2404 veritate)
728 2327 870 2388 maiorem
887 2344 973 2403 quam
990 2344 1065 2403 quae
1080 2323 1201 2401 intelligi
1217 2339 1292 2401 pos·

63 2427 106 2488 sit
129 2428 267 2489 exhibere
290 2428 427 2506 dignatus
452 2436 508 2488 est.

109 2757 113 2762 ·
154 2735 203 2795 ld.
225 2732 385 2809 Propterea
398 2731 478 2790 venit
490 2729 625 2801 Verbum,
649 2728 729 2808 quod
746 2728 825 2789 Deus
845 2736 908 2788 erat
922 2736 951 2788 et
964 2726 1050 2806 primi
1065 2724 1193 2786 hominis
1208 2742 1293 2785 crea·

64 2842 126 2904 tor,
149 2842 182 2892 ut
202 2832 293 2892 bomo
309 2833 402 2902 lieret,
419 2850 477 2909 quo
493 2832 584 2891 bomo
601 2830 717 2909 quidem
734 2829 933 2903 revivisceret,
950 2829 1069 2907 iniquus
1085 2835 1183 2887 autem
1195 2824 1293 2885 bostis

62 2933 289 3014 profligaretur3
313 2933 390 3012 quod
409 2942 508 2993 nalum
524 2952 558 2993 ex
577 2933 699 2994 muliere
713 2950 748 2991 er
762 2931 855 3010 prima
874 2931 1080 2990 efformatione
1097 2929 1219 2988 sormam
1236 2925 1293 2985 bo·

62 3036 156 3098 minis
169 3035 200 3095 in
211 3034 311 3113 seipso
326 3034 464 3106 restitnit,
476 3053 595 3094 carnem
606 3052 676 3094 vcro
690 3051 774 3093 suam
786 3032 897 3110 absque
910 3030 1074 3091 ramalibus
1087 3024 1295 3106 cupiditatibus

64 3146 96 3198 et
113 3137 224 3216 absque
236 3136 371 3196 humanis
383 3134 613 3213 cogitationibus
631 3134 660 3193 iu
678 3134 804 3211 imagine
824 3133 961 3192 novitatis
981 3129 1122 3190 exhibuit.
1151 3128 1294 3187 Voluntas

63 3239 145 3300 enirn
161 3239 254 3299 solius
270 3238 435 3297 Divinitatis
455 3246 525 3309 erat,
544 3235 690 3314 siquidem
704 3244 806 3295 natura
827 3242 887 3294 tota
900 3232 987 3292 Verbi
1005 3231 1105 3291 aderat
1119 3227 1175 3289 sub
1193 3226 1293 3306 speci-

64 3339 146 3400 mine
161 3338 306 3399 bumanae
322 3340 435 3398 lormae
453 3355 568 3398 necnon
587 3335 710 3397 risibilis
728 3335 850 3397 secundi
862 3334 953 3394 ddam
967 3333 1072 3405 carnis,
1089 3349 1151 3392 non
1170 3331 1200 3390 in
1216 3327 1291 3388 diri·
1302 3345 1378 3394 rste.

67 3441 157 3501 sione
168 3458 374 3519 personarum,
391 3440 442 3499 sed
460 3439 489 3499 in
503 3435 829 3500 existentiasdivinitatis
842 3445 872 3497 et
882 3434 1083 3496 humanitatis.
1107 3432 1297 3510 Quapropter

103 3593 119 3640 l.
145 3593 244 3652 Seguer.
270 3592 368 3641 Gobler.
399 3600 420 3639 et
446 3592 549 3641 Felelaru.
568 3592 588 3640 l.
612 3585 658 3638 καὶ
709 3591 798 3639 diserte
823 3587 924 3636 admittit
948 3588 972 3635 S.
992 3586 1079 3634 Ductor
1103 3586 1216 3648 superius
1242 3597 1294 3646 pag.

64 3652 206 3724 βοώντων.
708 3658 756 3706 887
778 3653 819 3720 [de
838 3659 927 3703 incarn.
947 3662 970 3701 et
983 3660 1064 3702 contra
1084 3655 1183 3701 Arianos
1195 3649 1296 3699 uuila

103 3742 125 3788 g.
151 3719 316 3788 Sequendtd
341 3717 459 3790 φθόνου.
506 3726 658 3789 paulopost
710 3715 981 3786 ὅτανλέγῃ·πᾰτερ,
1002 3712 1026 3767 εἰ
1044 3711 1163 3764 δυνατὸν
1180 3711 1211 3762 τὸ
1230 3729 1292 3762 ποτ.

66 3795 141 3843 Basil.
160 3787 310 3858 ἀνθρώπου
328 3788 373 3840 καὶ
391 3789 459 3857 πρὸς
477 3786 533 3841 τόν.
707 3790 789 3838 τοῦτο
808 3786 920 3853 nupsit).
947 3779 991 3834 ἀπ’
1012 3779 1095 3852 ἐμοῦ·
1118 3777 1242 3859 atqup»)
1263 3775 1294 3829 τὸ

103 3864 126 3910 b.
146 3864 178 3911 lta
198 3864 297 3922 Seguer.
333 3862 358 3909 ln
379 3862 448 3909 editis
466 3854 496 3908 ἒν
513 3861 588 3909 deest.
707 3852 775 3923 ἐμὸν
792 3853 897 3922 θέλημα
908 3851 1029 3920 γένηται,
1050 3845 1115 3900 ἀλλὰ
1127 3846 1156 3899 τὸ
1170 3864 1230 3904 σον,
1249 3843 1295 3896 καὶ

104 3932 119 3977 i.
144 3930 244 3990 Seguer.
268 3920 400 3986 θεότητος
416 3921 503 3993 μόνη,
525 3930 567 3977 sed
583 3941 655 3989 prae·
707 3919 808 3990 τὸμὲν
824 3926 990 3990 πνεῦμα
1012 3913 1130 3979 ἀσθενής
1147 3919 1237 3978 (ltattb.
1252 3915 1294 3976 26,

64 4005 114 4047 stat
132 3998 227 4060 antiqua
247 3997 334 4055 lectio,
353 4006 436 4059 estque
458 3996 578 4044 Athanasii
597 4010 655 4042 sen·
706 3993 746 4043 39.
765 3993 833 4051 tl),
859 3985 906 4038 δύο
930 3983 1071 4054 θελήματα
1102 3981 1224 4064 e'rrqaida
1242 3977 1295 4031 dst-
1376 4019 1382 4024 .

65 4066 155 4123 tentia,
180 4065 324 4112 uoluntatem
350 4065 373 4112 in
398 4064 493 4111 Christo
519 4065 549 4110 ita
577 4063 653 4111 sollus
704 4072 796 4114 κνυσι,
817 4053 918 4124 τὸμὲν
936 4049 1217 4131 ἀνθρώπινον,υοπερ
1235 4043 1294 4126 tofi
1322 4083 1324 4087 «

34 4166 38 4171 =
65 4133 195 4182 divinitatis
214 4147 283 4189 esse,
303 4139 328 4178 ut
346 4145 373 4178 ex
391 4131 461 4178 divini
481 4131 549 4178 Verbi
568 4129 653 4177 rolun-
704 4127 753 4186 τῆς
770 4121 884 4195 σαρκὸς,
906 4121 935 4174 τὸ
955 4120 985 4173 δὲ
1002 4117 1111 4177 daiam,
1129 4134 1195 4184 οπερ
1214 4118 1290 4167 θεον.

64 4209 114 4250 tate
132 4214 217 4249 omnes
232 4201 254 4248 iu
266 4199 361 4248 Christo
373 4200 529 4259 cogitationes
539 4207 654 4259 actusque
706 4194 773 4259 elul.

63 4268 199 4332 prodirent,
218 4268 248 4315 lta
269 4274 293 4315 nt
313 4266 377 4314 unlla
400 4267 422 4315 in
442 4281 470 4313 eo
490 4265 592 4314 carnalis
611 4279 654 4312 en-

63 4337 168 4400 piditas,
199 4335 265 4383 nulla
291 4335 394 4382 bumana
419 4335 546 4393 cogitatio,
571 4332 655 4380 vitiosa

63 4404 173 4464 scilieet,
200 4403 312 4452 oriretur.
348 4401 396 4450 lVec
423 4402 550 4449 humanam
575 4407 654 4448 tamen
741 4398 756 4447 l.
775 4398 873 4459 Seguer.
891 4387 1009 4460 προςῄει.
1053 4390 1150 4441 Gobler.
1169 4385 1294 4438 canetek-

63 4475 146 4522 inesse
171 4471 266 4522 Christo
295 4468 440 4519 uoluntatem
468 4477 554 4530 negat,
583 4479 656 4531 qnam
708 4457 959 4530 bisuntinensem.
997 4459 1059 4531 udin
1075 4453 1206 4524 apicem·

740 4297 763 4346 lt.
782 4296 815 4345 lta
834 4296 934 4372 Seguer.
971 4294 996 4342 ln
1016 4291 1086 4341 editis
1099 4281 1148 4335 κατ’
1158 4287 1240 4362 deest.
