2948 5092
397 247 544 295 murone
556 246 596 290 nu
610 226 934 293 snnrsnrunsonrsu.
1002 295 1007 305 ,
1219 234 1277 302 ibi

45 416 108 477 ως
134 401 184 464 sic
211 419 280 463 oum
308 397 400 461 verba
427 398 464 461 de
490 396 640 461 divinitate
661 397 726 459 aius
747 397 825 459 (licta
845 397 998 478 magnifica
1018 398 1080 460 sint
1101 407 1131 460 et
1152 399 1278 474 excelsa,
1287 415 1365 461 raso

46 503 239 567 eeoutmio
261 499 383 565 humilia
405 508 436 561 et
456 517 548 579 egena
570 506 651 572 suut,
672 516 747 577 quae
768 497 806 560 (le
827 499 934 561 carnali
956 499 1022 561 eius
1044 500 1170 562 adventu
1189 520 1278 563 enar-

47 612 161 668 rantur.
208 602 298 677 Quod
324 609 424 665 autem
451 601 525 663 baec
552 600 617 680 ipsa
645 598 683 660 de
710 599 891 662 humanitate
914 600 1075 662 salvatoris
1109 601 1185 664 dicta
1207 602 1278 676 siut,

48 707 117 768 binc
136 703 375 767 animadvertere
396 701 475 776 licet,
497 700 577 782 quod
598 699 726 779 agricola
747 700 844 780 quoad
865 701 1062 764 substantiam
1087 721 1104 764 a
1126 702 1184 764 rite
1205 703 1280 765 alie-

50 825 105 869 nus
127 807 188 879 sit,
215 804 354 886 palmites
384 821 455 867 vero
477 801 609 865 eiusdem
630 800 814 863 substantiae
835 810 865 864 et
886 803 1003 882 generis
1025 822 1060 882 ac
1080 803 1149 864 ritis
1170 803 1207 866 ab
1229 803 1279 884 ip-

52 927 142 988 saque
162 905 303 976 indiviam
324 923 384 969 uua
404 921 512 982 nempe
533 902 696 982 eademque
717 901 832 982 origine
850 904 994 982 pullulant
1005 903 1142 985 palmites
1158 913 1187 966 et
1200 903 1279 966 vitis.

52 1009 105 1072 list
125 1016 244 1079 autem,
274 1006 316 1068 ait
337 1004 498 1079 Dominus,
526 1004 594 1085 ipss
620 1003 704 1077 ritis,
731 1022 787 1065 uos
809 1004 956 1082 palmites.
1001 1005 1033 1066 Si
1062 1005 1161 1085 itaque
1190 1005 1279 1068 nobis

54 1107 317 1172 consubstantialis
346 1121 392 1169 est
411 1105 504 1169 Filius
531 1114 561 1168 et
589 1105 712 1167 eandem
739 1123 827 1185 quam
855 1123 911 1167 nos
934 1104 1032 1167 habet
1046 1106 1207 1185 originem,
1241 1105 1281 1169 sit

53 1211 106 1273 bac
126 1209 159 1273 iu
181 1218 269 1289 parte
290 1207 405 1270 alicnus
419 1226 437 1269 a
450 1207 538 1269 Patre
559 1206 722 1269 secuudum
744 1206 950 1280 substantiam,
973 1226 1009 1268 eo
1031 1208 1122 1268 morlo
1136 1225 1196 1287 quo
1212 1198 1296 1269 ritis

54 1311 90 1375 ab
108 1309 258 1391 agnavis,
280 1309 306 1372 si
328 1328 398 1371 vero
419 1308 499 1371 aliud
520 1307 669 1370 estFilius
690 1316 808 1387 praeter
828 1308 910 1381 illud,
933 1308 1013 1387 quod
1035 1327 1091 1370 nos
1115 1326 1229 1382 sumus,
1252 1314 1283 1370 et

55 1413 100 1475 ille
122 1411 244 1492 qerielem
266 1409 395 1471 Verbum
417 1408 523 1483 Patris,
546 1427 602 1470 nos
625 1427 695 1471 vero
718 1427 753 1469 ex
776 1416 853 1470 terra
875 1410 1023 1489 procreati
1045 1417 1074 1472 et
1094 1409 1208 1488 posteri
1226 1428 1280 1472 su-

56 1533 120 1576 urus
139 1513 241 1587 Adae,
268 1530 329 1573 non
357 1509 448 1573 debet
467 1511 577 1572 dietum
598 1509 669 1572 illud
691 1510 794 1571 relerri
817 1511 852 1571 ad
875 1511 1013 1573 deitatem
1035 1511 1139 1584 Verbi,
1169 1510 1221 1573 scd
1244 1511 1281 1572 ad

56 1615 217 1677 humanm
238 1612 305 1675 eius
332 1611 489 1675 adrentum
496 1629 506 1692 3
539 1610 777 1691 quandoquidem
808 1611 848 1672 ita
875 1612 1009 1674 Salvator
1036 1613 1092 1675 ait:
1125 1612 1187 1693 Epo
1215 1631 1282 1675 aum

58 1720 133 1790 siis,
156 1734 213 1778 vos
232 1715 392 1795 palmites,
413 1721 444 1776 et
464 1712 558 1775 Peter
579 1711 724 1792 apoculo.
767 1713 830 1774 Nos
853 1713 932 1775 euim
954 1722 1094 1794 quantum
1113 1713 1150 1775 ad
1171 1730 1281 1793 eorpus

57 1817 189 1880 elnaem
219 1815 340 1897 generis
363 1832 467 1879 sumus
490 1832 524 1876 ac
543 1813 705 1889 Dominus,
736 1823 894 1894 propterea
922 1815 988 1895 ipse
1016 1814 1103 1894 dixit:
1137 1813 1281 1878 Narrabo
1366 1878 1371 1885 ,

58 1937 163 1982 mea
196 1927 284 1980 tanos
309 1917 467 1997 [ratribus
493 1919 575 1978 mos.
619 1915 661 1977 Ac
688 1915 935 1994 quemadmodum
968 1915 1103 1994 palmites
1130 1923 1201 1986 sunt
1232 1915 1283 1977 riti

60 2017 326 2082 cousubstantiales
348 2035 385 2078 ex
407 2035 498 2097 eaque
519 2017 683 2096 prodeunt,
709 2016 755 2079 sic
776 2025 806 2078 et
826 2035 882 2078 nos
897 2035 1023 2097 corpora
1037 2017 1181 2079 babentes
1197 2015 1281 2078 eius·
1303 2082 1308 2091 ,

60 2120 122 2182 dem
143 2118 265 2201 generis
286 2136 322 2179 ac
343 2135 453 2197 corprus
473 2117 593 2179 Domini
615 2136 650 2179 ex
663 2116 847 2197 plenitudine
872 2118 936 2180 eius
957 2116 1129 2196 accipimus,
1151 2116 1283 2196 illudque

60 2221 143 2283 uobis
163 2221 250 2282 radin
277 2227 325 2280 est
353 2218 390 2280 ad
416 2217 668 2281 resurrectionem
696 2227 726 2279 et
747 2217 882 2280 salutem.
926 2218 1014 2280 Pater
1035 2227 1133 2280 autem
1155 2218 1313 2297 agricola,

62 2322 150 2384 dicam
172 2329 237 2394 est3
258 2319 324 2400 ipse
347 2318 426 2381 euim
448 2319 555 2392 ritem,
577 2336 653 2399 quaa
674 2328 721 2381 est
742 2319 909 2381 humanitas
932 2319 1110 2392 Salvatoris,
1132 2337 1187 2399 per
1208 2319 1282 2381 Ver-

63 2422 127 2484 bum
147 2422 254 2497 coluit,
285 2421 352 2502 ipse
374 2421 445 2482 item
466 2439 520 2500 per
541 2419 669 2482 Verbum
691 2419 778 2481 nobis
801 2420 837 2481 ad
859 2439 981 2499 regnum
1004 2420 1081 2481 riam
1103 2420 1231 2500 pararit,
1255 2425 1285 2480 et

65 2541 145 2584 nemo
166 2523 247 2585 venit
268 2523 306 2585 ad
326 2522 497 2596 Dominum,
519 2520 579 2583 nisi
601 2520 689 2584 Pater
710 2540 778 2583 eum
801 2522 923 2583 traxerit
944 2521 980 2582 ad
1003 2521 1094 2581 illum.

148 3131 196 3190 11.
237 3127 319 3190 llaec
347 3127 437 3207 igitur
463 3144 602 3207 germana
624 3145 691 3189 cum
713 3126 753 3189 sit
774 3125 862 3187 huius
884 3125 1048 3188 sententiae
1070 3124 1286 3201 interpretatio,

72 3237 281 3309 peropportune
310 3228 348 3291 de
375 3228 509 3290 bacvite
532 3227 759 3307 scriptumest:
798 3227 860 3300 Qui
878 3226 977 3308 fidelis
1000 3238 1045 3290 eet
1067 3230 1108 3296 ei,
1137 3230 1190 3306 poi
1214 3226 1288 3304 fecit

72 3328 150 3391 illese
169 3338 200 3391 et
221 3340 307 3393 tanto
329 3328 440 3392 melior
461 3328 582 3410 Angelis
604 3331 706 3409 sactus
729 3336 759 3391 et
781 3331 906 3390 creauit.
951 3327 1018 3400 Quo
1047 3327 1125 3388 enim
1153 3334 1288 3405 tempore

73 3427 133 3490 illud
153 3429 284 3509 accepit,
308 3429 387 3510 quod
409 3448 464 3509 pro
487 3429 574 3493 nobis
598 3429 784 3490 offerendum
807 3427 919 3501 babuit,
941 3446 1049 3506 corpus
1072 3445 1178 3506 nempe
1201 3444 1289 3487 suum

65 3547 103 3613 ea
122 3531 211 3591 linia
231 3528 345 3609 rugios
368 3538 483 3603 ortum,
512 3541 583 3592 tunc
604 3529 760 3602 scribitur,
789 3548 857 3590 eum
886 3535 1016 3590 creatum
1038 3527 1147 3600 luisse,
1180 3528 1288 3588 laetum

73 3631 274 3710 conditumque
296 3633 403 3705 luisse,
435 3629 581 3710 simulem
612 3629 783 3692 huiusmodi
811 3630 887 3692 elicta
913 3627 1084 3691 bominibus
1113 3635 1287 3706 congruunt.

72 3728 165 3811 Neque
186 3740 286 3793 tamon
306 3741 378 3815 post
398 3749 509 3812 corpus
531 3739 696 3807 assumtum
718 3730 838 3810 Angelis
865 3729 1065 3809 praestantior
1086 3729 1208 3791 ellectos
1231 3734 1288 3801 est,

75 3914 163 3968 launo
183 3917 253 3968 coto.
272 3917 318 3967 les.
337 3924 362 3967 et
379 3917 459 3968 Falci.
478 3916 502 3967 3.
521 3931 593 3967 annu.
623 3917 650 3967 ln
701 3910 825 3982 γήσομαι
848 3909 879 3962 τὸ
905 3906 995 3981 ὄνομά
1020 3926 1069 3962 σου
1085 3914 1141 3967 τοῖς
1159 3905 1289 3979 ἀδελφοῖς

75 3983 201 4034 elitisnnl
216 3985 292 4034 locst
327 3983 399 4034 Fal.
425 3999 480 4034 raro
504 3986 541 4036 sie
564 3985 650 4035 babet:
701 3998 764 4050 μου.
791 3976 854 4033 ὅδὲ
871 3976 961 4048 πατὴρ
987 3974 1001 4030 ὅ
1025 3974 1163 4047 γεωργός,
1191 3983 1289 4032 omissis

75 4046 135 4098 κατὰ
150 4049 234 4100 τοῦτο
252 4043 319 4117 ὑμῖν
337 4042 352 4097 b
370 4043 437 4104 ocis.
703 4049 864 4103 intermediis.

102 4118 254 4171 Dialem&
273 4133 346 4169 anon.
359 4115 409 4166 τοῦ
419 4116 557 4183 Χριστοῦ·
577 4108 651 4168 ἄλλά.
739 4120 756 4168 l.
780 4117 947 4168 Theodoretus
967 4108 1024 4178 ἥτις
1041 4109 1099 4166 loti
1116 4112 1147 4165 τὸ
1161 4109 1291 4181 κυριακὸν

102 4201 126 4237 e.
141 4187 210 4237 liuns
227 4187 308 4237 locum
323 4187 652 4237 TheodoretusadlertDiu-
704 4185 801 4252 σῶμα,
831 4202 890 4251 prese
914 4194 948 4236 est
966 4189 1106 4236 dominicum
1124 4201 1214 4248 eorpus.
1250 4184 1290 4232 Sic

77 4249 122 4314 logo
138 4256 157 4304 l.
174 4253 215 4319 τῷ
233 4245 373 4319 ἀτρέπτῳ,
392 4269 417 4318 p.
436 4251 486 4313 aa..
504 4255 544 4318 qui
563 4254 652 4304 ibidem
704 4257 775 4304 etiam
795 4254 931 4303 l'eloltmou.
951 4254 975 4303 3.
993 4268 1081 4313 anum,
1100 4254 1139 4316 qui
1158 4252 1291 4316 posthaec

77 4318 137 4371 labet
153 4314 168 4368 ὃ
185 4317 277 4390 πατήρ
294 4335 352 4387 μου
372 4312 534 4401 ὁγεωρχὸς.
560 4321 652 4371 lbrdem
704 4322 824 4387 quaedam
843 4322 930 4370 omittit
949 4321 979 4369 de
998 4334 1073 4368 more.

77 4384 142 4438 luet.
160 4390 185 4442 3.
210 4406 284 4440 enon.
315 4381 390 4437 κατὰ
413 4379 444 4435 τὸ
475 4381 653 4452 ανθρώπινον
738 4404 760 4452 g.
781 4391 837 4450 fleg.
857 4389 980 4453 κρείττω.

77 4444 147 4506 εἰτοῦ
168 4455 311 4524 συγγενεῖς
335 4464 384 4508 etc.
425 4454 477 4506 llox
503 4456 565 4507 idom
596 4450 652 4516 aas·
738 4456 761 4506 b.
782 4457 881 4507 Tauria.
900 4457 946 4507 les.
964 4448 1131 4504 ἐκτίθεσθαι.
