2948 5092
84 205 147 269 104
480 216 507 260 ι.
525 215 679 271 amman
693 213 919 260 εεεειευιεαονι

6 360 182 433 αταύτόν
210 365 258 445 (αἱ
285 364 346 452 γὰρ
374 365 441 430 τῶν
459 356 640 484 ᾌρειαγῶν
666 355 752 483 ῦπέρ
773 355 875 428 αὐτοῦ
897 359 1088 483 προφάσεις
1110 363 1218 431 αἰτίαι
1239 359 1308 432 κατ’

83 464 183 535 αύτοῦ
205 465 421 553 τυγχάνουσι),
443 461 478 530 τί
498 461 699 550 ποιήσουσιν
721 456 894 544 ἇκούοντες
915 466 970 531 καί
991 466 1058 530 τῶν
1079 464 1234 551 μεγάλων
1254 470 1311 534 καὶ

82 576 206 656 μακαρί
206 596 252 636 ων
192 563 486 636 ίΑποστύλων
509 565 543 633 έν
564 575 639 644 ταῖς
660 562 811 651 πράξεσι,
834 567 893 632 τοῦ
916 566 976 650 μὲν
991 571 1123 651 Πέτρου
1139 567 1309 653 λέγοντος·

82 667 200 757 ἄνδρες
217 650 466 757 Ἰσραηλῖται,’
448 665 609 734 ακούσατε
630 664 707 745 τοῦς
721 664 837 753 λόγους
851 665 997 746 τούτους.
1024 661 1148 788 Ἰησοῦν
1162 667 1222 736 τόν
1238 676 1311 736 Να-

82 771 242 859 ζωραῖον,
269 768 374 857 ἄνδρα
395 761 712 854 ἆποδεδειγμένον’
694 764 763 834 απὸ
783 770 843 834 τοῦ
863 770 949 836 θεοῦ
972 763 1059 847 εἰς(
1040 771 1127 856 ημᾶς
1149 769 1312 855 δυνάμεσι

82 875 138 940 καί
159 877 274 959 τέρασι
295 874 349 939 καί
372 877 536 960 σημείοις,
566 864 660 949 οἶςέ
661 873 799 956 ποίησεν
822 864 840 935 6
862 869 945 949 θεὸς
967 865 1015 937 δι’
1038 864 1140 937 αὐτοῦ
1163 871 1198 938 έν
1219 877 1311 961 μέσῳ

82 969 192 1058 ύμῶν,
220 971 336 1052 καθὼς
364 973 491 1053 οἴδατε,
525 974 643 1038 τοῦτον
671 973 710 1058 τῇ
733 965 897 1058 ῶρισμένη
919 972 1022 1059 βουλῇ
1045 974 1100 1038 καί
1122 973 1312 1059 προγνώσει

84 1076 163 1141 ’τοῦ
183 1077 268 1141 θεοῦ
297 1072 430 1142 ἔκδοτον
459 1072 516 1140 διὰ
546 1074 664 1159 χειρῶν
691 1066 823 1156 ἀνόμων
845 1072 1095 1159 προςπήξαντες
1118 1068 1309 1156 ἇνείλατε),

82 1177 139 1243 καί
161 1173 279 1243 πάλιν·
303 1174 337 1242 έν
358 1178 405 1262 τῷ
429 1169 594 1260 όνόματι’
587 1175 687 1261 Ιησου
699 1176 848 1259 Χριστου
859 1196 918 1240 του
901 1172 1181 1259 Ναζωραίου
1165 1201 1203 1243 ον
1217 1172 1312 1261 ῦμεῖς
1367 1221 1373 1230 ·

84 1274 364 1364 ἐσταυρώσατε,ι
347 1301 384 1343 ον
407 1272 425 1342 6
446 1273 573 1376 θεὸς”
551 1299 676 1363 ηγειρεν
699 1273 734 1342 έκ
738 1277 885 1444 δντκρῶν,
908 1273 943 1343 έν
964 1274 1072 1362 τούτῳ
1094 1265 1192 1356 οὗτος
1206 1283 1312 1363 παρί-

85 1401 200 1467 στηκεν
223 1373 407 1446 ἐνώπιον(
389 1380 480 1462 τμῶν
492 1367 632 1464 ύγιής),
656 1380 714 1443 τοῦ
738 1376 925 1445 δὲΠαύλου
944 1376 1158 1465 ἐξηγουμένου
1181 1377 1215 1445 έν
1234 1373 1311 1447 ’Λν-

83 1485 210 1567 τιοχείηι
231 1483 289 1566 τῆς
310 1479 451 1546 1’ίΠισιδ
438 1485 506 1559 ί,ας
537 1475 590 1546 ὅτι
617 1478 824 1567 μεταστήσας
846 1474 864 1545 6
885 1478 968 1559 θεὸς
989 1479 1047 1546 τὸν
1068 1477 1224 1546 §now
1201 1505 1312 1600 ηγειρε

83 1579 142 1648 τὸν
163 1579 325 1666 Δαβλδ’
296 1606 343 1659 εις
362 1570 563 1666 βασιλέα,
535 1607 561 1669 ῳ
583 1586 636 1648 καί
660 1576 734 1649 εἶπε
753 1578 978 1669 μαρτυρήσας·
1002 1569 1097 1664 εὗρον
1119 1582 1285 1667 Δαβὶδ
1251 1606 1310 1648 τον

5 1700 76 1746 ,με
84 1684 145 1748 τοῦ
164 1676 290 1761 Ἰεσσαί,
314 1680 435 1769 οῦὶνδρα
455 1684 539 1751 κατὰ
559 1683 618 1767 τήν
638 1683 775 1770 καρδίαν
788 1706 862 1768 μου,
880 1680 918 1761 ὃς
932 1680 1070 1768 ποιήσει
1080 1681 1123 1748 τὰ
1133 1682 1311 1771 θελήματά

83 1805 158 1868 μου.
203 1781 321 1851 τούτου
352 1779 370 1850 6
397 1783 480 1864 θεὸς
508 1779 577 1852 ἀπὸ
605 1787 663 1852 τοῦ
686 1790 876 1872 σπέρματος
897 1779 966 1850 κατ’
991 1783 1189 1869 ἐπαγγελίαν
1210 1782 1312 1871 ήγαγε

82 1885 132 1971 τῷ
150 1881 276 1970 Ἰσραήλ
298 1888 431 1973 σωτῆρα
448 1883 609 1975 Ἰησοῦνλ),
632 1889 686 1955 καλ
701 1885 804 1954 πόλιν
820 1885 854 1954 έν
869 1895 944 1965 ταῖς
955 1881 1135 1971 Ἀθήναις·
1157 1885 1236 1965 τούς
1250 1888 1311 1971 μέν

83 1975 142 2052 οῦν
168 1983 304 2072 χρόνους
332 1990 391 2075 τῆς
418 1983 552 2074 ἀγνοίας
573 1983 739 2074 ὑπεριδὼν
762 1984 780 2054 ό
802 1986 902 2067 θεός,
925 1985 968 2054 τὰ
990 1990 1046 2053 νῦν
1068 1988 1312 2073 έπαρυγγέλλει

82 2091 156 2166 τοῖς
177 2081 383 2174 ἀνθρώποις,
407 2087 534 2169 πάντας
548 2093 717 2173 πανταχοῦ
731 2100 920 2174 μετανοεῖν·
942 2084 1065 2155 καθότι
1080 2087 1216 2176 ἔστησεν
1231 2085 1331 2176 ήμέϋ·

83 2211 161 2274 ραν,
192 2187 226 2255 έν
252 2178 275 2276 6
295 2190 408 2273 μέλλει
428 2197 549 2276 κρίνειν
570 2191 629 2279 τήν
652 2191 842 2278 οἰκουμένην
865 2189 898 2258 έν
921 2189 1129 2276 δικαιοσύνῃ,
1158 2188 1193 2256 έν
1216 2185 1311 2277 ἀνδρὶ

83 2277 252 2376 ῶῶρισε,
275 2297 391 2357 πίστιν
413 2292 594 2379 παρασχὼν
616 2295 737 2372 πᾶσιν,
761 2286 947 2378 ἆναστήσας
969 2285 1069 2359 αὐτὸν
1092 2290 1126 2358 ἐκ
1148 2294 1310 2377 νεκρῶν),

82 2383 106 2478 6
126 2390 297 2479 Στεφάνου
319 2395 378 2457 τοῦ
400 2392 559 2480 θμεγυίλου
580 2393 754 2479 μάρτυρος,
779 2388 857 2459 όταν
880 2394 972 2480 λέγη·
996 2391 1069 2459 ἰδού
1090 2395 1214 2477 θεωρῶ
1233 2393 1312 2472 τοὺς

83 2485 244 2578 σύρανοός
276 2492 536 2580 διηνοιγμένους,
569 2497 623 2561 καὶ
656 2493 713 2560 τὸν
741 2492 812 2560 υἱὸν
841 2497 899 2560 τοῦ
929 2489 1114 2580 ἀνθρώπου
1136 2493 1171 2561 ἐκ
1194 2494 1311 2573 δεξιῶν

84 2589 213 2658 ἑστῶτα
234 2596 293 2659 τοῦ
314 2599 399 2662 θεοῦ
407 2600 445 2678 “),·
474 2592 545 2680 ὥρα
565 2595 641 2681 έγὰρ
670 2593 790 2661 λοιπὸν
813 2589 932 2674 αύτούς
953 2599 1007 2661 καὶ
1030 2598 1087 2661 νῦν
1110 2589 1312 2680 ύποθρασύ·

82 2698 206 2759 νεσθαι
227 2696 281 2761 καὶ
304 2696 409 2781 λέγειν
431 2691 538 2773 (οὐδὲν
559 2695 621 2782 γὰρ
643 2691 757 2774 αύτοῖς
778 2690 984 2782 ἀτύλμητον),
1009 2691 1062 2762 ὅτι
1083 2698 1138 2762 καὶ
1160 2689 1255 2761 αὐτοὶ
1279 2695 1312 2760 οἱ

84 2785 271 2861 ἇπόστολοι
291 2794 334 2862 τὰ
351 2790 482 2882 Ἀρείου
505 2796 681 2885 ἐφρόνουν·
705 2795 889 2883 ἄνθρωπον
903 2797 964 2883 γὰρ
986 2793 1077 2864 ’ἀπὸ
1092 2796 1246 2883 Ναζαρὲτ
1256 2798 1310 2863 καὶ

83 2895 241 2982 παθητὸν
263 2894 321 2961 τὸν
343 2896 491 2981 Χριστὸν
514 2893 785 2985 ἀπαγγέλλουσιν.

171 3003 200 3064 8.
242 2992 387 3064 Ἐκείνων
415 3005 526 3066 τοίνυν
555 3003 695 3068 τοιαῦτα
723 2999 990 3088 φανταζομένων,
1025 2988 1074 3085 ἆρ’
1100 2997 1216 3085 ἐπειδὴ
1238 3008 1311 3077 τοῖς

82 3096 230 3184 ιῥήμασι
250 3097 381 3178 τούτοις
403 3099 590 3187 ἐχρήσαντο,
613 3101 715 3187 μόνον
738 3098 924 3187 ἄνθρωπον
937 3098 1122 3221 ήδεισαν
1088 3122 1147 3165 τον
1161 3100 1310 3185 Χριστὸν

82 3198 118 3265 οί
146 3194 332 3267 ἆπόστολοι
353 3203 407 3268 καί
430 3202 533 3268 πλέον
555 3197 668 3283 0656,-
700 3201 745 3290 μή
774 3207 919 3287 γίνοιτο·
948 3196 1007 3268 οῦκ
1039 3200 1128 3267 ἔστιν
1157 3195 1234 3268 οῦδὲ
1261 3202 1308 3281 εἷς

83 3301 161 3368 νοῦν
188 3303 285 3367 τοῦτο
314 3303 429 3388 λαβεῖν
455 3324 555 3370 ποτε·
584 3299 743 3371 ἀλλὰκαὶ
765 3306 863 3370 τοῦτο
886 3299 932 3382 ῶς
953 3297 1175 3389 ἀρχιτέκτονες
1204 3301 1309 3391 σοφοὶ

4 3428 15 3445 ·
82 3402 137 3468 καί
166 3400 336 3487 οἰκονόμοι
362 3411 551 3493 μυστηρίων
571 3407 644 3471 Ιτοῦ
672 3407 758 3474 θεοῦ
781 3402 1002 3492 πεποιήκασι,
1030 3407 1084 3471 καὶ
1112 3403 1170 3492 τήν
1199 3403 1309 3472 αἰτίαν

83 3501 213 3586 ἔχουσιν
242 3501 391 3592 εῦλογον·
424 3504 540 3594 ἐπειδὴ
567 3504 629 3594 γὰρ
652 3506 686 3573 ολ
706 3504 782 3573 τότε
801 3500 970 3587 Ἰουδαῖοι,
1002 3506 1230 3594 πλανηθέντες
1251 3495 1309 3574 Ιιτε

81 3605 135 3671 καὶ
159 3604 386 3693 πλανήσαντες
399 3602 563 3695 Ἓλληνας,
587 3606 737 3693 ἐνόμιζον
758 3607 815 3674 τὸν
830 3607 979 3695 Χριστὸν
1000 3606 1104 3693 ψιλὸν
1125 3605 1309 3693 ἄνθρωπον

152 3828 176 3881 1)
194 3829 243 3877 λεί.
262 3827 286 3889 2,
305 3828 370 3879 22-
374 3829 414 3880 24.
484 3830 509 3889 2)
527 3831 620 3894 Αεί.,4
641 3833 681 3884 10.
751 3832 776 3891 3)
794 3835 843 3883 λεί.
863 3831 902 3893 13,
921 3830 961 3882 22.
981 3830 1022 3881 23.
1091 3832 1118 3894 4)
1136 3834 1186 3883 Διί.
1207 3832 1247 3894 17,
1266 3832 1308 3884 30.

33 3973 34 3976 Ἴ
82 3891 122 3943 31.
193 3895 380 3957 {6165ss
398 3894 452 3963 [55
470 3895 559 3966 ῖυίςμ]

115 4027 204 4079 ατοῦ
222 4031 245 4079 in
264 4031 335 4081 edilis
354 4032 521 4084 desideratur:
546 4034 589 4084 sed
606 4034 668 4095 Ιεςί-
718 4034 790 4085 Sed
784 4049 808 4084 ιιι
826 4034 927 4099 reliquis
945 4047 1020 4096 mss„
1044 4035 1068 4085 in
1093 4035 1206 4086 omnibus
1236 4035 1306 4085 editis

80 4042 127 4147 εστΙ
144 4097 168 4148 in
192 4098 305 4148 omnibus
330 4101 454 4150 codicibus
481 4110 505 4150 ει
532 4102 555 4151 in
574 4103 666 4153 Graeco
718 4109 743 4152 et
766 4102 790 4151 in
815 4102 908 4153 Graeco
932 4071 1073 4166 Scripl6rae
1102 4111 1167 4153 ιειῑυ
1196 4102 1306 4153 habetur.

80 4164 668 4230 scripturatum.ibidemTanrin.1es.et
717 4169 770 4219 uox
787 4162 879 4217 πάντα
903 4170 927 4219 in
951 4169 1050 4219 Tauria.
1069 4170 1115 4219 1ου.
1134 4170 1175 4220 Fr.
1192 4169 1212 4220 1.
1242 4178 1266 4220 et
1285 4171 1308 4219 in

81 4232 187 4284 Graecus
211 4235 263 4283 Scri
283 4242 351 4284 lurae
374 4243 452 4285 ιειῑσι
480 4229 527 4283 διὰ
550 4234 664 4305 χειρῶν,
718 4238 810 4289 Graeco
829 4238 917 4302 script.
936 4245 999 4288 textu
1028 4237 1130 4299 legitur,
1157 4239 1180 4288 in
1205 4237 1307 4302 reliquis

80 4299 121 4350 ιΙίί
139 4309 163 4350 ει
181 4302 238 4351 editi
256 4249 303 4349 66
315 4298 418 4368 χειρός.
717 4318 776 4354 mu.
796 4313 819 4355 ει
837 4307 860 4355 in
881 4306 952 4356 editis
971 4305 1130 4355 desideratur.

114 4368 138 4417 b.
157 4369 254 4419 Τευιίο.
273 4377 296 4418 et
315 4372 352 4420 Fr.
367 4371 386 4420 1
404 4364 550 4424 πισστδίας.
751 4373 775 4422 δ.
794 4372 834 4423 Sic
851 4387 937 4423 omnes
956 4373 1013 4423 editi
1032 4381 1055 4423 ει
1073 4374 1180 4425 ὓτιεευε
1196 4373 1307 4436 Scriptu-

115 4451 136 4485 τ.
154 4427 251 4505 ’ἄνδρα
274 4439 375 4488 deest
368 4438 758 4491 ιυΤεσυὶυ.(1οΙ.4εκ.τεε
782 4448 868 4491 textus.
910 4442 968 4505 fleg
994 4431 1175 4507 ἀπαγγέλλει,
1206 4441 1305 4490 Tauria
