2948 5092
534 252 644 299 omaro
660 252 680 296 ι.
697 254 812 298 courel
826 252 962 299 οιιοιοο.
1296 242 1384 317 1⁶ae
1437 300 1438 304 ,

125 404 238 465 discant
260 411 375 483 quanto
397 403 484 483 lapsu
506 403 676 478 ceciderint,
699 413 787 483 atque
808 404 848 465 ita
870 404 977 467 deinde
991 404 1158 484 loquantur.
1190 407 1268 480 Quid
1283 421 1443 470 renouata.

126 504 251 585 amplius
273 523 313 569 ex
334 504 385 567 illa
404 504 563 567 dicendum
583 505 721 580 habeant,
744 525 831 586 mam
854 506 925 568 ista:
949 506 1036 580 „Nou
1059 525 1179 587 semper
1199 509 1280 572 lleus
1301 510 1358 574 luit

126 606 251 680 „Pater,
272 606 329 669 aod
349 615 456 686 postea
476 608 570 668 lactus
592 616 647 669 est.
692 607 759 668 Non
781 627 899 687 semper
920 608 976 669 luit
996 607 1099 683 Filius,
1123 628 1179 671 nec
1200 612 1280 672 enim
1302 611 1358 674 luit

126 716 312 788 „antequam
333 717 422 771 uatrrs
444 717 502 770 est.
545 709 612 770 Nou
634 718 681 770 est
703 728 738 771 er
759 709 862 782 Patre,
891 709 944 772 sed
972 710 1036 790 ipse
1064 729 1182 791 quoque
1205 731 1239 774 ex
1262 713 1355 776 nihilo

128 810 279 884 ,‚exstitit.
324 810 391 873 Nou
414 811 555 892 proprius
578 821 623 873 est
642 820 765 873 naturae
786 812 893 884 Patris,
917 831 984 874 uam
1007 824 1038 874 et
1059 822 1175 876 creatus
1190 823 1237 884 est
1258 823 1289 877 et
1309 817 1355 879 le·

129 925 227 986 „otuu
274 912 413 975 Christus
437 930 496 975 oon
521 922 567 974 cst
588 932 675 975 verus
697 913 792 987 Deus,
820 913 874 975 sed
896 914 960 993 ipse
982 914 1069 976 etiam
1091 914 1210 977 nonnisi
1232 917 1355 996 partici-

128 1014 275 1092 „patioue
294 1013 377 1076 Deus
405 1016 527 1076 ellectus
556 1024 611 1077 est
655 1015 746 1077 Filius
775 1015 895 1077 Patrem
923 1034 985 1077 uon
1011 1016 1094 1078 novit
1121 1027 1271 1090 accurate,
1299 1036 1356 1082 uec

129 1114 285 1188 „tamum
305 1117 438 1195 perlecta
458 1116 577 1179 Patrem
598 1116 694 1190 videt;
716 1135 771 1178 nec
792 1116 864 1178 item
885 1136 986 1178 verum
1011 1126 1041 1178 et
1062 1118 1181 1180 unicum
1196 1126 1244 1180 est
1256 1119 1355 1182 Patris

130 1216 301 1292 ,Verbum
324 1218 377 1281 sed
399 1218 465 1280 solo
488 1219 608 1280 uomina
629 1217 757 1280 Verbum
780 1218 887 1280 dicitur
909 1229 939 1280 et
961 1218 1127 1299 Sapientia,
1148 1221 1241 1299 gratia
1262 1220 1354 1284 Filius

130 1326 182 1391 „et
200 1318 300 1382 virtus
322 1320 495 1400 appellatur.
540 1320 605 1402 Non
628 1329 674 1383 est
695 1320 886 1382 immutabilis
909 1330 942 1383 ut
961 1321 1060 1391 Pater,
1082 1321 1136 1384 sed
1159 1324 1263 1383 uaturl
1285 1340 1353 1384 mu-

131 1419 249 1506 ,atius
272 1430 322 1483 est
343 1422 431 1484 sicuti
453 1441 501 1484 res
525 1432 656 1496 creatae,
679 1423 796 1502 ipsique
818 1421 923 1496 deest,
946 1422 1025 1502 quod
1047 1422 1084 1484 ad
1106 1423 1353 1503 comprehensio·

131 1541 219 1594 „uem
248 1533 280 1586 et
304 1526 467 1604 perfectam
488 1524 584 1586 Patris
613 1524 810 1603 cognitionem
833 1522 1046 1602 requiriturl“
1090 1524 1162 1585 blira
1184 1543 1257 1586 sane
1278 1524 1352 1587 bae·
1445 1562 1450 1581 .

131 1626 209 1699 reaia,
231 1645 313 1706 quae
334 1626 408 1687 nihil
429 1627 561 1687 continet
583 1625 731 1699 credibile,
755 1625 807 1687 aed
830 1644 908 1698 eum,
931 1625 981 1704 qui
1003 1634 1059 1698 est,
1087 1644 1149 1686 uon
1170 1644 1238 1687 esse
1258 1625 1353 1706 lingit,

130 1737 329 1807 perpetuoque
357 1746 412 1806 pro
439 1726 575 1789 laudibus
605 1728 719 1807 protei-t
746 1725 909 1787 maledicta.
960 1725 992 1787 Si
1020 1725 1086 1804 quis
1114 1726 1203 1805 igitur
1230 1734 1354 1806 utraque

131 1828 289 1890 nominata
313 1828 463 1890 sententia
485 1838 615 1907 rogetur,
638 1846 782 1907 quaenam
807 1828 880 1888 fides
905 1827 962 1888 sibi
985 1826 1118 1888 videatur
1140 1827 1283 1906 eligenda,
1306 1828 1352 1889 vel

131 1929 279 1991 ouusnam
302 1949 391 1992 voces
413 1931 476 1991 lieo
499 1931 593 2010 magis
615 1928 773 1991 convenire
795 1929 964 2002 arbitretur,
988 1929 1049 1989 imo
1072 1948 1143 1990 vero
1158 1930 1204 1992 vel
1218 1929 1277 2010 ipsi
1292 1930 1350 1993 im-

131 2029 241 2107 pietatis
271 2040 478 2094 assentatores
507 2032 620 2106 dicant,
653 2030 723 2110 quid
753 2032 789 2091 de
817 2031 878 2092 lleo
907 2034 987 2103 (uam
1008 2031 1091 2093 Deua
1120 2045 1189 2095 erat
1214 2030 1351 2108 Verbum)

130 2133 292 2213 quempiam
314 2133 526 2213 interrogatum
550 2135 651 2194 deceat
673 2132 864 2211 respondere.
908 2131 980 2192 lude
995 2133 1075 2195 euim
1098 2132 1246 2194 sententia
1267 2141 1351 2195 utra·

130 2253 180 2313 qne
198 2235 360 2316 proposita
393 2235 514 2297 omniuo
542 2234 707 2306 constabit,
736 2233 806 2312 quid
836 2232 1020 2312 respondere
1048 2234 1218 2307 conveniat;
1245 2253 1354 2314 nempe

132 2347 185 2397 erat
198 2337 270 2398 rel*
291 2355 355 2399 nou
377 2344 450 2409 erat,
473 2355 592 2415 semper
614 2335 658 2396 vel
681 2343 837 2414 antequam
860 2343 946 2396 natus
969 2342 1025 2406 cst,
1048 2342 1200 2396 aeternum
1223 2354 1293 2397 esse
1307 2335 1354 2398 vel

131 2457 217 2517 aquo
241 2446 273 2500 et
293 2457 331 2499 ex
352 2458 429 2517 quo,
451 2456 558 2499 nerum
582 2456 651 2498 esse
673 2436 718 2497 rel
740 2435 915 2514 adoptione,
943 2435 1168 2515 participatione
1190 2446 1220 2498 et
1241 2455 1351 2500 secun-

131 2540 192 2601 dom
212 2539 446 2619 cogitationem,
469 2558 559 2600 uuum
582 2557 648 2600 eum
671 2557 707 2598 ex
729 2537 811 2599 lactis
833 2536 923 2597 rebus
947 2535 1104 2597 dicendum
1126 2555 1194 2598 esse
1216 2537 1262 2597 vel
1284 2556 1351 2599 cum

131 2641 209 2703 Patre
232 2641 490 2720 coniungendam,
519 2642 617 2720 ipsum
639 2639 718 2700 Patri
741 2638 904 2700 secundum
926 2646 1060 2700 naturam
1084 2656 1153 2698 esse
1175 2636 1351 2699 dissimilem

132 2744 170 2804 iel
188 2744 287 2805 Patris
311 2743 440 2805 similem
462 2751 492 2804 et
514 2742 668 2822 proprium
692 2760 771 2814 esse,
794 2760 857 2802 rem
880 2749 1008 2802 creatam
1030 2758 1099 2800 esse
1114 2740 1168 2800 ⁴vel
1185 2758 1239 2817 per
1254 2740 1352 2818 ipsum

130 2862 172 2906 res
192 2854 310 2906 nectas
333 2846 424 2906 lactas
446 2844 555 2918 luisse,
584 2863 652 2906 eum
680 2862 748 2905 esse
776 2843 872 2904 Patris
899 2841 1027 2904 Verbum
1054 2841 1099 2902 vel
1127 2841 1253 2901 alterum
1281 2859 1351 2903 esse

129 2956 242 3024 praeter
263 2947 372 3018 istrum,
393 2946 552 3026 ipsumque
573 2964 629 3024 per
649 2945 719 3006 illud
742 2945 821 3006 aliud
844 2943 972 3004 Verbum
993 2951 1022 3003 et
1043 2960 1097 3020 per
1119 2941 1204 3002 aliam
1227 2941 1348 3020 sapien·

128 3045 192 3108 tiam
215 3040 326 3108 lactum
349 3065 434 3120 ease,
457 3047 585 3109 eundem
606 3047 733 3125 denique
755 3045 874 3107 nomine
897 3043 1099 3106 tantummodo
1121 3042 1300 3121 Sapientiam
1321 3049 1438 3106 etune

129 3147 251 3209 Verbum
273 3159 409 3210 rotatum
424 3166 502 3221 esse,
526 3148 660 3227 illiusque
677 3147 838 3226 sapientiae
852 3146 1025 3225 participem
1040 3154 1069 3207 et
1083 3144 1245 3206 secundum
1261 3143 1351 3208 luisse

124 3251 241 3310 mum.

190 3601 207 3632 ³
225 3597 297 3666 [lluie
315 3601 351 3650 rel
369 3603 457 3666 pariter
475 3608 544 3665 atque
562 3603 709 3666 sequentibus
727 3602 867 3666 praestiterit
886 3601 1025 3650 substituere
1043 3595 1094 3663 au]

120 3732 178 3804 γὲρ
196 3729 312 3787 τούτων.
340 3738 384 3788 ulii
403 3745 428 3787 et
445 3727 567 3786 aditiaini
581 3728 711 3800 γὰρτού-
762 3730 907 3799 γενέσθαι,
944 3725 960 3793 ἢ
988 3728 1022 3781 τὸ
1051 3724 1156 3787 ἀΐδιον,
1192 3725 1207 3792 ἢ
1233 3726 1265 3780 τὸ
1294 3722 1348 3799 ἐφ’

122 3820 179 3853 του.
226 3806 285 3854 ltem
313 3796 476 3855 Seuerianus
502 3802 662 3854 Goblerinnus
688 3810 713 3850 et
764 3787 797 3850 oui
814 3809 859 3851 elo.

123 3874 262 3922 l'elclml.
276 3818 710 3937 iuanuuadunpoplqdiuwu.
799 3872 815 3918 l.
834 3869 974 3929 Seqrierian.
993 3868 1050 3928 lleq.
1076 3874 1100 3916 et
1117 3866 1221 3915 tolcam.
1241 3867 1265 3916 o.
1286 3856 1351 3918 lul-

123 3941 185 3989 sono
211 3950 236 3987 et
259 3942 299 3989 alii
323 3933 460 4006 ἑκατέρων
477 3936 533 3986 τῶν
557 3930 711 4003 προβλημά-
763 3951 846 4003 μοιον
875 3927 967 3983 αὐτόν.
1013 3935 1038 3983 ln
1063 3934 1133 3982 editis
1160 3924 1246 3981 adadu
1273 3936 1349 3983 deest

122 4022 187 4055 ων.
225 4007 277 4056 lbid
296 4009 437 4069 Sequerian.
456 4000 484 4054 ti
500 4001 597 4070 πρέπει
614 4002 710 4069 λέγειν,
766 4008 817 4054 llox
836 4005 866 4053 Se
884 4020 934 4052 uer.
954 4004 1010 4063 lleg.
1031 4002 1128 4051 Gobler.
1153 4010 1177 4050 et
1202 4003 1305 4050 Felclm.
1327 4002 1348 4050 l.

120 4060 217 4133 vitiu,
237 4066 253 4132 ἢ
273 4068 305 4122 τὸ
324 4061 437 4133 οἰοιῆν·
457 4063 559 4126 udaiei,
580 4065 713 4137 ἢιὸπρὶν
766 4066 866 4120 idoare
896 4084 932 4118 ne.
971 4071 1031 4118 Editi
1054 4077 1078 4117 et
1101 4069 1141 4116 olli
1160 4059 1252 4117 ἀΐδιον
1268 4056 1346 4116 abac.

120 4138 269 4208 ratem·
288 4135 320 4190 ti
339 4132 476 4200 attam
493 4134 526 4187 at
545 4132 600 4204 ἀφ’
620 4124 710 4190 ariete.
798 4156 820 4201 3.
839 4130 1045 4202 sigonunuot
1068 4137 1164 4185 omittit.
1200 4138 1265 4185 ldem
1286 4149 1348 4192 meta,

120 4214 172 4272 neg
198 4212 297 4261 Gobler.
316 4219 341 4259 et
359 4210 502 4260 feteant.
521 4202 549 4254 ai
565 4203 712 4271 natureae·
764 4207 836 4256 basil.
856 4207 995 4258 Goblerian.
1014 4204 1142 4252 tetram!
1172 4211 1195 4252 et
1208 4204 1232 4252 5.
1251 4199 1350 4249 τοῦτον

118 4291 196 4341 γον,
216 4263 265 4336 ἦν,
294 4268 362 4336 ἢῆ
381 4262 495 4336 uiuit·
515 4269 547 4321 τὸ
567 4265 609 4322 ἀεὶ
627 4260 711 4353 rimip'
762 4271 883 4341 μέτοχον
899 4263 1090 4336 uaidaiirepou.
1115 4271 1234 4331 Anglicun.
1250 4266 1350 4316 τοῦτον

119 4341 152 4393 τὸ
170 4338 240 4410 πρὶν
254 4340 397 4410 γενέσθαι,
418 4336 559 4396 atatem.
581 4334 640 4400 ἢτὸ
655 4334 698 4407 ἀφ
764 4335 900 4407 δεύτερον.
939 4342 1000 4390 aldid
1022 4337 1122 4386 τοῦτον
1137 4332 1256 4402 μέτοχον
1272 4347 1350 4399 γεγε-

119 4398 216 4463 οὖειο.
251 4415 294 4463 tlii
320 4423 345 4464 et
369 4414 428 4463 editi
455 4406 484 4460 ai
499 4424 520 4458 π
538 4405 596 4459 ἐπει
614 4405 711 4474 λέγειν,
764 4409 875 4469 uictae.
902 4408 1042 4470 Sequeriau.
1062 4405 1134 4470 paulo
1153 4413 1209 4468 post
1225 4398 1354 4466 declaret

117 4467 154 4541 ἦν
171 4472 219 4530 ὅτι
238 4471 286 4530 eiu
303 4467 353 4542 ἢν,
374 4472 391 4540 ἢ
410 4473 443 4529 τὸ
463 4469 506 4527 aiei
520 4423 574 4540 ἓν·
598 4471 630 4525 τὸ
648 4470 715 4542 πρὶν
764 4471 811 4526 uui
828 4471 955 4527 δείκνυσι.

1094 4551 1148 4604 ll*
