2948 5092
455 265 564 313 snare
579 267 600 311 1.
616 266 732 315 oerum
745 267 882 319 munos.
1214 261 1279 331 m

52 420 149 483 dendo
177 426 210 483 st
235 417 444 487 dssnendende
471 417 657 494 ministrant,
686 418 723 481 de
744 419 820 482 Filio
848 430 946 490 autum
973 421 1058 493 disin:
1091 426 1131 493 lto
1150 428 1399 497 amomon»

52 540 116 585 euos
137 538 242 586 mss
264 519 373 601 Δηώ·
383 521 450 585 Dei.
492 520 620 600 Insuper
642 539 709 583 eum
723 521 825 602 Angeli
846 523 1025 601 ministrant,
1047 527 1145 593 aiunt:
1167 529 1279 597 blisum

51 641 115 685 snm
136 622 177 687 ad
198 630 238 700 te,
262 631 307 685 et:
328 621 473 693 Dominus
494 620 654 705 praecepit.
698 623 734 684 tt
753 620 855 698 Filius,
877 625 947 690 lieet
967 635 1000 690 nt
1020 628 1113 694 bomo
1135 631 1223 707 diost,
1243 652 1280 699 se

50 725 177 789 missurn
199 743 268 791 esse
291 733 322 788 st
343 724 462 789 uenisse
484 724 522 788 ad
543 743 619 804 opus
641 724 854 804 perficiendum
879 735 910 791 et
930 729 1207 808 administrandum,
1230 743 1278 799 ts-

50 846 117 891 nen
138 834 176 892 nt
196 825 325 891 Verbum
347 834 378 889 et
398 826 495 906 imago
518 827 573 890 ait:
602 826 665 907 lieo
686 831 719 894 ta
740 828 834 893 Patra
856 839 886 894 et
907 830 1000 896 Pater
1020 837 1054 898 io
1075 853 1121 899 nto
1144 846 1203 908 est,
1232 844 1278 903 et:

53 929 114 1003 Qus·
134 929 288 1001 viditate,
310 927 434 997 Putrem
456 928 540 1000 uidit,
564 936 608 992 et:
629 928 723 994 Peter
744 933 778 992 in
797 950 844 994 me
863 951 990 997 mouns
1005 938 1070 1016 ipss
1082 937 1159 1015 [neit
1174 956 1277 1019 opera.

52 1030 122 1093 llam
144 1048 222 1110 quae
243 1031 275 1093 in
296 1030 355 1094 ista
375 1029 513 1093 ridentur
534 1030 676 1111 imagine.
698 1049 733 1094 ea
754 1032 821 1113 ipsa
842 1041 914 1096 sunt
934 1035 1031 1102 Patris
1054 1057 1156 1119 opera.
1198 1039 1281 1104 Hane

54 1130 139 1211 igitur
158 1132 231 1195 satis
254 1132 382 1195 suntad
403 1132 536 1196 vomtalis
558 1134 662 1196 hostes
683 1133 798 1213 pudore
819 1136 1001 1202 alliciendos.
1047 1138 1187 1214 Quodsi,
1211 1141 1281 1221 quia

56 1232 193 1313 seriptum
216 1241 264 1295 ast
282 1238 629 1316 prnsstnatiersoetus,
651 1235 757 1298 nolunt
778 1237 854 1300 banc
875 1257 978 1303 vocem
998 1241 1103 1320 suetus
1125 1242 1166 1303 ita
1187 1242 1277 1306 iosu-

59 1332 102 1413 liui
122 1335 160 1398 de
181 1334 273 1410 Filio,
304 1344 337 1400 ut
356 1336 436 1398 idem
458 1337 499 1400 sit
520 1356 555 1400 ao
575 1338 602 1399 si
623 1336 772 1401 diceretur
793 1342 896 1420 suetus
920 1354 965 1408 est
986 1349 1017 1404 et
1037 1353 1100 1418 est3
1128 1343 1174 1407 vel
1196 1344 1278 1424 quod

62 1434 119 1496 eins
139 1435 358 1500 administratio
379 1439 580 1517 praestantior
602 1437 667 1501 aliis
689 1441 764 1503 laeta
784 1441 889 1516 luerit,
912 1443 954 1505 uli
977 1442 1120 1531 diximus,
1144 1444 1197 1507 sed
1219 1446 1369 1509 boam

66 1554 95 1597 ex
112 1536 253 1599 vocabulo
275 1537 456 1602 arbitrantur
471 1541 585 1605 ⁸laetum
607 1540 665 1604 diei
686 1540 825 1616 Verbum,
848 1543 922 1607 baec
941 1543 1049 1609 iterum
1070 1544 1201 1609 breviter
1222 1564 1278 1611 nu-

67 1635 143 1714 disut,
166 1638 405 1719 quandoquidem
427 1658 502 1719 quas
523 1661 613 1722 supra
635 1641 849 1723 disputavimus
871 1644 929 1706 iam
951 1654 1022 1711 sunt
1043 1645 1136 1709 oblili.

139 1945 187 2009 62.
232 1942 265 2004 Si
287 1942 380 2006 Filius
404 1961 480 2006 unus
503 1963 538 2006 ex
560 1943 680 2023 Anguis
703 1957 766 2019 est,
796 1964 889 2026 aeque
917 1947 974 2026 ipsi
995 1966 1030 2010 ae
1049 1947 1107 2010 illis
1129 1949 1203 2011 liaeo
1223 1968 1281 2016 vox

72 2042 154 2118 {auu
176 2045 342 2119 conveniat,
364 2045 497 2126 nihilque
519 2055 624 2108 natura
646 2045 764 2113 abillis
786 2047 919 2120 diderata
949 2067 1051 2111 verum
1072 2048 1118 2110 vel
1139 2049 1198 2129 ipsi
1221 2049 1282 2116 sint

72 2142 110 2204 lilii
127 2145 169 2209 vel
189 2145 240 2207 ille
263 2146 304 2209 sit
323 2146 467 2227 Angelus,
490 2166 655 2227 omnesque
675 2122 787 2241 &ter
808 2148 845 2211 ad
867 2149 1017 2212 dexteram
1029 2150 1126 2215 Patris
1145 2150 1281 2225 sedeant,

72 2245 105 2305 rel
121 2265 184 2308 mm
207 2248 347 2309 omnibus
370 2249 494 2312 assistat
515 2268 633 2328 quoque
662 2250 729 2330 ipse
750 2250 843 2312 Filius
872 2258 1010 2330 tanquam
1037 2251 1161 2331 spiritus
1183 2252 1281 2316 admi·

72 2345 161 2426 ustor,
183 2352 215 2414 in
237 2351 528 2415 administrationem
550 2359 583 2413 ut
604 2350 646 2413 illl
669 2351 793 2415 missus.
836 2353 873 2414 At
900 2372 971 2416 vero
995 2353 1021 2415 si
1043 2353 1151 2418 Paulus
1173 2352 1282 2415 Filium

70 2450 178 2514 erebus
200 2427 297 2515 lactis.
308 2453 391 2515 hisee
414 2453 511 2516 verbis
534 2452 732 2516 discriminet:
756 2455 813 2519 Cui
832 2458 909 2516 enim
924 2455 1108 2536 inpelorum
1130 2456 1207 2517 dinit
1220 2474 1282 2518 un·

71 2568 157 2628 puna:
185 2555 283 2619 Filius
305 2575 387 2619 meus
410 2574 442 2618 es
466 2554 523 2619 tu?
551 2561 706 2634 praeterea
735 2556 761 2616 si
789 2556 901 2618 caelum
930 2556 978 2618 ille
1006 2564 1036 2617 et
1058 2565 1168 2617 terram
1189 2562 1281 2631 erest,

70 2648 141 2731 hique
164 2654 199 2716 ab
223 2675 260 2717 eo
283 2656 366 2731 flunt,
390 2658 416 2719 si
439 2657 487 2719 ille
509 2676 575 2720 enm
597 2657 685 2719 Patre
707 2657 801 2732 sedet,
829 2658 859 2720 hi
881 2665 979 2721 autem
1001 2657 1205 2719 ministrantes
1228 2676 1281 2720 ss·

70 2736 178 2830 nisteron
206 2757 252 2819 oui
281 2777 342 2821 nnn
363 2759 555 2839 perspicuum
579 2766 642 2833 est,
664 2777 850 2838 nequaquam
872 2759 908 2820 de
931 2758 1018 2819 vorbi
1040 2758 1281 2821 substantiales

70 2872 117 2918 tem
136 2860 240 2938 suetus
262 2859 385 2939 intelligi
408 2860 445 2923 ab
467 2861 621 2940 Apostolo,
645 2860 698 2922 sed
721 2860 758 2922 de
781 2859 1047 2933 administratione,
1071 2878 1145 2938 quae
1164 2865 1284 2939 pernota

70 2973 110 3034 per
127 2959 226 3040 ipsum
248 2960 319 3023 est‘l
348 2963 422 3025 Nam
446 2961 703 3041 quemadmodum,
727 2980 792 3023 oum
816 2970 898 3023 esset
919 2960 1056 3036 Verbum,
1083 2978 1152 3022 earo
1174 2962 1284 3024 lartum

71 3069 114 3132 eu,
145 3061 184 3123 ita
213 3063 309 3124 lactum
336 3063 428 3126 homo
456 3071 538 3124 tanto
560 3064 761 3143 praestantior
788 3064 819 3125 in
841 3062 1096 3125 administratione
1119 3064 1213 3125 lactus
1235 3066 1287 3129 est

72 3158 185 3240 Angelis,
216 3172 359 3242 qnantum
381 3164 458 3228 lilius
480 3184 497 3227 a
519 3164 614 3228 sorvis
643 3172 674 3227 et
696 3166 794 3245 opilex
817 3165 853 3226 ab
877 3164 1017 3244 operibus
1040 3163 1150 3226 differt
1194 3161 1283 3226 Desi-

72 3270 127 3323 unt
145 3265 243 3343 itaque
265 3284 369 3328 venem
391 3268 495 3346 suetus
518 3267 555 3327 de
577 3274 681 3330 natura
703 3266 768 3328 Filii
792 3267 995 3346 interpretari,
1019 3285 1075 3328 neo
1097 3266 1177 3328 enim
1198 3272 1285 3327 esto

74 3361 145 3427 telus
164 3366 268 3442 iantis3
290 3369 344 3430 sed
366 3377 530 3447 agnoscant
550 3369 610 3431 boo
630 3368 773 3431 vocabulo
796 3372 898 3450 sortus
920 3370 1025 3431 lactmn
1047 3365 1206 3447 significari
1228 3365 1283 3429 ad-

76 3464 304 3532 ministrationem
326 3477 357 3532 et
378 3470 641 3551 dispensationem.
687 3470 845 3544 Quomodo
863 3479 961 3532 autem
975 3468 1176 3550 praestantior
1190 3469 1285 3531 lamus

101 3698 116 3743 a.
131 3687 167 3738 Sic
184 3690 285 3749 Seguer.
305 3692 344 3754 qui
364 3705 418 3741 mox
436 3706 489 3742 num
509 3691 607 3741 Gobler.
619 3699 643 3741 et
730 3692 745 3741 l.
765 3692 805 3741 Sic
823 3692 922 3753 Seguer.
941 3697 965 3739 et
983 3689 1039 3751 lleg.
1076 3689 1154 3739 Ceteri
1171 3695 1287 3738 autemst

80 3745 191 3825 Feltini
210 3749 251 3804 ἐπ’
271 3749 355 3822 αὐτῷ.
384 3760 429 3808 dlii
448 3767 471 3809 et
489 3759 546 3808 edili
564 3752 643 3808 ἔσται
695 3760 751 3809 editi
769 3757 963 3808 trinomittnnt.
999 3756 1051 3805 blor
1070 3771 1128 3806 mss.
1143 3749 1188 3803 καὶ
1207 3768 1287 3808 notus

80 3826 111 3892 ¹1¹}
123 3812 156 3869 ἐπ’
175 3816 268 3875 αὐτοῦ.
305 3825 379 3876 Paule
397 3836 454 3892 post
464 3827 564 3890 Segner.
573 3820 644 3875 κατὰ
694 3824 753 3892 μέν.
790 3827 851 3876 Edili
869 3820 916 3874 καὶ
933 3816 1015 3877 αὐτὸς
1030 3819 1090 3889 μέν,

81 3894 155 3969 ‘'⁰⁶‘'ss
731 3927 763 3961 m.
783 3912 881 3974 Seguer.
898 3904 1133 3978 παρειστήκεισαν.

83 3953 169 4021 &Sue
190 3959 291 4023 Seguer.
308 3961 367 4024 Rea.
391 3970 415 4013 ut
432 3961 537 4013 Felclm.
556 3962 581 4011 5.
615 3964 644 4012 llt
794 4004 798 4014 .
1039 4002 1052 4013 ..
1137 4002 1161 4012 ..

83 4028 98 4063 m
114 4021 156 4075 2135,
179 4036 202 4077 ιι
225 4028 297 4078 edm,
315 4019 332 4088 ἦ
349 4029 425 4080 dm·
462 4029 522 4079 md·
542 4029 642 4091 Smer·
732 4020 755 4054 n.
775 4003 815 4054 Sic
832 4005 931 4066 Segner.
967 4001 995 4053 tt
1013 4000 1054 4052 alu
1072 3994 1285 4066 eisaiotttysro.

83 4082 154 4160 Gella.
171 4103 194 4144 et
211 4096 348 4146 Feletmsn.
364 4097 387 4147 l.
404 4091 451 4146 καὶ
470 4079 554 4146 οὗτοι.
583 4098 645 4147 Editi
730 4112 754 4147 o.
773 4093 873 4158 Segusr.
897 4087 1002 4144 unitor
1027 4086 1127 4149 ὁυὶός,
1145 4090 1191 4144 καὶ
1208 4087 1223 4142 d
1241 4087 1289 4153 dp·

83 4149 147 4217 aliqre
159 4156 203 4209 uni
214 4153 303 4214 abaci.
321 4164 396 4216 Paulo
408 4166 546 4230 postllasil.
557 4177 645 4231 παρα·
695 4158 830 4232 μιουργὸς
845 4165 902 4213 τῶν
920 4158 1189 4228 δημιουργουμένων.
1213 4162 1287 4212 Basil.

84 4220 274 4296 “wldracam
697 4242 721 4283 et
739 4233 829 4294 Anglic.
839 4226 1124 4311 δεδημιουργημένων.
1145 4230 1249 4280 Felclm.
1262 4228 1288 4282 ὅ.

108 4302 119 4335 ¹·
137 4295 228 4358 Sauum.
255 4300 313 4362 llas.
338 4306 362 4350 st
383 4299 491 4352 Fslnlro.
509 4301 533 4352 5.
556 4314 646 4366 παρα·
697 4295 1057 4417 οιΒοῖᾹημιουργηματων.
1084 4293 1289 4363 Εάῐιίδημιονρ-

85 4356 184 4414 “adro
697 4383 754 4435 γημ
768 4382 839 4430 vorm
859 4369 983 4418 mendose.
1003 4366 1078 4443 ‘lbld
1093 4367 1193 4427 Seguer.
1216 4365 1287 4419 seul.

107 4422 328 4500 &bostrensium
346 4435 444 4487 Gobler.
464 4446 487 4487 et
505 4437 645 4490 Fslolm.l.
698 4446 723 4487 et
744 4438 850 4487 Felolm.
872 4437 893 4485 1.
919 4432 1137 4485 assensuum.
1179 4432 1242 4484 Editi
1264 4438 1291 4485 et

86 4483 118 4540 3¹¹¹
131 4507 150 4551 tt
164 4502 218 4556 eliu
237 4496 286 4563 τὰς
303 4495 414 4555 ἐκείνων
430 4496 537 4571 ὁμοίας.
699 4504 740 4555 alii
757 4498 950 4555 πανέσθωσαν.
