2948 5092
500 274 616 318 cottam
630 276 847 320 cromanarunrr
862 277 949 320 amsa
964 278 985 320 1.
1282 266 1341 329 dot

119 429 266 490 tationem
290 433 320 488 et
340 427 594 505 participationem
617 427 765 505 perfectae
787 427 923 487 novitatis
940 426 1072 488 Christi?
1115 429 1174 488 Sed
1197 430 1269 491 nihil
1283 447 1430 493 nonnata.

121 530 286 591 commenti
316 528 407 598 estis,
435 536 469 589 nt
497 545 583 588 unam
614 527 739 606 negandi
762 528 938 588 sententiam
961 529 1122 590 adornetis.
1168 530 1206 590 Et
1227 531 1346 609 quidem

61 709 72 717 .
122 630 254 691 animam
278 629 452 689 definientes
476 646 540 689 eam
562 628 652 689 modo
675 629 863 708 insipientem
886 631 1057 702 nominatis,
1080 631 1171 691 modo
1193 641 1347 710 peccatum

117 731 153 792 in
178 732 296 791 homine
319 730 500 802 subsistens,
524 731 647 791 eandem
669 731 825 809 aliquando
849 740 881 791 nt
902 733 1014 810 peccati
1036 742 1186 794 auctorem
1210 733 1345 794 elimina-

119 832 182 906 tis,
213 841 243 893 et
272 850 389 892 carnem
413 851 492 893 nunc
513 832 630 911 quidem
653 832 827 902 increatam,
858 853 937 894 nunc
960 835 1135 906 caelestem,
1157 836 1247 897 modo
1271 854 1345 897 cou-

120 932 350 994 substantialem
372 933 480 1005 Verbo,
504 941 536 994 ιιι
555 925 714 1012 perlectam
736 935 821 995 vohis
844 924 1031 1013 negationem
1054 934 1186 997 firmetis.
1232 937 1269 997 Ut
1290 956 1345 999 au·

118 1042 183 1119 tem
206 1033 293 1094 Arius
322 1035 423 1114 lapsus
452 1053 468 1094 a
496 1034 555 1096 lide
583 1034 613 1096 in
644 1035 821 1107 ineffabilem
851 1045 882 1098 et
908 1037 1093 1099 verissimam
1113 1037 1178 1098 l'ilii
1202 1056 1236 1098 ex
1259 1038 1346 1100 Patre
1440 1029 1443 1035 ’

119 1135 344 1215 generationem
372 1135 542 1213 passionem
571 1144 601 1196 et
623 1136 784 1198 sectionem
808 1147 838 1197 et
860 1139 999 1198 etlluxnm
1021 1147 1207 1199 commentus
1231 1147 1291 1212 est,
1314 1146 1347 1201 ut

118 1255 177 1317 per
204 1236 293 1316 impia
322 1236 410 1298 racha
440 1253 508 1311 eos,
536 1231 836 1315 qui‘mliriu'tellrnii
859 1245 959 1311 mant,
994 1240 1023 1300 in
1047 1241 1161 1299 loveam
1183 1237 1346 1315 iniquilatis

119 1338 339 1419 praecipitaret,
363 1354 430 1397 nam
454 1355 487 1398 os
509 1335 653 1401 scelerata·
670 1339 763 1417 soom
779 1339 960 1420 profundo3
982 1341 1025 1401 sic
1046 1358 1167 1400 rursum
1189 1338 1346 1427 Sebethus,

119 1440 174 1519 qui
203 1440 285 1500 linxit
309 1437 412 1498 Filium
443 1436 508 1496 sine
536 1434 691 1516 hypostasi
717 1455 786 1500 esse
815 1446 846 1499 et
867 1438 1011 1518 Spiritum
1034 1449 1170 1513 sanctum
1193 1440 1259 1501 sino
1281 1420 1346 1501 exi-
1419 1452 1425 1461 '

119 1540 249 1611 stomin,
271 1537 380 1617 alioqui
403 1536 583 1598 divisionem
600 1536 723 1600 Deitatis
745 1556 780 1599 ac
799 1539 1011 1618 principiorum
1035 1558 1199 1617 eorumque
1221 1555 1346 1600 enume-

119 1643 269 1704 rationem
300 1639 408 1699 induci·
427 1639 615 1710 criminatus,
648 1638 763 1700 ludatca
793 1639 939 1700 sententia
968 1641 1111 1700 firmatur.
1156 1640 1206 1700 Sic
1228 1657 1347 1718 quoque

118 1742 309 1806 Manichacus
337 1739 532 1800 incarnationi
561 1746 592 1798 et
618 1739 792 1801 humanitati
820 1740 986 1801 allomino
1008 1748 1158 1801 assumtae
1180 1741 1269 1801 tidem
1290 1757 1345 1801 ne-

119 1862 197 1924 gans
219 1843 328 1920 impius
352 1841 473 1901 omnino
497 1841 605 1912 evasit,
635 1840 718 1901 aiens
739 1841 890 1902 hominem
914 1841 1030 1902 duohus
1054 1841 1207 1902 subiacere
1230 1839 1347 1919 opifici·

117 1945 197 2018 hus,
230 1943 307 2004 malo
337 1950 366 2002 et
392 1941 483 2002 bono.
528 1941 570 2001 lta
598 1960 716 2021 quoque
743 1961 796 2003 vos
825 1942 872 2003 vel
894 1950 926 2002 ut
948 1943 1146 2022 sycophantae
1168 1941 1245 2002 duos
1267 1939 1345 2002 lilios

120 2065 181 2109 nos
203 2045 357 2107 admittere
379 2043 486 2115 dicitis,
508 2043 554 2103 vel
576 2053 633 2104 hos
654 2042 786 2104 hominis
809 2043 939 2104 cultores
961 2044 1073 2103 vocatis
1095 2059 1212 2120 nosque
1234 2031 1345 2120 pecoa'ti

119 2145 310 2216 insimulatis,
332 2145 421 2223 idque
442 2162 503 2205 non
526 2163 561 2204 ex
582 2140 817 2223 pietateagitis,
841 2143 903 2204 aad
916 2151 949 2204 ut
970 2143 1063 2203 errori
1087 2151 1187 2202 restro
1211 2158 1266 2221 per
1287 2142 1346 2203 im·

118 2248 215 2330 proha
237 2254 403 2308 commenta
425 2245 540 2306 felicem
562 2262 755 2325 progressum
777 2245 889 2322 paretis
912 2251 942 2305 et
961 2251 994 2302 ut
1007 2243 1107 2320 impiis
1122 2243 1231 2304 restris
1247 2240 1347 2304 aaron
1432 2222 1439 2230 ’

120 2350 258 2412 inlirmos
281 2349 422 2408 avertatis
445 2366 460 2408 a
482 2346 551 2407 lide.
596 2347 656 2407 Sed
678 2355 776 2407 umen
791 2345 844 2406 llei
867 2343 1089 2404 tundamentum
1105 2343 1259 2403 immotum
1274 2360 1346 2420 per-

118 2459 224 2514 manet
244 2449 415 2511 huiusmodi
440 2448 537 2527 sigillo
559 2447 758 2527 obsignatum.

208 2757 260 2817 22.
304 2753 384 2822 llaec
409 2751 446 2812 ad
475 2760 503 2811 te
535 2750 659 2828 scripsi,
691 2747 800 2810 dilecte
820 2745 950 2820 (tametsi
972 2744 1044 2805 nihil
1068 2743 1195 2822 amplius
1216 2741 1349 2805 scribare

119 2874 202 2935 opus
231 2864 309 2925 erat3
339 2854 448 2914 sufficit
475 2869 602 2928 namquo
624 2849 797 2928 Euangeliou
824 2847 971 2922 traditio),
1001 2855 1064 2906 tum
1098 2845 1166 2924 quia
1188 2843 1226 2906 de
1247 2849 1349 2904 nostra

120 2958 184 3019 fide
205 2955 405 3034 interrogasti,
428 2963 490 3014 tum
513 2970 617 3013 eorum
639 2968 742 3024 musa,
764 2951 813 3029 qui
836 2946 1012 3011 commentis
1035 2945 1099 3008 suis
1120 2953 1270 3023 nugantur
1289 2958 1347 3005 ne·

120 3078 183 3138 que
211 3058 340 3136 cogitant
368 3074 452 3128 eum,
482 3054 532 3133 qui
561 3072 596 3114 ex
626 3051 749 3132 proprio
775 3050 908 3128 loquitur
937 3047 1053 3119 animo,
1083 3046 1235 3107 mendacia
1256 3042 1434 3123 inquinato.

121 3161 226 3239 Neque
254 3159 333 3219 enim
362 3157 406 3219 vel
433 3154 661 3235 pulcritudinem
688 3151 734 3213 vel
762 3151 886 3230 gloriam
909 3147 1046 3226 corporis
1067 3144 1179 3227 Qtisti
1202 3147 1349 3208 humanus

122 3261 290 3323 intellectus
314 3259 479 3337 exprimere
500 3263 611 3335 potest,
634 3253 688 3315 sed
708 3270 785 3330 quae
806 3259 889 3331 gesta
912 3256 982 3311 sunt
1002 3256 1094 3328 prout
1107 3246 1219 3326 scripta
1234 3244 1350 3307 halton-

122 3373 175 3424 tur
203 3362 337 3423 confiteri
365 3360 455 3430 valet,
486 3375 602 3418 necnon
630 3371 733 3415 verum
755 3353 849 3413 heum
876 3351 927 3430 qui
957 3357 1004 3410 est
1025 3348 1151 3409 adorare
1173 3347 1204 3408 in
1226 3345 1351 3426 glorian

121 3472 157 3527 et
170 3462 388 3523 consessionem
404 3456 639 3521 mansuetudinis
655 3453 721 3516 eius
736 3463 767 3519 ct
780 3454 811 3514 in
827 3470 912 3532 spem
927 3450 1031 3513 salutis
1046 3457 1169 3511 nostrae
1185 3448 1216 3510 iu
1231 3446 1351 3508 Christo
1417 3494 1421 3501 .

123 3565 195 3627 lesu
215 3563 342 3623 [lomino
365 3570 479 3621 nostro.
523 3564 626 3620 Amen.

123 3745 203 3805 τίαν,
223 3749 266 3797 sed
285 3750 340 3797 huic
359 3748 457 3797 lectioni
475 3747 596 3808 antiquam
616 3742 713 3807 praele-
763 3740 854 3799 nutat.
891 3739 954 3787 Editi
972 3752 1027 3786 uero
1046 3744 1069 3786 at
1087 3735 1128 3784 alii
1147 3726 1285 3797 ἂγαπητέ,
1310 3742 1351 3777 ra·

121 3819 225 3870 rendam
250 3817 366 3864 donimus.
404 3816 478 3862 l’orro
502 3812 649 3860 orthodoxos
667 3800 714 3856 ἇν-
766 3811 826 3857 ttius
845 3806 987 3855 uttidetur.

121 3877 326 3949 θρωπολάιρας
343 3890 438 3931 vocatos
457 3881 535 3928 luissa'
550 3878 713 3940 ahtpollina-
798 3875 822 3924 h.
840 3875 881 3923 Sic
897 3873 968 3922 Basil.
988 3869 1077 3931 huglie.
1097 3868 1196 3927 Segaer.
1215 3863 1312 3915 Gohler.
1330 3868 1355 3910 at

122 3956 192 4004 ristis
211 3961 311 4000 testator
330 3949 512 4009 crepitantem
530 3947 645 4008 Epistad
658 3944 713 3993 Cla·
765 3940 908 3991 Palaiml.
944 3940 1005 3987 Editi
1032 3927 1063 3983 οὗ
1082 3928 1172 3990 δόξαν.
1212 3933 1262 3980 llor
1281 3933 1352 3991 Sego.

121 4023 225 4072 (lonium
243 4015 293 4083 [ad.
314 4018 403 4065 lloralt.
423 4017 490 4064 Tam.
503 4014 519 4061 l.
540 4028 594 4076 pag.
604 4012 661 4062 tlt.
681 4035 714 4046 --
765 4003 893 4074 scripturos
909 4005 984 4055 θεοῦ.
1023 4004 1161 4056 Gohlerian.
1180 3999 1318 4049 artata-tm.
1332 3995 1353 4044 l.

122 4090 165 4138 ed.
184 4086 272 4135 Bened.
292 4087 359 4134 Torn.
372 4085 398 4132 tt.
419 4099 442 4146 p.
454 4082 494 4130 89.
506 4079 553 4145 hl.
765 4074 831 4124 θεοῦ
849 4067 985 4140 σώματος.
1024 4072 1099 4120 l’aulo
1109 4077 1164 4133 post
1172 4069 1271 4128 Seguer.
1283 4062 1354 4139 (iohl-

161 4149 495 4216 t.Seguer,hauerxaxatc.
534 4148 594 4195 Editi
612 4140 714 4198 καλαῖς,
768 4154 790 4192 et
810 4142 997 4191 Felclmannil.
1016 4126 1252 4200 ἆλλάγεκαὶτά.
1289 4129 1352 4180 Edtti

123 4238 189 4285 quas
214 4223 284 4269 lertio
310 4221 394 4268 eoalem
419 4218 480 4267 redit
504 4219 524 4264 si
543 4216 634 4264 ironico
652 4213 717 4261 acti·
768 4201 835 4257 ἀλλὰ
851 4203 906 4277 γὰρ
924 4202 969 4254 καὶ
986 4199 1028 4253 τά.

125 4291 216 4354 pistor.
253 4287 304 4335 llos
330 4288 429 4346 Soguer.
455 4284 552 4334 Gohler.
570 4290 593 4331 at
611 4280 716 4329 Felclm.
801 4279 816 4326 i.
844 4279 909 4326 llaec
936 4275 965 4324 ad
984 4275 1056 4322 linem
1078 4284 1155 4333 nsque
1186 4263 1353 4316 hahentur-lat

130 4358 153 4407 l.
172 4348 391 4419 εὐπροχώρηιον.
428 4353 492 4401 Editi
516 4358 540 4400 et
563 4349 603 4398 atii
621 4340 718 4411 εὖπρο·
769 4346 868 4407 Seguer.
887 4343 984 4394 Gobler.
1004 4350 1027 4389 et
1044 4337 1148 4399 Felcltm.
1160 4335 1197 4397 1.,
1216 4334 1256 4398 qui
1274 4341 1356 4408 tamen

116 4419 261 4491 χείρηιον.
648 4434 651 4439 >
768 4428 816 4461 non
835 4412 924 4460 hahent
941 4401 1024 4474 dprir,
1044 4420 1105 4472 quas
1123 4410 1215 4453 uatum
1233 4415 1276 4452 roa
1293 4399 1356 4460 tep-

162 4504 185 4554 ι.
204 4492 305 4553 Segner.
329 4488 427 4540 Goblsr.
446 4495 470 4570 ep
487 4485 595 4535 tuctu.
609 4483 631 4532 l.
649 4471 718 4545 ἄγα·
767 4488 807 4530 tar
822 4479 848 4529 in
864 4477 944 4529 editis.
986 4510 992 4519 -
