2948 5092
597 254 772 300 mimimo.
1219 242 1261 307 nt

54 410 233 491 conplexum.
264 407 414 469 Nimirum
436 405 524 468 huius
545 405 711 485 theologiae
730 408 756 468 si
772 424 863 469 unum
877 407 1003 487 aliquem
1018 411 1172 472 nominare
1185 411 1260 472 reli-

53 532 104 576 ιι
121 520 298 592 μηυιεω,
327 509 355 570 is
378 526 441 569 non
463 508 519 570 erit
538 499 725 581 Athanasius,
751 510 803 571 sed
826 511 926 589 potius
948 510 1092 590 Origenes
1115 504 1133 574 ὁ
1154 511 1260 575 πολυ-

51 612 147 698 μαθὴς
164 612 223 676 καὶ
249 608 451 696 φιλόπονος,
473 628 532 689 pun
554 613 730 688 cognomine
756 610 793 672 ah
821 611 871 673 illo
900 612 931 673 in
957 612 1074 693 Ερ.11’.
1096 615 1132 674 ad
1154 615 1260 694 Serap.

55 736 102 796 cp.
115 720 145 779 11.
166 715 320 776 laudatur.
357 713 461 792 lnapta
474 729 544 772 vero
559 711 705 774 ridebitur
726 713 893 793 appellatio,
916 714 942 775 si
964 714 1129 793 theologiae
1151 733 1259 778 nomen

55 818 198 896 ipitiomu
222 815 446 894 angustissimo
462 813 648 893 incipiamus,
671 822 704 874 ut
718 815 782 875 sola
797 815 928 878 doctrina
942 815 978 877 de
988 816 1138 878 divinitate
1150 817 1260 880 Christi

58 920 89 980 nl
104 920 136 981 de
157 918 299 980 trinitate
320 915 369 978 dei
392 915 585 995 intelligatur:
608 934 666 995 quo
684 915 848 995 significatu
866 918 985 995 saepius
1005 919 1112 997 legitur
1122 917 1152 979 in
1167 920 1259 980 Atha-

58 1020 318 1098 rarrialiornmqnc
339 1028 472 1080 veterum
494 1016 623 1095 scriptis,
644 1017 721 1079 velut
745 1018 827 1080 Orat.
843 1018 866 1080 1.
888 1027 990 1081 contra
1005 1020 1103 1082 Arian.
1126 1040 1189 1101 cap.
1210 1024 1258 1087 18.

59 1124 149 1202 plii.
172 1122 370 1200 Quamquam
386 1118 568 1181 recentiores
578 1136 695 1198 qnoque
710 1138 773 1181 eam
789 1119 941 1181 doctrines
955 1138 1057 1182 sacrae
1068 1130 1191 1201 partem,
1204 1140 1259 1202 qua

60 1225 144 1286 leden
158 1225 293 1302 eiusque
316 1221 547 1302 proprietatibus
570 1231 600 1281 et
615 1221 754 1300 operibus
770 1241 804 1283 ac
818 1222 855 1283 de
871 1222 999 1284 trinitate
1017 1223 1183 1298 disseritur,
1207 1243 1259 1286 se·

59 1328 170 1406 patim
187 1324 377 1403 theologiam
398 1331 518 1396 vocant,
547 1323 793 1402 quemadmodum
815 1333 928 1385 veteres
949 1323 1127 1408 θεολογίαν
1149 1327 1186 1386 ab
1209 1322 1259 1390 ol·

60 1431 171 1512 ιυμίᾳ
194 1424 409 1504 seiungebant,
432 1442 519 1485 nemo
541 1432 638 1485 tamen
654 1425 844 1487 Athanasium
864 1437 982 1506 petrem
998 1428 1161 1490 hodiernae
1176 1430 1261 1492 theo·

65 1529 131 1611 lp're
153 1527 392 1609 praedicaverit,
419 1526 445 1587 si
467 1535 584 1606 praeter
604 1526 723 1589 Nicaeni
746 1527 891 1606 dogmatis
913 1530 1116 1591 anctoritatem
1138 1531 1211 1592 nihil
1233 1531 1261 1594 ei

62 1632 165 1693 tinere
194 1631 281 1690 velit
327 1628 427 1706 ltaque
454 1627 601 1706 theologia
630 1628 814 1708 intelligenda
844 1639 907 1703 est,
942 1649 1028 1709 qnam
1056 1632 1144 1694 hodic
1173 1634 1259 1713 vulgo

61 1733 162 1795 imaus
184 1731 401 1811 dogmaticam,
426 1729 469 1790 rel
490 1731 590 1809 potins
613 1731 784 1810 complexus
805 1731 973 1810 dogmatum
996 1732 1064 1795 lidei
1086 1734 1116 1796 in
1139 1734 1260 1797 ecclesia

59 1834 152 1913 pulice
172 1844 388 1912 receptorum,
417 1840 448 1892 nt
468 1831 644 1893 Athanasius
667 1832 725 1894 hoc
745 1852 838 1895 sensu
860 1833 1024 1915 theolopr‘ne
1046 1837 1261 1901 ecclesiasticae
1379 1826 1382 1831 ¹

59 1953 151 2014 persar
172 1947 204 1998 et
236 1944 343 1996 stator
367 1933 563 2011 praedicetur.
606 1933 687 1995 lilem
715 1936 850 2015 prolecto
872 1935 1053 2015 Epiphanius
1076 1938 1182 2017 aliique
1202 1958 1260 2001 no·

58 2036 122 2097 nine
143 2038 203 2122 τῆς
234 2027 453 2117 ὀρθοδοξίας,
487 2053 547 2129 quo
575 2037 695 2114 proprie
722 2044 802 2097 recta
830 2038 867 2097 de
888 2037 946 2098 hde
967 2036 1092 2100 Nicaena
1115 2040 1260 2102 sententia

57 2136 188 2208 hedalur,
225 2136 395 2216 significare
428 2136 597 2205 votuerunt,-
632 2137 777 2216 siquidem
810 2137 850 2198 illi
883 2156 1057 2217 persuasum
1086 2141 1261 2216 babuerunt,

54 2238 177 2317 dogmate
204 2239 246 2299 ile
277 2238 408 2299 trinitate
435 2246 463 2297 et
491 2237 692 2299 incarnatione
720 2238 768 2299 dei
796 2239 939 2317 integram
963 2240 1049 2301 tidem
1072 2242 1260 2306 christianam
1381 2258 1387 2275 ¹

54 2340 87 2400 ita
111 2341 279 2408 mutinen,
310 2350 343 2400 ut
369 2339 420 2417 qui
450 2338 488 2399 ds
509 2339 566 2399 hoc
587 2349 665 2401 recte
688 2340 810 2414 sentiat,
840 2341 876 2401 de
899 2342 1020 2422 reliquis
1042 2343 1158 2422 gravius
1181 2346 1261 2408 etin
1355 2370 1358 2389 ·

50 2442 252 2504 detrimentum
276 2439 381 2502 salutis
403 2458 502 2501 errare
522 2458 583 2501 non
604 2442 711 2520 possit
744 2443 934 2503 Athanasium
956 2462 1026 2505 vero
1049 2454 1095 2518 e'n,
1118 2466 1176 2526 quo
1190 2446 1261 2522 diri,

52 2563 135 2605 seusu
153 2556 279 2626 putrem
303 2543 464 2604 hodiernos
484 2543 650 2621 theologice
672 2544 736 2604 inre
758 2546 922 2624 meritoque
943 2547 1058 2618 vocari,
1082 2548 1110 2608 id
1133 2549 1189 2609 nisi
1213 2569 1261 2610 ra·

50 2648 125 2707 tione
152 2646 248 2725 magis
271 2645 394 2715 idonea,
417 2662 502 2722 quam
526 2663 582 2722 qna
605 2645 839 2706 hlontlanconins
862 2664 935 2707 usus
959 2658 1020 2720 est,
1044 2651 1261 2728 comprobetur,

52 2749 134 2808 etiarn
153 2768 232 2810 nnnc
255 2756 343 2807 erunt
365 2746 414 2823 qui
438 2746 618 2817 addubitent,
641 2748 719 2808 sicut
740 2748 810 2808 olim
823 2748 1039 2825 Schroeclibius
1063 2749 1178 2811 inllist.
1192 2752 1261 2812 eccl.

55 2849 115 2909 l'ol
129 2850 186 2910 Ab
207 2870 241 2930 p.
257 2851 331 2911 211.
356 2848 401 2908 ed.
417 2850 447 2911 2.
471 2847 658 2909 addubitavit.
703 2849 817 2910 Etenim
847 2850 1067 2911 concedendum
1090 2862 1150 2924 est,
1181 2852 1261 2915 illum

51 2951 125 3011 hanc
148 2952 266 3013 laudem
294 2968 354 3009 non
377 2968 412 3009 eo
436 2948 599 3021 meruisse,
627 2950 705 3029 quod
729 2953 843 3029 primns
866 2951 1006 3028 singulari
1031 2952 1104 3013 libro
1128 2953 1262 3034 dogmata

51 3052 111 3113 lidei
131 3072 188 3115 suo
212 3062 349 3130 tempore
370 3050 492 3129 probata
515 3051 685 3130 complexus
708 3062 790 3114 esset
811 3072 902 3132 eaque
924 3054 960 3114 ad
983 3055 1124 3116 ecclesiae
1139 3067 1262 3120 sentcn-

56 3156 115 3216 tin
135 3154 290 3217 subtiliter
311 3153 509 3232 exposuisset.
546 3153 618 3214 Nam
640 3154 689 3233 qui
714 3155 784 3215 olim
806 3157 883 3216 inter
904 3156 1048 3217 eiusmodi
1071 3157 1163 3219 libros
1187 3160 1263 3239 dog-

53 3258 170 3318 nan'cos
191 3255 360 3316 retulerunt
380 3255 528 3316 Athanasii
551 3256 705 3336 Spribpsr'n
727 3260 900 3337 scripturos
923 3276 1029 3319 acerne
1051 3268 1081 3319 et
1102 3259 1265 3339 Syntopmc

50 3349 212 3428 doctrirr'm,
237 3356 391 3436 dupliciter
412 3367 592 3418 erraverunt.
637 3358 784 3438 Speopris
807 3376 866 3418 non
889 3368 935 3418 est
956 3361 1118 3438 argumenti
1140 3361 1263 3440 dogma-

51 3461 97 3520 tin‘
116 3478 216 3539 neque
233 3459 368 3537 llagnunt
382 3458 572 3520 Athanasium
593 3458 681 3520 hahet
702 3468 863 3532 auctorem,
887 3460 937 3521 sed
960 3460 1074 3522 videtur
1096 3481 1162 3524 esse
1180 3482 1263 3524 corn-

51 3562 210 3623 mutius
245 3562 275 3621 in
297 3559 533 3621 Stichometriam
562 3561 718 3640 Nicephori
751 3561 787 3621 eh
816 3562 976 3622 Athanasio
1004 3563 1100 3642 aliquo
1135 3564 1263 3626 obscuro

52 3682 108 3724 nou
128 3673 197 3724 ante
220 3680 300 3722 saec.
316 3662 351 3722 X.
374 3664 572 3741 conscriptus.
617 3663 679 3723 Vid.
703 3662 833 3724 Credner
854 3664 917 3725 Zur
940 3664 1107 3728 Gesohr'chte
1129 3668 1179 3728 des
1201 3666 1264 3728 Ka-

52 3785 125 3827 rrorrs
146 3764 245 3825 lllalle
269 3765 373 3839 1847.)
395 3782 425 3843 p.
445 3766 502 3826 127
519 3783 564 3844 sq.
608 3764 771 3845 Spntapmc
792 3774 899 3836 autem,
922 3765 963 3826 nti
979 3766 1015 3827 ab
1032 3768 1122 3828 Andr.
1135 3767 1263 3829 Arnoldo

53 3867 177 3945 primum
201 3866 310 3937 (Paris.
329 3868 433 3940 1685.)
456 3866 564 3926 editum
588 3877 634 3927 est
656 3876 685 3927 et
706 3867 784 3927 inter
804 3866 955 3928 Athanasii
978 3869 1074 3947 Opera
1096 3870 1263 3943 (edPatar.
1384 3920 1391 3941 ,

53 3968 134 4029 lom
152 3968 187 4029 ll.
218 3986 247 4048 p.
271 3971 334 4032 304
356 3974 415 4046 sq.)
437 3967 559 4047 legitur,
593 3986 709 4029 morum
737 3969 868 4047 vitaeipne
895 3979 1051 4048 praecepta
1078 3971 1202 4032 maxime
1234 3973 1264 4032 in

54 4088 136 4132 munt
165 4069 380 4131 monachornm
403 4069 534 4131 continet
554 4070 684 4148 itemque
705 4070 740 4131 ah
764 4071 812 4131 illo
835 4071 1057 4133 abiudicandnm
1080 4083 1136 4133 est.
1181 4073 1263 4133 Conl.

55 4172 159 4234 dudini
182 4174 344 4236 Commeat.
370 4172 628 4250 descriptoribus
651 4172 754 4234 eccles.
777 4183 839 4233 oet.
864 4172 926 4232 Vol.
942 4173 963 4233 l.
992 4192 1022 4252 p.
1045 4176 1106 4237 374
1122 4194 1166 4254 sq.
1203 4176 1264 4235 Alia

54 4277 165 4353 guidem
194 4285 292 4336 exstat
321 4273 410 4333 istius
433 4272 522 4332 libelli
544 4275 636 4334 lnrma
660 4273 689 4332 in
712 4273 777 4333 cod.
800 4274 932 4334 Naniano
955 4292 999 4353 gr.
1014 4275 1126 4347 LXlll.,
1149 4296 1183 4336 cx
1207 4293 1265 4354 quo

54 4376 245 4457 lliragarellius
285 4377 366 4456 typis
401 4373 624 4435 describendum
653 4375 767 4434 curavit
799 4376 828 4435 iu
862 4375 999 4454 Catnlogo
1033 4377 1076 4438 sic
1108 4377 1265 4456 inscripto:

55 4479 157 4544 Graeci
175 4482 259 4545 codd.
282 4496 359 4541 aaut.
384 4477 467 4556 opud
479 4475 592 4539 Nceios
614 4482 766 4539 carnunti
784 4477 911 4555 (Bonon.
930 4480 1032 4555 1784.)
1046 4497 1076 4557 p.
1090 4480 1266 4543 107-114.
