2948 5092
463 204 906 307 monmorenciacensem
1225 198 1288 266 209

58 361 233 442 disputent,
253 358 283 423 ti
303 359 404 422 Sancti
426 360 464 421 de
485 357 584 420 Verho
605 358 672 438 ipso
693 357 851 439 loquentes
873 359 939 422 loco
962 367 1016 444 qui
1034 368 1138 445 penult
1160 365 1287 431 dixerint
1295 381 1372 431 ent.

62 467 111 548 qai
127 464 214 544 [aar.
256 461 347 525 llodo
369 460 448 522 enim
471 459 508 521 de
530 478 584 533 oo,
599 459 685 539 'quod
707 479 744 521 ex
765 469 879 523 natura.
892 470 952 535 est,
975 465 1181 540 consentiant,
1205 468 1287 547 parri

60 564 183 627 omnino
202 562 307 637 seton.
329 580 388 642 qua
410 579 482 624 voce
504 560 559 622 hac
581 560 611 621 in
632 578 666 621 re
688 569 817 623 utantur.
861 562 922 625 Nec
939 565 1017 626 enim
1040 585 1128 628 voces
1151 576 1287 633 naturam
1320 568 1325 573 ’

60 666 220 746 perimunt,
240 663 296 726 sed
316 662 417 744 potius
439 662 503 743 ipsa
525 671 628 725 natura
652 680 739 724 roceo
761 662 797 725 ad
820 684 854 726 se
869 668 1073 729 accommodat
1087 676 1118 729 et
1132 670 1286 734 convertit.

61 767 128 829 dam
151 784 213 828 non
236 783 325 827 rocos
347 765 463 826 naturis
486 772 556 826 sunt
577 762 705 843 priores,
726 765 780 826 sed
802 775 924 841 naturae
946 768 1064 848 priores
1088 778 1159 831 sunt
1180 779 1210 832 et
1230 789 1286 832 ro-

64 887 109 930 ces
129 866 245 930 naturis
266 867 463 948 posteriores.
507 865 589 928 Unde
611 866 729 944 quaudo
751 875 875 930 naturae
896 870 988 932 sactae
1010 880 1080 933 sunt
1094 871 1140 933 rel
1160 880 1285 947 creatae,

66 980 129 1033 truc
148 967 291 1051 propriae
312 967 351 1031 de
370 967 428 1029 illis
451 968 507 1029 hae
528 967 675 1029 dictiones
698 977 881 1048 usurpantur
901 972 984 1050 fecit,
1006 974 1092 1052 [octa
1113 983 1175 1045 est,
1200 993 1287 1037 creo-

66 1075 117 1148 ait,
146 1070 258 1151 quihus
286 1087 363 1150 opus
385 1068 578 1148 significatur.
623 1069 748 1143 Quando
777 1080 876 1133 autern
905 1080 1008 1134 natura
1037 1082 1085 1135 est
1106 1083 1135 1136 et
1156 1076 1233 1136 letus
1257 1083 1288 1136 et

69 1172 145 1241 ilios.
168 1180 241 1235 tunc
260 1171 381 1233 eaedem
403 1170 550 1233 dictiones
570 1172 654 1252 seori,
676 1172 760 1250 [octo
782 1183 827 1234 eet
849 1180 879 1234 et
901 1179 1016 1237 creavit
1037 1192 1098 1235 nou
1121 1175 1242 1255 proprie
1258 1175 1285 1237 ei

72 1273 258 1336 attribuuntur
278 1289 375 1352 neque
397 1291 474 1352 opus
496 1272 672 1351 significant,
695 1273 749 1334 sed
770 1292 825 1352 pro
848 1274 978 1337 dictione
991 1280 1094 1355 renuit
1109 1276 1199 1339 dictio
1213 1278 1288 1356 [ecit

69 1375 170 1456 ,usqm
192 1374 254 1437 ullo
275 1373 449 1436 discrimine
470 1383 639 1454 usurpatur.
684 1374 770 1437 Certe
792 1394 853 1437 nou
876 1395 945 1439 raro
966 1385 1067 1457 patres
1095 1376 1172 1438 lilios
1194 1396 1228 1439 ex
1251 1385 1286 1440 se

76 1477 173 1555 peritos
193 1494 269 1539 auos
289 1495 394 1539 servos
417 1476 580 1556 appellant,
613 1494 670 1539 nec
697 1484 794 1540 tamen
817 1478 897 1557 quod
919 1489 1042 1541 naturae
1063 1479 1216 1559 proprium
1239 1487 1287 1543 est

77 1576 234 1642 illiciantur.
271 1578 368 1659 Saepe
390 1579 477 1642 etiam
501 1596 607 1639 servos
629 1577 853 1641 benevolentiae
875 1580 966 1659 gratia
988 1580 1066 1642 lilios
1088 1589 1203 1655 vocant,
1226 1599 1285 1662 quo

76 1698 129 1741 sane
148 1681 270 1750 nomine
292 1698 355 1742 uon
375 1679 573 1753 dissimulant,
596 1679 664 1741 illos
680 1679 716 1743 ab
732 1681 817 1742 initio
841 1681 872 1742 in
894 1682 940 1743 sui
963 1682 1057 1745 luisse
1079 1682 1208 1766 ditione3
1231 1682 1286 1746 sed

79 1792 157 1858 patres
178 1783 258 1844 lilios
279 1800 354 1844 suos
377 1800 482 1843 servos
504 1800 560 1861 pro
583 1801 636 1844 sua
659 1783 833 1844 auctoritato
855 1792 976 1859 vocant,
1005 1793 1035 1846 et
1057 1792 1160 1846 eontra
1180 1802 1285 1848 servos

78 1880 136 1944 dios
161 1902 218 1965 pro
245 1903 300 1946 sua
329 1902 398 1962 erga
426 1902 478 1945 eos
510 1883 704 1964 benignitate.
746 1884 796 1948 Sic
819 1885 891 1947 Sara
913 1885 1110 1947 Abrahamum
1133 1886 1287 1951 dominum

78 1983 147 2056 lixit,
178 1983 314 2066 quamvis
341 2004 402 2047 nou
432 1985 496 2049 eius
524 1995 606 2049 esset
634 1986 738 2049 ancilla
765 1987 819 2049 sed
837 2006 934 2076 'uxum
976 1987 1138 2068 Apostolus
1167 2005 1287 2068 quoque

78 2083 232 2150 Onesimum
260 2107 379 2150 serrum
408 2107 473 2150 oum
500 2087 675 2151 Philemone
701 2089 776 2150 hero
806 2099 944 2168 tanquam
972 2090 1094 2150 fratrem
1122 2089 1285 2152 coniunxit.

77 2185 203 2252 lamhee
223 2188 296 2252 item
318 2190 434 2253 tametsi
458 2200 552 2253 mater
573 2191 664 2253 tilium
693 2210 811 2254 serrum
834 2189 1004 2271 appellarit,
1034 2211 1101 2255 cum
1128 2191 1205 2272 patri
1227 2191 1284 2255 ait:

75 2287 184 2353 ἕσυκιη
200 2304 287 2354 tuom
301 2289 502 2364 Salomonem,
525 2292 740 2373 ingressusque
762 2301 867 2371 postea
888 2291 1004 2354 Nathan
1017 2293 1167 2373 Propheta
1183 2292 1287 2389 eadem

72 2408 131 2469 qnae
157 2393 205 2454 illa
234 2392 335 2454 [laridi
362 2393 452 2455 dixit:
487 2392 680 2458 Salomonem
707 2413 831 2457 servom
859 2407 962 2469 toom3
993 2413 1049 2456 nec
1076 2394 1218 2456 curahant
1244 2393 1286 2456 illi

71 2495 135 2570 quod
156 2493 249 2555 lilium
272 2512 392 2556 serrum
414 2494 555 2558 dicerent.
599 2495 672 2557 Nam
696 2503 727 2556 et
754 2495 803 2556 ille
831 2497 955 2557 audiens
985 2505 1117 2557 naturam
1139 2512 1286 2573 agnosce·
1360 2576 1366 2583 ι

67 2592 122 2668 hat,
150 2595 321 2658 ethicum
344 2597 383 2657 ita
405 2595 615 2675 loquerentur,
644 2615 746 2658 verum
769 2616 836 2658 eum
860 2617 928 2658 esse
949 2597 1041 2658 filium
1063 2596 1140 2657 haud
1164 2595 1285 2674 ignora-

65 2693 133 2760 hant.
178 2697 281 2776 ltaque
301 2696 456 2774 rogabant,
481 2708 513 2759 ut
535 2698 583 2759 ille
604 2698 698 2778 patris
720 2699 827 2759 haeres
849 2699 943 2768 heret,
967 2716 1055 2777 quem
1070 2697 1149 2758 servi
1164 2695 1286 2757 nomine

61 2798 251 2880 appellabant.
294 2797 437 2861 Salomon
460 2799 539 2862 enim
562 2808 626 2862 erat
647 2803 751 2861 naturh
773 2800 851 2861 lilius
874 2799 1003 2861 Davidis.

137 3005 169 3066 t.
215 3000 472 3076 Quemadmodum
495 3020 565 3081 ergo
587 3020 654 3074 nos,
677 3001 727 3081 qui
750 3002 805 3063 ista
828 3000 962 3079 legimus,
986 3019 1021 3062 ea
1042 3008 1122 3061 recte
1145 2997 1285 3078 intelligi-

55 3121 129 3174 mus,
155 3122 252 3183 neque
274 3119 341 3163 oum
364 3102 552 3164 Salomonem
576 3122 693 3164 serrum
716 3103 894 3183 appellatum
916 3101 1063 3173 audimus,
1087 3101 1169 3162 illum
1190 3099 1285 3162 luisse

52 3223 172 3266 ursum
195 3203 417 3276 existimamus,
439 3203 491 3264 sed
514 3203 677 3264 naturalem
701 3213 731 3266 et
753 3224 853 3267 verum
876 3203 985 3278 lilium3
1013 3203 1052 3264 ita
1074 3202 1100 3263 si
1122 3201 1159 3262 de
1182 3200 1285 3264 Salva-

52 3315 129 3378 tore,
153 3322 242 3384 quem
265 3322 334 3365 vere
348 3302 455 3367 Filium
472 3324 539 3366 esse
554 3312 673 3366 constat
689 3305 796 3385 quique
812 3305 945 3368 naturale
959 3304 1089 3367 Verhum
1106 3313 1162 3376 est,
1185 3301 1285 3364 Sancti

50 3409 124 3470 haec
147 3408 263 3468 dicunt:
290 3405 353 3478 Qui
371 3405 471 3487 fidelia
495 3418 539 3469 eat
561 3412 596 3478 ei,
619 3410 673 3487 qui
691 3407 764 3487 serit
785 3407 890 3482 illum,
919 3406 965 3467 rel
987 3405 1013 3466 si
1036 3405 1099 3486 ipse
1123 3405 1159 3466 de
1182 3404 1284 3485 seipso

50 3510 108 3570 ait:
130 3508 282 3570 limine-r
307 3512 422 3569 creauit
442 3527 497 3577 me,
522 3515 567 3567 et:
591 3504 653 3586 Epo
676 3526 786 3570 servos
809 3519 880 3570 roos
903 3518 932 3569 tt
953 3506 1038 3588 filins
1061 3506 1191 3569 ancillae
1206 3516 1285 3570 tuor,

49 3608 168 3688 aliaque
189 3609 281 3669 huius
303 3608 433 3687 generis,
456 3628 516 3669 non
540 3609 608 3669 ideo
631 3599 700 3670 erim
716 3609 811 3670 Patris
827 3607 981 3688 proprium
998 3626 1067 3669 esse
1083 3625 1192 3686 negare
1205 3606 1285 3682 licet,

50 3710 108 3772 ned
131 3710 171 3771 ita
195 3710 232 3770 de
252 3709 342 3771 Patre
364 3720 394 3771 et
415 3709 489 3771 Filio
512 3720 545 3771 ut
567 3710 604 3771 de
626 3709 785 3773 Salomone
808 3720 838 3771 et
851 3709 961 3770 havide
981 3717 1062 3771 recte
1085 3717 1132 3771 est
1153 3708 1287 3770 sentien-

87 3965 111 4016 ἆ.
130 3964 273 4026 sapuerim.
301 3962 399 4013 Gohler.
424 3963 562 4013 Felclm.l.
583 3971 606 4012 et
623 3963 647 4014 t.
700 3963 755 4014 mel.
774 3959 936 4030 Σαλομῶνα.
975 3963 1026 4011 llos
1045 3961 1144 4012 Gobler.
1163 3970 1186 4011 et
1204 3960 1288 4010 l’elcl·

50 4034 164 4082 omittunt
182 4025 230 4080 aul
248 4024 280 4080 τὸ
297 4021 409 4081 ἔκτισεν.
699 4047 763 4081 man.
778 4033 798 4081 l.
819 4048 864 4096 pro
883 4023 1011 4083 εἰςελθών
1030 4030 1119 4079 habent
1138 4020 1285 4076 συνελθόν.

48 4098 338 4223 ταΐιῗωωιη
349 4098 454 4149 nstkm'
467 4099 488 4148 ¹⁸
506 4098 563 4148 Μ’
578 4096 647 4165 Μ’
699 4192 712 4212 η
732 4133 755 4180 h.
775 4133 864 4194 tortio.
884 4133 940 4195 liet·
960 4131 1057 4183 Gohler.
1077 4139 1101 4180 et
1120 4129 1256 4180 l'elelrman.
1267 4128 1288 4178 1.

85 4238 100 4286 l.
128 4205 234 4289 l'eielm.
245 4237 270 4286 5.
286 4224 341 4296 ἢν
357 4225 386 4291 l}
395 4226 482 4302 ἀρχῆς
491 4224 584 4281 αὐτῶν
592 4226 646 4300 ‹pri-
697 4196 811 4264 Ψίλλιν·

49 4316 97 4353 σιν
113 4298 160 4353 καὶ
175 4301 277 4354 κτίσιν.
731 4304 746 4351 i.
771 4304 812 4353 Sic
831 4303 929 4363 Segoer.
949 4302 1006 4363 lter.
1022 4299 1093 4349 Basil.
1113 4295 1203 4358 Anglic.
1222 4295 1288 4345 Goh-

85 4390 107 4437 ι.
125 4376 166 4424 Sic
184 4379 286 4436 segnor-
305 4371 404 4422 Gobler.
423 4371 527 4421 Felclrm.
540 4371 562 4421 l.
581 4378 605 4419 et
619 4369 643 4420 4.
697 4370 780 4420 lerian.
800 4380 823 4419 et
842 4371 946 4420 Felclrm.
962 4370 983 4418 l.
1002 4377 1024 4417 et
1043 4368 1066 4416 l.
1102 4371 1130 4415 tt
1147 4362 1287 4415 Periclem-5.

48 4450 78 4493 ct
93 4453 118 4493 et
135 4444 208 4495 inira.
243 4441 274 4492 tt
295 4440 338 4491 alii
367 4455 420 4490 eum
447 4437 552 4490 adalunc
570 4438 645 4490 Com·
696 4433 812 4503 λέγωσιν
830 4430 871 4489 ἄν.
908 4438 971 4487 Editi
988 4430 1121 4500 λέγουσιν.

84 4532 213 4576 domurn
226 4539 281 4576 οη.
294 4539 368 4574 toan.
380 4539 431 4573 mr..
1048 4517 1080 4569 19
