2948 5092
348 243 999 318 urmrnunnnncsrrrsrnmmssrnnnr.
1247 240 1289 303 47

82 416 127 459 ren
145 407 191 458 est
209 396 330 468 minor3
352 395 502 475 siquidem
523 396 559 470 is,
583 396 634 475 qui
655 395 747 469 illum,
771 398 821 476 qui
842 398 872 458 in
893 398 980 460 Patre
1002 409 1058 475 est,
1081 400 1112 461 in
1135 420 1193 480 quo
1217 403 1287 465 item
1297 421 1374 469 nau.

80 510 114 560 est
130 499 232 572 Pater,
255 496 306 577 qui
328 506 359 557 et
380 496 459 557 idem
482 496 566 558 dicit:
590 497 652 578 Ege
675 508 704 560 et
725 497 819 560 Peter
840 518 936 562 tinum
957 519 1077 573 acme,
1105 521 1193 581 quem
1215 502 1287 569 item

77 600 114 679 qui
135 600 223 673 ridet,
245 598 326 660 ridet
347 604 379 658 et
399 597 533 671 Patrem,
555 599 622 678 qui,
645 599 780 678 inquam,
803 600 885 661 illum
907 619 941 662 re
961 601 1057 681 aliqua
1079 612 1199 666 externa
1222 625 1288 668 me-

71 702 163 762 liorem
184 700 282 772 reddi,
303 699 389 761 bisce
410 699 581 761 nominibus
603 699 761 779 significari
783 710 881 779 putat,
903 719 959 765 naa
980 703 1028 765 itte
1050 704 1182 766 amnium
1205 704 1288 768 insa-

69 803 204 865 nissimus
233 801 344 862 meritc
370 800 524 862 habendus
552 802 601 862 sit.
646 802 754 863 Verum
782 801 823 863 itti
844 802 914 865 binc
935 823 1053 884 qunque
1074 805 1180 867 deiecti
1201 816 1290 887 atque

66 905 92 965 in
110 922 263 975 summas,
287 910 320 964 nt
341 902 518 975 Eusebiani,
541 903 657 965 adducti
679 903 846 982 angustias,
870 904 906 966 ad
928 905 1000 968 ittud
1020 914 1176 987 pestremo
1197 926 1288 987 ergu-

66 1014 190 1067 nentun
224 1004 416 1084 confugiunt,
448 1003 528 1083 qnod
560 1003 626 1083 ipse
648 1003 736 1065 drins
764 1005 826 1065 suis
857 1004 887 1066 in
915 1006 1112 1069 cantiunculis
1134 1018 1164 1070 et
1186 1008 1288 1072 Tbalia

64 1106 135 1167 reiut
167 1106 334 1187 desperem
367 1105 502 1167 effutivit.
554 1152 573 1180 „
581 1105 686 1178 Multa,
719 1106 872 1185 inquiunt,
904 1108 995 1169 rerba
1033 1109 1164 1187 loquitur
1195 1110 1287 1173 Deus.

65 1208 182 1281 ,ente
202 1224 279 1287 argo
301 1208 410 1269 borum
431 1206 536 1269 Filium
557 1206 613 1268 Dei
628 1216 658 1268 et
673 1207 802 1269 Verbum
823 1207 1007 1287 unigenitum
1028 1209 1125 1271 Patris
1148 1229 1216 1272 esse
1237 1210 1286 1271 di-

63 1306 235 1379 „einnsi“
280 1306 389 1369 Stciidi
410 1316 490 1369 certe
512 1308 553 1369 illi
576 1317 606 1369 et
628 1308 743 1387 quidvis
765 1308 863 1387 potius
879 1328 967 1389 qnam
982 1309 1157 1372 Christiani!
1187 1312 1287 1373 Prima

62 1410 134 1471 enim
155 1410 232 1473 dum
252 1410 328 1471 baec
348 1409 386 1471 de
406 1408 469 1470 ben
490 1411 668 1491 loquuntur,
696 1428 801 1490 parum
822 1410 908 1472 abest
928 1412 999 1491 quin
1019 1412 1171 1474 bominem
1192 1412 1287 1474 Deum

63 1530 125 1573 esse
145 1510 331 1584 existimem,
352 1510 462 1591 quippe
483 1511 534 1590 qui
555 1513 600 1575 sic
620 1512 759 1592 loquetur
781 1520 811 1574 et
831 1513 933 1591 priora
954 1512 1043 1574 rerba
1063 1513 1151 1575 noris
1173 1513 1284 1575 immu-

62 1622 114 1684 tet,
147 1612 236 1692 quasi
268 1629 360 1672 unum
390 1612 518 1675 Verbum
544 1632 563 1674 a
589 1612 652 1674 Dea
684 1612 832 1691 prelatum
864 1632 927 1675 nnn
953 1615 1025 1676 satis
1054 1615 1093 1675 sit
1120 1614 1157 1675 ad
1186 1614 1372 1679 omnium.

62 1712 201 1785 munda,
228 1732 305 1792 quae
326 1713 415 1774 Pater
436 1714 615 1789 decreverit,
638 1713 727 1775 etad
749 1715 813 1776 eins
834 1714 1050 1794 providentiam
1072 1716 1284 1795 exequendam.
1382 1722 1385 1727 '
1424 1726 1429 1735 '

60 1814 144 1875 linita
166 1813 248 1876 enim
268 1814 352 1875 iilum
372 1814 454 1893 loqui
475 1813 573 1888 rerba,
596 1815 713 1893 signum
735 1823 781 1877 est
801 1815 960 1876 verborum
982 1816 1114 1878 omnium
1128 1816 1285 1878 imbecilli·
1412 1818 1415 1825 '

61 1915 142 1985 tatis,
176 1934 246 1977 nrm
277 1914 395 1993 singula
421 1914 542 1977 niterim
570 1914 679 1977 nmilia
707 1914 867 1995 indigeant.
911 1916 1006 1978 Deum
1033 1926 1131 1979 autern
1157 1937 1218 1979 nnc
1240 1916 1286 1979 nti

63 2014 164 2085 Verbo,
187 2025 221 2076 ut
241 2034 346 2076 revera
367 2024 431 2088 est,
454 2016 507 2077 Dei
529 2017 645 2079 virtutis
669 2026 699 2077 et
721 2015 810 2079 Verbi
829 2016 867 2079 ab
889 2036 925 2078 en
947 2019 1071 2096 proiecti
1092 2018 1284 2098 perfeetionis

61 2115 198 2177 inditium
219 2110 535 2196 atque'argumentum
557 2126 613 2191 est,
636 2135 692 2180 nec
711 2136 772 2179 nnn
794 2116 911 2179 illarum
933 2119 1062 2198 pietatis,
1085 2120 1136 2199 qui
1157 2120 1198 2181 ita
1210 2136 1283 2181 sen·

61 2218 144 2279 tiunt.
1064 2213 1074 2228 '

144 2323 193 2383 tt.
239 2318 357 2380 Utinam
380 2338 451 2381 aero
471 2314 576 2383 saltem
598 2339 634 2382 ex
654 2318 717 2391 bis,
740 2338 815 2398 quae
837 2338 916 2380 nurrc
935 2321 1107 2400 proterunt,
1130 2320 1282 2383 veritatem

60 2420 143 2481 fateri
165 2418 264 2481 redint.
308 2420 382 2481 Natu
409 2422 436 2481 si
457 2422 550 2484 semei
571 2422 749 2495 concedant,
782 2420 875 2482 Deum
905 2422 993 2483 verba
1020 2425 1170 2501 preferre,
1200 2421 1281 2483 illurn

58 2521 174 2582 Patrem
200 2540 270 2582 esse
299 2522 422 2583 omnino
450 2523 587 2602 ignorare
608 2541 668 2583 nou
689 2531 828 2604 possunt.
873 2523 940 2595 Qun
962 2524 1031 2585 data
1053 2522 1214 2594 attendant,
1237 2540 1281 2595 se,

60 2623 127 2685 dnm
150 2641 244 2684 tutum
266 2641 333 2683 esse
354 2623 409 2685 Dei
430 2623 559 2707 Verbum
580 2623 684 2685 nolunt
706 2624 802 2696 fateri,
825 2624 987 2685 multorum
1008 2633 1122 2703 patrem
1145 2643 1212 2684 euru
1235 2625 1281 2685 ia-

60 2744 135 2787 cere.
181 2726 290 2786 Verum
312 2723 365 2786 net
387 2722 505 2804 quidem
521 2724 650 2786 Verbum
673 2744 740 2787 esse
763 2724 868 2786 nolunt
889 2725 1029 2800 inficiari3
1051 2726 1105 2786 sed
1127 2725 1198 2785 tttud
1213 2743 1282 2787 esse

59 2824 111 2886 bei
138 2826 233 2887 filium
261 2844 323 2886 non
350 2827 553 2899 consentiunt,
581 2827 660 2905 quod
688 2828 822 2906 proiecto
853 2846 889 2886 ex
910 2826 1041 2888 veritatis
1064 2825 1230 2905 ignorantia
1252 2832 1284 2887 et

60 2927 224 2987 divinarum
247 2926 467 3006 Scripturarum
500 2928 617 2989 inscitia
649 2927 795 3007 provenit
838 2928 911 2989 Nam
942 2928 968 2987 si
997 2945 1066 2988 rere
1094 2926 1173 2988 Dens
1195 2926 1283 2989 Peter

60 3036 104 3088 est
126 3027 233 3099 Verbi,
262 3044 315 3089 carr·
341 3029 391 3106 qui
413 3028 557 3107 gignitur,
579 3029 672 3091 Vilius
695 3028 839 3091 nonsit?
884 3028 959 3101 Quis
981 3035 1080 3090 autern
1100 3047 1206 3090 rursus
1228 3028 1284 3091 net

59 3128 135 3189 tilius
156 3128 259 3209 pessit
278 3147 348 3190 esse
370 3140 487 3208 praeter
508 3131 573 3192 eius
587 3128 737 3191 Verbum?
780 3130 897 3190 Etenim
919 3148 980 3190 nnn
1001 3129 1282 3204 muitasuntverba,

59 3250 97 3291 ne
115 3230 234 3309 singula
256 3230 428 3309 imperfecta
451 3242 481 3295 ct
501 3251 594 3311 egena
616 3232 692 3303 sint,
723 3232 776 3292 scd
805 3249 896 3292 unuin
923 3239 970 3292 est
992 3231 1136 3305 Verbum,
1166 3240 1228 3293 turn
1250 3238 1284 3292 ut

57 3332 155 3412 ipsum
178 3331 279 3393 sciunt
301 3331 340 3392 sit
361 3335 533 3411 perfectum,
556 3342 618 3395 ttmr
641 3333 708 3411 quia
730 3352 796 3394 cum
811 3332 889 3394 [icus
913 3351 991 3395 unus
1013 3333 1062 3405 sit,
1087 3352 1143 3393 una
1165 3350 1283 3411 quoque
1378 3370 1385 3399 t

57 3432 122 3494 eius
143 3434 258 3512 image,
280 3450 356 3513 qnae
377 3433 442 3513 ipsa
464 3433 556 3495 Filius
579 3442 634 3507 est,
657 3434 746 3495 debet
767 3453 845 3496 esse.
889 3434 1021 3514 Namque
1044 3434 1096 3495 [tei
1118 3433 1228 3507 Filius,
1251 3442 1284 3495 ut

56 3554 91 3594 ex
113 3536 192 3615 ipsis
209 3534 372 3613 Scripturis
394 3534 461 3597 iicet
482 3536 607 3609 discere,
631 3535 709 3597 idem
724 3535 975 3610 estDeivcrbum,
997 3535 1151 3615 sapientia,
1173 3535 1281 3613 image,

57 3656 163 3699 nutius
187 3644 218 3696 et
239 3635 340 3697 uirtus.
387 3636 468 3699 Unus
490 3636 570 3699 euim
591 3645 637 3697 est
650 3636 704 3698 ttei
726 3638 815 3710 ictus,
837 3638 969 3716 haecque
990 3645 1060 3699 snut
1081 3637 1197 3710 indicia,
1214 3653 1282 3696 enm

56 3758 90 3798 er
109 3738 202 3800 Patre
231 3756 299 3799 esse
325 3738 466 3817 genitum.
510 3737 579 3800 Sire
605 3738 687 3800 eninr
708 3737 813 3800 Filium
841 3738 968 3810 dixeris,
996 3738 1028 3799 id
1056 3738 1135 3817 qnod
1157 3756 1194 3801 ex
1216 3739 1281 3816 ipso

57 3942 90 3973 rs,
115 3928 174 3975 iibri
191 3926 266 3986 stylus
282 3925 361 3973 mortu
379 3932 413 3972 eat
432 3932 453 3973 et
472 3927 599 3975 dissolutus
618 3942 645 3976 nc
699 3924 829 3974 cantilenas
854 3929 974 3987 nauticus,
1002 3927 1114 3975 materies
1132 3933 1152 3974 et
1169 3928 1282 3975 uictoriae

57 3996 162 4042 netad&
190 3993 313 4041 cantilenis
336 3992 477 4054 persimilis,
503 4010 568 4057 quem
592 4000 645 4042 tune
697 3995 860 4056 contaminere,
880 3995 986 4058 niierqne
1002 4009 1084 4043 rursus
1102 3995 1176 4042 editas
1195 3997 1219 4043 in
1235 4008 1281 4042 nrt-

54 4063 163 4121 sgrndas
182 4060 308 4113 tnnc-serrat
326 4063 494 4110 condemnarit.
528 4062 593 4111 Haec
605 4062 645 4109 ibi.
696 4076 770 4109 mnes
789 4062 913 4122 redegisse,
934 4064 1084 4126 querneique
1096 4062 1216 4111 conuenire
1229 4062 1280 4111 ssi·

55 4132 144 4177 nectus
163 4144 261 4192 quoque
280 4128 458 4189 i'ttitcsturgins
478 4129 519 4177 lib.
531 4128 560 4177 ΙΙ.
580 4145 600 4179 c.
612 4126 645 4189 2.,
697 4130 813 4179 ttimnbnt.

53 4200 144 4253 trium,
164 4210 212 4258 qno
230 4211 341 4244 errorem
361 4196 457 4245 tat-ntus
469 4197 646 4251 disseminaret,
732 4210 751 4244 c.
771 4196 827 4254 neg.
847 4193 903 4243 τῶν
921 4197 1007 4245 omittit
1033 4211 1134 4259 moxque
1152 4196 1224 4243 babet
1241 4185 1282 4242 εὖ·

55 4256 424 4339 q'snareireuacrraedrtai
448 4256 646 4328 ducentesimi
698 4262 762 4341 σεβῆ
781 4258 898 4312 σι’·νεσιν.
936 4265 979 4312 stit
999 4273 1077 4313 autern
1096 4273 1120 4313 et
1132 4264 1188 4312 editi
1198 4253 1281 4323 ἀσεβῇ

56 4328 216 4397 motaeque
232 4330 356 4415 γράψαι,
375 4326 645 4414 xrtirccnrdtci'reqa
698 4344 815 4387 σι’νεσιν,
836 4342 861 4381 ut
880 4341 901 4380 et
921 4333 1027 4380 Nuntius
1047 4331 1110 4392 tegit.

56 4400 220 4450 emmim
242 4417 282 4455 εις
303 4396 445 4467 μελῳδίας
462 4392 592 4457 ἐκτεῖναι,
614 4415 645 4452 ας
731 4401 753 4449 d.
773 4403 828 4461 tteg.
846 4398 952 4463 γεννῶν
968 4392 1041 4459 ierim
1060 4399 1184 4448 mendose.

54 4462 177 4535 Μμῑζιν
201 4464 330 4524 ἑκάστοις
361 4461 502 4535 ἁρμόζειν.
540 4468 643 4519 idest:
731 4482 751 4517 e.
768 4454 784 4534 ,ἦ
804 4470 873 4519 abest
890 4484 903 4516 a
922 4470 978 4529 tteg.
997 4477 1022 4519 et
1039 4466 1172 4516 basiliensi.
