2934 5078
93 232 137 295 44
493 244 930 292 ι.ιτιιιιιιιιιιιωιιτνιιεονι

7 412 85 457 m
93 390 205 480 κόριος
238 391 411 479 γενόμενος
439 386 488 459 δι’
517 389 604 480 ἡμᾶς
632 390 816 479 ἄνθρωπος
841 396 895 460 καὶ
924 395 1022 477 σῶμα
1048 398 1195 480 φορέσας
1222 388 1317 463 οῦόίν

92 480 190 580 ἧττον
211 483 251 579 ἦν
273 493 370 573 θεός·
394 489 432 560 οῦ
454 494 516 579 γὰρ
537 489 719 582 ἠλαττοῦτο
741 498 781 582 τῇ
803 495 963 582 περιβολῇ
978 496 1037 560 τοῦ
1054 494 1219 580 σώματος,
1234 489 1318 563 ἄλλά

93 595 294 678 καὶμᾶλλον
317 595 532 663 ἰθεοποιείτο
558 598 733 662 τοῦτοκαὶ
756 593 927 663 ἀθάνατον
950 591 1112 663 άπετέλει.

181 703 229 762 15.
272 691 375 763 Ἱκανὰ
394 698 456 780 μὲν
478 687 536 763 οῦν
556 700 661 787 ταῦτα
683 699 895 784 στηλιτεῦσαι
915 696 974 783 τήν
988 696 1116 783 αἰρεσιν
1131 701 1198 764 τῶν
1210 691 1319 783 Ἀρει-

94 797 189 862 ανῶν.
234 800 287 863 καί
310 796 381 882 γάρ,
406 793 451 877 ὡς
473 793 491 863 ὅ
513 796 625 883 κόριος
646 798 794 880 δέδωκεν,
818 797 855 878 ἰξ
875 788 921 864 ὧν
943 798 1052 884 ελεγον
1075 793 1171 864 αὐτοὶ
1192 799 1320 886 διηλέγ-

91 901 223 983 χθησαν
251 894 462 983 ἀσεβοῦντες,
492 905 573 987 φέρε
595 898 634 987 δή
656 897 712 965 καί
733 896 827 986 ἡμεῖς
849 906 1074 985 προτείνωμεν
1095 898 1151 966 καί
1173 892 1319 985 άπαιτή-

93 1016 204 1082 σωμεν
224 997 280 1064 καὶ
301 994 421 1079 αὐτοὺς
442 996 711 1087 ἀποκρίνασθαι·
738 999 852 1086 καιρός
873 1001 935 1087 γάρ
957 1000 1062 1081 ἐστιν,
1086 996 1320 1088 άπορήσαντσς

93 1092 213 1179 αὖτοὺς
245 1099 279 1167 έν
308 1111 382 1179 τοῖς
415 1100 516 1181 ἰόίοις
542 1100 738 1187 ἐρωτᾶσθαι
766 1099 887 1169 λοιπὸν
914 1097 991 1187 παρ’
1014 1097 1124 1189 ήμῶν·
1146 1100 1239 1185 ζτόχα
1260 1095 1320 1190 κᾷν

17 1266 20 1273 .
93 1197 199 1280 οότως
226 1200 441 1288 ἐντραπέντες
468 1197 704 1287 άναβλέψωσιν
733 1198 816 1271 ὅθεν
844 1209 1030 1271 κατέπεσον
1052 1203 1086 1270 οἰ
1106 1202 1319 1291 κακόφρονες.

92 1301 150 1369 τὸν
171 1301 243 1370 οἰὸν
265 1306 323 1369 τοῦ
345 1306 430 1373 θεοῦ
450 1303 690 1393 μεμαθήκαμεν
713 1304 747 1372 έκ
768 1307 834 1372 τῶν
856 1311 962 1372 θείων
978 1306 1125 1392 γραφῶν,
1149 1299 1195 1384 ὡς
1216 1320 1321 1392 ·προ-

93 1408 240 1488 είπομεν,
263 1401 364 1472 αῦτὸν
386 1400 472 1472 εἶναι
491 1404 550 1472 τὸν
572 1403 668 1491 λόγον
690 1405 746 1473 καί
765 1405 824 1495 τήν
847 1413 970 1494 σοφίαν
984 1408 1044 1472 τοῦ
1058 1404 1195 1491 πατρός.
1228 1401 1321 1490 όμέν

93 1504 155 1590 γὰρ
183 1501 373 1587 άπόστολός
402 1528 500 1595 φησι·
530 1507 679 1593 Χριστὸς
709 1511 793 1575 θεοῦ
823 1508 962 1592 δύναμις
982 1509 1037 1573 καί
1058 1510 1143 1574 θεοῦ
1166 1513 1273 1595 σοφία
1282 1511 1320 1589 ’γ’

8 1601 173 1673 νικά-δέ
192 1602 340 1697 Ἰωάννης
362 1609 513 1697 εἰρηκώς·
535 1607 592 1676 καί
613 1605 631 1674 ό
654 1607 750 1694 λόγος
768 1609 851 1696 σάρξ
865 1609 1000 1696 ἐγένετο,
1024 1607 1186 1695 ἐπήγαγεν
1201 1601 1320 1686 εῦθῦς·

93 1708 149 1774 καί
171 1706 390 1792 ἐθεασάμεθα
411 1709 469 1797 τήν
491 1709 591 1790 δόξαν
613 1705 722 1792 αὐτοῦ,
747 1710 846 1792 δόξαν
869 1706 914 1790 ὥς
933 1712 1130 1796 μονογενοῦς
1143 1707 1239 1794 παρὰ
1253 1732 1322 1775 πα·

91 1811 178 1897 τρός,
202 1810 330 1898 πλήρης
349 1810 483 1897 χάριτος
504 1810 561 1878 καί
584 1806 794 1901 άληθείας’)·
817 1809 877 1892 ὡς,
901 1813 960 1877 τοῦ
983 1810 1081 1897 λόγου
1104 1806 1199 1889 όντος
1219 1833 1322 1895 μονοι

91 1916 205 1999 γενοῦς
232 1913 322 1993 οἱοῦ,
357 1913 390 1980 έν
412 1939 448 1979 τε
469 1913 576 2000 τούτῳ
597 1916 645 1999 τῷ
667 1914 754 2001 λόγῳ
776 1912 832 1981 καὶ
852 1917 892 2001 τῇ
915 1909 1021 2000 σοφίᾳ
1041 1914 1242 1999 γεγενῆσθαι
1262 1910 1321 1981 τόν

64 2018 67 2025 ’
92 2040 128 2082 τε
150 2010 289 2100 οὐρανὸν
310 2016 365 2081 καί
387 2013 445 2100 τήν
467 2017 525 2100 γήν
546 2018 600 2080 καί
623 2013 734 2081 πάντα
754 2013 797 2081 τὰ
818 2015 852 2082 ἐν
875 2009 998 2093 αῦτοίς.
1043 2016 1097 2081 καί
1119 2011 1240 2101 ταότης
1261 2014 1321 2101 τής

93 2122 216 2203 σοφίας
237 2114 344 2202 πηγήν
367 2109 452 2183 εἰναι
472 2115 530 2181 τὸν
551 2115 644 2195 θεόν,
668 2115 703 2183 έν
723 2119 771 2202 τῷ
786 2115 919 2201 Βαροὺχ
939 2116 1187 2202 μεμαθήκαμεν,
1212 2112 1321 2181 αἰτια-

92 2221 214 2295 θέντος
241 2219 300 2282 τοῦ
319 2211 461 2303 Ἰσραήλ,
492 2213 546 2283 ότι
573 2217 766 2303 ἐγκατέλιπε
793 2217 851 2304 τήν
873 2215 981 2304 πηγήν
1002 2219 1061 2303 τῆς
1083 2207 1245 2303 σοφίας’).
1291 2214 1321 2283 εἰ

91 2320 151 2402 μέν
173 2308 232 2386 οῦν
255 2312 432 2403 άρνοῦνται
451 2318 495 2384 τὰ
515 2325 729 2407 γεγραμμένα,
755 2313 899 2386 αῦτόθεν
914 2313 1085 2403 ἀλλότριοι
1098 2320 1153 2383 καί
1168 2320 1228 2383 τοῦ
1245 2311 1321 2384 όνό-

91 2442 197 2501 ματος
230 2416 337 2500 όντες,
371 2419 500 2498 οἰκείως
532 2414 572 2487 ἂν
604 2422 758 2487 καλοῖντο
789 2419 848 2487 καί
867 2419 961 2507 παρὰ
982 2420 1118 2486 πάντων
1140 2415 1245 2485 άθεοι
1263 2415 1322 2485 καὶ

48 2600 54 2611 υ
89 2520 322 2606 χριστομάχοι·
346 2517 433 2588 οότω
454 2520 515 2607 γὰρ
539 2520 675 2600 έαοτοῦς
696 2520 917 2605 ἐπωνόμασαν
939 2518 995 2586 καί
1009 2514 1122 2586 αότοί·
1144 2519 1176 2587 εἰ
1190 2520 1228 2586 δέ
1242 2542 1321 2586 σον·

92 2623 311 2707 ομολογοῦσιν
332 2619 412 2711 ήμίν
434 2618 521 2689 εἰναι
541 2622 755 2690 θεόπνευστα
776 2621 818 2688 τά
839 2626 897 2707 τῆς
918 2623 1047 2709 γραφής
1068 2619 1215 2709 ῥήματα,
1242 2621 1321 2713 τολ-

91 2723 292 2810 μησάτωσαν
314 2727 465 2815 φανερῶς
487 2723 605 2805 εἰπεῖν,
629 2722 651 2789 ἃ
672 2729 896 2809 κεκρυμμένως
918 2726 1107 2810 φρονοῦσιν,
1132 2719 1185 2789 ότι
1200 2718 1321 2808 άλογος

92 2824 168 2892 1’καὶ
188 2824 318 2913 άσοφος
339 2816 378 2914 ἦν
401 2822 420 2893 ὃ
441 2822 525 2905 θεός
545 2846 647 2905 ποτε,
676 2824 731 2891 καὶ
751 2831 907 2909 μανέντες
930 2825 1087 2892 εἴπωσιν·
1120 2813 1160 2911 ήν
1183 2820 1240 2891 ὅτε
1262 2818 1321 2890 οόκ

91 2914 141 3013 ήν,
173 2925 230 2993 καὶ
250 2926 332 3012 πρὶν
354 2930 555 3015 γεννηθῆναι
581 2920 640 2993 οῦκ
660 2916 699 3012 ήν
722 2922 740 2992 ό
763 2924 928 3011 Χριστός·
956 2925 1060 2992 πάλιν
1081 2950 1118 2992 τε
1139 2918 1320 3012 άποφηνά·

93 3032 232 3092 σθωσαν
258 3026 318 3111 τήν
345 3026 452 3114 πηγήν
478 3026 524 3116 μή
552 3027 589 3109 ἐξ
616 3029 734 3115 έαοτῆς
754 3032 976 3115 γεγεννηκέναι
996 3026 1054 3115 τήν
1077 3032 1217 3113 σοφίαν,
1247 3020 1317 3092 ἀλλ’

93 3125 218 3207 ἔξωθεν
241 3126 358 3213 ἑαυτῆς
380 3131 561 3216 κεκτῆσθαι
581 3129 718 3217 ταύτην,
741 3130 798 3197 ἵνα
818 3128 875 3195 καὶ
894 3125 1107 3217 τολμήσωσιν
1129 3127 1255 3195 εἰπεῖν·
1284 3126 1321 3206 έξ

93 3222 151 3296 οῦκ
172 3225 277 3296 όντων
298 3235 427 3315 γέγονεν
450 3225 468 3295 o‘
491 3229 570 3309 οἰός.
615 3234 715 3298 τοῦτο
743 3230 804 3316 γάρ
827 3224 885 3296 οῦκ
907 3228 957 3295 έτι
978 3228 1085 3317 πτφήν
1106 3228 1228 3320 ταύτην
1251 3230 1318 3296 (ἰεί-

90 3354 211 3411 κνοσιν,
237 3324 322 3398 όλλά
343 3356 419 3398 τινα
440 3330 558 3398 λάκκον
570 3328 684 3418 ὥσπερ
701 3332 826 3411 έξωθεν
841 3327 931 3417 ὕδωρ
946 3328 1099 3415 λαβόντα,
1122 3334 1318 3421 κεχρημένον

89 3436 136 3519 τῷ
161 3427 299 3516 όνόματι
319 3436 378 3520 τής
400 3436 514 3521 πηγῆς.

178 3541 226 3602 16.
264 3531 366 3621 Ὅσης
392 3536 452 3617 μὲν
482 3524 540 3602 οῦν
563 3528 717 3620 άσεβείας
738 3532 811 3600 ἐστὶ
832 3536 931 3599 τοῦτο
951 3532 1086 3618 μεστόν,
1112 3528 1231 3600 οῦῦένα
1251 3534 1317 3599 τιῦν

91 3629 150 3720 κᾷν
172 3641 327 3720 βραχεῖαν
350 3636 512 3724 αἴσθησιν
535 3635 675 3719 ἐχόντων
698 3630 921 3721 άμφιβάλλειν
942 3630 1093 3723 ήγοῦμαι.
1140 3632 1258 3721 ἐπειδὴ
1281 3634 1319 3701 όί

90 3733 348 3820 τονθορύζοντες
370 3737 533 3822 λέγουσιν,
567 3732 714 3821 όνόματα
734 3735 836 3820 μόνον
861 3732 947 3803 εἰναι
967 3739 1026 3802 τοῦ
1049 3737 1122 3802 υἱοῦ
1144 3734 1243 3821 λόγος
1263 3732 1320 3802 καὶ

91 3841 205 3921 σοφία,
229 3830 404 3921 ἀναγκαῖον
428 3839 591 3927 ἐρωτῆσαι
611 3836 764 3915 τούτους·
787 3837 817 3904 εἰ
839 3831 986 3921 όνόματα
1005 3834 1108 3922 μόνον
1129 3836 1319 3904 ἐστὶ-ταῦτα

90 3939 148 4000 τοῦ
176 3936 265 4015 οίοῦ,
297 3935 397 4016 ἄλλος
426 3934 466 4006 όν
494 3935 593 4018 αὐτὸς
622 3941 672 4026 εἰἠ
695 3937 789 4024 παρὰ
809 3942 921 4004 ταῦτα.
967 3937 1075 4005 καὶεί
1095 3941 1155 4022 μέν
1177 3939 1317 4022 βελτίων

91 4034 250 4137 ἰστίοτιῦν
273 4032 453 4122 ὀνομάτων,
470 4036 535 4123 ,οῦχ
557 4037 651 4107 όσιον
674 4039 709 4107 έκ
729 4042 796 4106 τιῦν
818 4040 1000 4106 ἐλαττόνων
1015 4039 1073 4107 τὸν
1088 4042 1243 4126 βελτίονα
1259 4063 1318 4127 σή·

89 4142 290 4219 μαίνεσθαι·
318 4140 347 4206 εί
375 4141 411 4208 όί
441 4140 597 4209 ἐλάττων
612 4140 684 4208 ἰστί
711 4143 777 4207 τιῦν
801 4135 986 4224 ὀνομάτων,
1015 4140 1151 4220 πόντιος
1165 4140 1241 4223 ,ἔχει
1261 4138 1319 4207 καὶ

89 4236 147 4323 τήν
169 4238 278 4306 αἰτίαν
300 4245 358 4326 τής
380 4242 437 4308 έπί
459 4242 498 4308 τὸ
520 4242 653 4309 κάλλιον
675 4249 910 4328 προςηγορίας·
932 4245 1030 4307 τοῦτο
1055 4244 1089 4308 δὲ
1113 4242 1216 4308 πάλιν
1231 4264 1317 4328 προ·

160 4463 182 4519 ιι
203 4464 223 4513 ι.
243 4465 296 4515 cor.
320 4466 341 4528 1,
360 4465 400 4517 οι.
440 4439 442 4442 ’
470 4465 494 4526 ο)
514 4467 578 4515 102⁰.
600 4468 622 4526 ι,
644 4468 681 4516 ιι,
751 4466 776 4524 3)
794 4467 847 4516 οτι.
867 4465 892 4526 ο,
913 4466 950 4515 ιο.
