2948 5092
468 280 612 326 mussona
629 281 666 324 rr.
682 282 720 324 eu
737 280 934 327 semerom.
1239 271 1300 335 777

75 428 106 488 in
131 430 257 509 ipsoque
280 441 335 493 est.
380 432 452 493 Nam
476 441 538 493 erat
560 450 626 493 cum
649 440 801 494 creaturae
823 451 883 494 nou
900 442 1028 495 essent(
1056 436 1143 508 Quod
1166 437 1192 497 si
1215 453 1384 505 crea-reas

72 540 143 593 ture
167 541 222 604 est,
246 551 312 594 curn
335 541 485 594 creaturae
507 534 568 594 sint
589 552 624 595 ex
645 550 706 595 uon
724 534 906 606 extantibus,
933 535 1028 613 palam
1052 546 1099 597 est
1120 536 1212 597 fuisse
1233 556 1300 600 cum

71 650 137 693 non
160 642 240 694 esset
261 634 401 707 Trinitas,
424 635 477 696 sed
500 634 642 707 dualitas3
664 653 723 713 quo
746 636 815 714 quid
839 636 931 714 magis
949 636 1070 715 impium
1086 639 1153 716 quis
1168 638 1300 702 dixerit?

71 733 118 794 Ex
139 736 302 796 mutatione
325 744 356 795 et
383 737 516 813 profectu
545 736 646 797 dicunt
673 745 810 797 constare
839 736 1031 810 Trinitatem,
1065 757 1100 798 ac
1128 739 1297 802 dualitatem
1307 757 1383 804 atat.

70 836 193 914 quidem
216 857 293 909 esse,
316 838 368 899 sed
393 846 563 916 exspectare
586 845 738 898 creaturae
760 836 995 916 productionem,
1018 846 1051 899 ut
1073 858 1139 899 cum
1161 842 1247 901 Patre
1269 849 1300 903 et

71 936 149 998 Eiiio
172 939 326 1018 coprdetur
348 950 377 999 et
398 940 448 999 fiat
470 940 610 1000 Trinitas.
654 939 739 1000 absit
761 946 793 998 ut
815 938 883 1017 quid
900 939 1070 1000 huiusmodi
1092 942 1137 1002 vet
1159 943 1188 1002 iu
1211 962 1297 1005 men·
1326 984 1330 991 ·
1370 988 1373 993 -

68 1048 132 1101 tem
161 1059 289 1119 unquam
312 1040 548 1102 Christianorum
578 1041 670 1102 cadat
716 1040 971 1112 Quemadmodum
993 1041 1071 1101 enim
1093 1041 1201 1114 Filius,
1231 1063 1297 1107 cum

70 1158 193 1222 semper
214 1143 261 1214 sit,
286 1161 345 1203 non
369 1152 415 1204 est
437 1152 586 1215 creatura,
610 1142 654 1203 sic
675 1142 816 1221 quoniam
840 1160 959 1220 semper
981 1151 1027 1203 est
1048 1142 1188 1215 Trinitas,
1211 1145 1241 1204 iu
1262 1163 1309 1217 ea,

67 1242 150 1304 nulia
174 1251 222 1303 est
242 1254 386 1314 creatura,
410 1253 497 1324 atque
519 1245 592 1306 adeo
616 1262 676 1304 uou
699 1253 745 1304 est
767 1252 902 1304 creatura
923 1243 1062 1322 Spiritus.
1106 1245 1189 1306 Sicut
1217 1246 1297 1308 euim

67 1360 191 1423 semper
211 1344 275 1418 tuit,
298 1345 337 1406 ita
360 1355 390 1406 et
411 1365 491 1406 nunc
512 1354 568 1416 est,
591 1353 622 1406 et
642 1344 720 1407 sicut
741 1364 820 1406 nuno
841 1352 898 1417 est,
921 1345 960 1406 ita
983 1363 1103 1424 semper
1117 1347 1173 1406 tuit
1194 1357 1297 1428 estque

67 1444 201 1507 Trinitas
230 1458 259 1507 et
288 1447 317 1507 iu
341 1449 404 1527 ipsa
428 1449 529 1520 Pater,
564 1448 656 1507 Filius
685 1455 715 1508 et
747 1446 876 1525 Spiritus
904 1455 1035 1507 sanctus.
1079 1447 1116 1507 Et
1144 1468 1220 1510 unus
1248 1442 1310 1511 est'

67 1545 149 1609 Deus
173 1549 269 1623 Pater,
292 1550 342 1628 qui
364 1559 522 1629 estsuper
545 1549 642 1610 omnia
665 1558 696 1610 et
716 1566 770 1627 per
792 1549 942 1609 omnia-et
964 1549 994 1608 iu
1011 1549 1160 1623 omnihus,
1183 1552 1232 1628 qui
1248 1560 1296 1612 est

63 1647 242 1712 benedictus
265 1650 295 1711 in
318 1652 443 1713 saecuta.
487 1653 590 1712 Amen.
634 1651 697 1730 Ego
720 1650 849 1730 quidem,
871 1659 904 1711 ut
920 1650 1101 1728 significasti,
1124 1651 1196 1712 haec
1217 1670 1294 1731 pau·

64 1747 111 1814 cis
133 1753 301 1832 conscripta
324 1754 359 1814 ad
383 1763 412 1814 te
434 1754 511 1814 misi.
557 1753 601 1814 To
625 1771 697 1814 rero
719 1753 852 1831 prudens
868 1769 941 1813 >cum
963 1751 1034 1823 sis,
1052 1752 1078 1813 si
1101 1751 1171 1830 quid
1193 1752 1224 1812 in
1246 1753 1294 1813 bis

63 1851 179 1925 deerit,
209 1854 238 1916 id
256 1870 378 1934 'quaeso
402 1855 538 1935 suppleas
562 1863 591 1916 et
613 1854 784 1916 domesticis
807 1854 873 1914 fidei
897 1853 994 1932 iegas3
1023 1871 1076 1914 eos
1093 1860 1213 1931 autem,
1243 1855 1294 1932 qui
1380 1851 1384 1858 '

62 1956 362 2035 pencontentionem
385 1956 599 2036 blasphemant,
626 1956 807 2034 redarguite.
852 1954 994 2015 Fortasse
1016 1953 1152 2015 velsero
1175 1956 1292 2017 modern

61 2056 280 2135 resipiscentes
309 2068 377 2118 ante
405 2059 525 2119 insitum
555 2076 687 2119 errorem
716 2057 886 2134 abstergent
913 2054 949 2116 ab
978 2055 1073 2116 anima
1103 2074 1166 2116 sua.
1211 2056 1235 2117 E
1260 2076 1294 2118 re

62 2157 146 2218 enirn
169 2158 256 2218 fuerit
279 2177 398 2229 eorum,
433 2167 465 2220 ut
486 2160 629 2238 scriptum
651 2166 713 2230 est,
736 2157 853 2219 resilire
875 2175 931 2216 uec
952 2157 1231 2234 comperendinare,
1255 2177 1293 2222 ne

62 2259 90 2320 si
114 2268 317 2338 permaneant,
340 2260 458 2322 audiant
480 2262 559 2339 qraod
582 2261 691 2321 dictum
715 2269 760 2320 est
778 2277 794 2319 a
809 2257 952 2319 Domino:
979 2258 1164 2336 Quicumque
1179 2260 1293 2322 dicerit

61 2360 189 2424 undum
212 2373 320 2423 contro
342 2361 491 2441 Spiritum
514 2374 661 2434 sanctam,
683 2379 746 2422 non
770 2364 941 2421 remittetur
956 2363 984 2420 ee·
996 2377 1091 2440 neque
1105 2362 1138 2418 in
1153 2358 1208 2419 doc
1222 2377 1291 2420 sue·

62 2461 135 2525 culo
158 2481 251 2543 neque
272 2467 304 2524 ire
326 2465 446 2543 saturo.

374 2819 521 2875 EIUSDEM
545 2819 586 2875 ΔΙ)
610 2816 747 2875 EUNDEM
770 2813 984 2873 sumtuum

557 2912 564 2918 ’
583 2933 768 2984 sersrom

511 3039 567 3085 item
586 3036 616 3084 de
638 3041 721 3085 caueto
740 3033 839 3098 Spiritu.

146 3180 175 3239 1.
220 3170 291 3253 Legi
314 3171 475 3251 Epistulam
499 3189 514 3231 a
538 3178 588 3231 tua
609 3168 718 3248 pictate
740 3167 830 3228 modo
852 3166 1009 3245 scriptam,
1040 3165 1287 3245 vehementerque

56 3278 221 3345 admiratus
244 3275 460 3336 haereticorum
483 3269 695 3351 impudentiam
718 3268 908 3330 animadverti
930 3266 1003 3328 nihil
1018 3284 1112 3345 acque
1131 3266 1189 3328 illis
1212 3285 1286 3328 con·

55 3379 159 3441 venire
182 3397 216 3438 ac
237 3376 371 3455 Apostoli
393 3383 597 3454 praeceptum:
620 3370 811 3434 Haereticam
835 3371 981 3432 hominem
999 3379 1072 3449 post
1086 3387 1179 3430 unum
1194 3378 1223 3431 et
1238 3388 1287 3431 ee·

56 3482 187 3545 eundem
209 3483 430 3559 correptionem
452 3478 569 3545 deuito,
593 3478 690 3537 sciens
712 3478 782 3555 quio
804 3473 969 3534 subuersae
993 3483 1046 3540 eet,
1069 3474 1122 3553 que·
1143 3471 1290 3533 ammorii

55 3595 114 3654 ert,
145 3593 174 3644 et
204 3581 364 3661 delinquere,
400 3598 464 3641 cum
493 3582 533 3640 ea‘t
557 3579 689 3657 proprio
711 3577 820 3637 udicio
844 3573 1067 3636 condemnatae.
1110 3571 1301 3658 Perversum¹

54 3687 136 3747 enim
159 3692 289 3745 mentem
311 3699 377 3742 cum
400 3679 521 3750 habeat,
550 3695 611 3738 non
633 3677 701 3738 ideo
724 3676 906 3749 sciscitatur,
935 3681 967 3735 ut
988 3692 1054 3735 cum
1077 3673 1204 3734 audierit
1226 3672 1284 3739 ob·‚

54 3795 217 3865 temperet,
247 3802 343 3862 neque
366 3791 397 3843 ut
419 3799 485 3841 cum
509 3779 645 3841 didicerit
665 3777 840 3857 resipiscat,
868 3775 923 3837 sed
945 3793 1047 3837 eorum
1070 3792 1175 3845 causa,
1209 3791 1284 3850 quos

52 3887 120 3969 ipse
143 3886 269 3964 decepit,
292 3902 330 3944 ne
353 3883 485 3952 scilicet,
509 3881 535 3941 si
558 3888 661 3952 taceat,
684 3879 722 3940 ab
744 3878 820 3957 ipsis
843 3895 961 3956 quoque
984 3876 1148 3937 damnetur.
1192 3873 1285 3934 Erant

51 4007 224 4068 sanequae
247 3986 328 4067 prius
351 3985 518 4047 dictasunt
541 3983 631 4054 satis,
660 3980 846 4043 sufficiebant
873 3979 922 4040 iiia
951 3986 995 4040 tot
1022 3985 1160 4054 tantaque
1193 3993 1283 4052 argu-

51 4099 153 4154 menta
176 4089 232 4151 sibi
255 4088 400 4168 opposita,
425 4095 456 4147 ut
478 4085 567 4146 finem
590 4085 719 4146 iacerent
745 4080 969 4161 blasphemandi
992 4079 1023 4139 in
1045 4075 1188 4156 Spiritum
1210 4095 1282 4138 sau·

85 4330 106 4364 e.
126 4310 226 4363 Gobier.
246 4319 269 4358 et
287 4308 393 4357 Tetckm.
409 4307 430 4355 1.
448 4297 569 4374 γράψας.
727 4303 742 4350 t.
763 4302 788 4350 in
805 4301 874 4350 tituto
893 4300 948 4361 fleg.
969 4305 993 4347 et
1010 4299 1081 4358 Sego.
1101 4288 1282 4360 Σαραπίωνα.

83 4383 108 4431 d.
128 4379 169 4429 Sic
188 4379 243 4436 Res.
261 4378 359 4438 Seguer.
379 4373 449 4424 Gobl.
464 4383 487 4424 et
500 4375 603 4424 Teickm.
619 4372 640 4421 i.
695 4370 786 4419 ibidem
805 4361 908 4432 ὄμυίως
926 4367 994 4415 abest
1012 4381 1024 4414 e
1043 4364 1115 4413 Basii.
1190 4431 1195 4440 ο
1256 4421 1263 4438 1

43 4450 114 4504 Editi
132 4462 189 4496 vero
208 4436 307 4493 αὐτῶν.
727 4453 750 4499 g.
767 4438 809 4487 Sic
826 4438 882 4498 fleg.
901 4443 925 4485 et
937 4433 1019 4495 ussit,
1036 4433 1079 4483 sed
1098 4432 1122 4480 iu
1141 4430 1209 4481 editis
1226 4440 1282 4495 γαρ

83 4531 106 4569 e.
126 4506 218 4579 reete
236 4515 304 4564 deest
323 4513 346 4562 in
365 4509 436 4560 Essit.
455 4516 469 4547 ι’
693 4507 768 4558 deest
1214 4562 1217 4567 ³
1279 4542 1283 4549 .
