2948 5092
459 286 568 332 omaro
583 288 604 331 ι.
620 286 739 332 cosma
751 286 886 332 smnus.
1222 274 1286 340 Μ

60 443 121 505 dem
142 441 254 505 indicat
274 448 421 513 astruam,
445 458 511 501 cum
531 457 598 501 enm
614 438 753 513 Verbum,
777 438 952 518 sapientiam
967 448 998 500 et
1012 440 1201 520 splendorem
1217 458 1369 506 essessa

60 544 133 606 dicit.
177 543 251 604 lnde
274 540 424 620 siquidem
445 539 635 620 intelligimus
658 539 788 601 divinam
809 541 1029 618 generationem
1051 543 1203 622 passionis
1225 544 1284 606 im·

60 662 177 708 mtrem
197 653 409 724 aeternamque
431 651 461 704 et
482 642 543 704 lleo
566 642 683 721 dignam
706 659 785 703 esse.
816 643 899 714 Quae
914 643 992 704 enim
1008 645 1110 723 passio
1132 645 1177 708 vel
1193 665 1286 726 quae·

60 765 120 809 nam
150 758 198 808 est
226 764 297 827 pars
324 744 422 808 Patris
444 745 589 818 Verbum,
619 744 764 824 sapientia
793 753 823 805 et
851 744 1015 824 splendor?
1058 747 1091 808 ld
1118 756 1199 809 certe
1226 747 1368 827 ipsisne.

60 850 143 911 edam
166 855 303 911 amentes
324 847 446 927 possint
465 845 591 908 discere.
635 846 675 907 Ut
696 845 774 906 enim
797 845 937 908 mulieres
959 846 996 909 de
1016 848 1092 910 Filio
1114 849 1283 929 interroga·

59 970 131 1025 rere,
156 949 203 1012 sic
223 949 306 1012 viros
328 948 365 1010 de
386 947 484 1010 Verbo
507 947 701 1025 interrogent,
722 954 757 1008 ut
777 945 947 1021 doceantur,
970 967 1027 1010 nec
1040 951 1211 1030 passionem
1228 970 1285 1013 uec

59 1061 168 1132 partem
189 1069 298 1114 eornm
326 1068 395 1112 esse
423 1049 532 1111 mentis
555 1067 626 1110 suae
648 1048 786 1123 verbum,
822 1049 899 1128 quod
929 1051 1096 1113 enunciant
1141 1053 1229 1126 Quod
1256 1054 1284 1115 si

59 1155 225 1228 hominnm,
247 1171 377 1232 quorum
398 1151 527 1232 patibilis
550 1158 581 1211 et
603 1149 719 1212 dividua
742 1158 791 1212 est
811 1160 936 1225 natura,
959 1152 1129 1215 huiusmodi
1154 1153 1193 1215 sit
1213 1172 1282 1216 rer-

58 1256 140 1329 ba,
170 1255 317 1336 quarela
340 1253 418 1326 Deo,
446 1252 496 1332 qui
525 1271 581 1314 nec
609 1270 771 1332 corporeus
794 1261 916 1325 estnec
943 1253 1097 1327 dividuus,
1125 1255 1282 1334 passiones

56 1367 190 1437 partesm
212 1355 353 1435 cogitant,
377 1362 411 1416 ut
431 1352 544 1415 scilicet
564 1353 595 1414 id
617 1371 720 1414 carere
743 1354 915 1415 simulantes
943 1372 1042 1416 veram
1065 1375 1099 1416 ac
1120 1355 1282 1417 naturalem

58 1457 116 1519 Filii
138 1456 366 1538 generationem
389 1453 523 1534 negent?
567 1453 660 1533 lgitur
681 1454 722 1528 id,
745 1456 824 1535 quod
842 1455 953 1516 calleo
976 1457 1107 1535 genitum
1130 1463 1187 1525 est,
1208 1453 1282 1517 aba·

59 1578 107 1638 qne
128 1559 191 1621 ulla
213 1558 356 1639 passione
378 1557 510 1637 genitum
532 1574 600 1617 esse
623 1557 696 1617 satis
720 1574 809 1636 supra
828 1557 985 1636 probatum
1007 1565 1070 1631 est;
1093 1556 1281 1619 nuncetiam

59 1662 206 1741 speciatim
235 1660 422 1722 ostendimus
452 1658 581 1721 Verbum
610 1657 722 1736 absque
751 1659 893 1737 passione
922 1659 1067 1738 generari.
1119 1660 1179 1720 lam
1210 1677 1282 1720 vero
1335 1709 1337 1714 ,

60 1763 154 1826 eadem
177 1762 318 1824 similiter
338 1762 376 1822 de
397 1760 543 1841 sapientia
565 1758 694 1821 audiant.
736 1759 803 1821 Non
832 1768 879 1821 est
905 1759 985 1822 Deus
1014 1771 1047 1823 ut
1074 1762 1180 1834 bomo,
1207 1760 1282 1822 nibil

60 1865 101 1927 bic
118 1866 285 1927 humanum
306 1863 343 1925 da
366 1863 416 1925 illo
439 1863 557 1941 lingant.
601 1861 674 1922 Nam
697 1862 872 1942 sapientiam
894 1862 1039 1942 accipiunt
1070 1863 1226 1937 bomines;
1253 1872 1284 1923 at

61 1967 147 2040 bros,
178 1966 230 2047 qui
251 1966 361 2029 nullius
383 1965 417 2026 dt
437 1963 603 2043 particeps,
633 1963 699 2042 ipse
722 1982 793 2025 suae
815 1965 976 2043 sapientiae
996 1973 1081 2045 pater
1103 1973 1164 2038 est,
1197 1964 1282 2026 cuius

62 2070 102 2147 qui
123 2069 286 2149 participes
308 2068 397 2139 liunt,
432 2065 581 2145 sapientes
606 2064 704 2126 solent
726 2065 874 2144 appellari.
920 2065 998 2127 Haec
1019 2075 1115 2128 autem
1139 2065 1283 2145 sapientia

63 2188 113 2231 non
134 2171 258 2251 passio,
280 2188 342 2230 non
364 2186 444 2247 pars,
467 2166 520 2229 sed
542 2165 683 2245 proprius
706 2166 801 2226 Patris
825 2174 873 2227 est
894 2168 983 2229 letus.
1029 2168 1139 2229 ldcirco
1163 2184 1282 2246 semper

63 2273 108 2333 luit
125 2273 232 2345 Pater,
261 2289 318 2332 nec
337 2278 453 2349 patrem
475 2267 626 2329 esseben
648 2275 754 2347 postea
784 2267 905 2341 accidit,
934 2287 971 2329 ne
1001 2288 1069 2330 esse
1099 2268 1282 2330 existimetur

64 2374 212 2435 mutabilis.
241 2371 315 2434 Nam
337 2371 365 2433 si
387 2370 468 2431 illum
490 2378 603 2448 patrem
627 2387 696 2430 esse
718 2367 829 2430 bonum
851 2369 915 2445 luit,
938 2387 994 2432 nec
1017 2389 1135 2451 semper
1157 2370 1282 2449 luitpa-

65 2483 113 2548 ter,
134 2493 195 2536 non
219 2474 308 2552 igitur
329 2490 447 2552 semper
469 2471 525 2532 luit
545 2469 576 2529 in
598 2470 648 2530 illo
670 2470 793 2532 bonum.

135 2882 188 2944 29.
233 2877 320 2957 Atqui
343 2877 480 2957 inquiunt
502 2895 620 2955 semper
641 2896 759 2956 quoque
781 2877 860 2938 Deus
884 2877 940 2938 luit
961 2877 1099 2949 effector,
1132 2896 1188 2938 nec
1215 2877 1281 2938 elli-

65 2981 147 3042 o‘endi
170 2981 295 3043 facultas
318 2979 359 3039 illi
381 2988 487 3058 postea
509 2978 651 3040 accessit:
681 2998 752 3040 num
775 2998 846 3057 ergo
868 2979 936 3059 quia
959 2979 1056 3058 opilea
1079 2987 1139 3052 est,
1163 2988 1281 3039 aeterna
1317 3032 1319 3036 ,

64 3102 169 3162 quoque
190 3091 262 3144 sunt
283 3082 348 3142 eius
371 3098 477 3161 opera,
501 3098 555 3140 nec
577 3081 613 3141 de
636 3082 683 3142 his
706 3080 805 3142 dicere
826 3081 911 3155 licet,
934 3101 994 3142 nou
1018 3089 1104 3143 erant
1125 3091 1281 3161 antequam

64 3182 182 3245 terent?
227 3182 288 3244 Nae
318 3181 416 3244 insani
443 3179 560 3243 Ariani!
614 3182 692 3254 Quid
721 3182 799 3244 enim
828 3183 923 3243 simile
952 3193 999 3244 est
1026 3183 1117 3245 lilium
1147 3183 1225 3245 inter
1253 3194 1283 3246 et

64 3303 138 3362 opus,
161 3294 195 3345 ut
217 3283 321 3345 eadem
342 3282 380 3344 de
402 3292 486 3362 patre
508 3302 583 3362 quae
606 3283 643 3344 de
665 3282 820 3362 opificibus
843 3282 967 3346 dicant?
996 3287 1053 3358 Qut
1068 3305 1171 3365 porro,
1194 3294 1280 3364 post-

65 3403 139 3462 quam
161 3392 275 3445 tantam
296 3402 366 3445 esse
388 3385 466 3445 letus
490 3394 520 3446 et
541 3383 643 3463 operis
665 3384 859 3446 differentiam
884 3404 973 3464 supra
996 3394 1149 3447 ostensum
1172 3395 1228 3458 est,
1251 3386 1281 3445 in

66 3487 155 3548 eadem
177 3487 303 3547 haerent
323 3483 467 3546 inscitia?
509 3485 591 3546 ldem
613 3485 704 3564 igitur
732 3486 925 3565 repetendum
949 3496 1011 3561 est,
1041 3488 1177 3549 videlicet
1205 3505 1281 3566 opus

66 3599 132 3649 eitra
154 3587 291 3668 opificem
314 3606 392 3661 esse,
415 3588 457 3647 uti
480 3587 589 3649 dictum
612 3597 668 3662 est,
692 3588 783 3650 lilium
799 3608 869 3650 vero
892 3591 1046 3669 proprium
1070 3609 1137 3651 esse
1160 3601 1282 3651 natiuae

66 3688 152 3752 letum
197 3690 344 3765 Quocirca
367 3708 490 3751 necesse
511 3708 572 3751 non
596 3700 641 3751 est
660 3710 779 3769 semper
794 3710 870 3771 opus
886 3692 1030 3764 extitisse,
1053 3692 1198 3772 siquidem
1214 3709 1281 3752 cum

66 3791 113 3852 solt
133 3793 245 3873 opifex,
269 3811 346 3873 opus
368 3791 446 3853 lacit.
489 3792 528 3852 dt
549 3793 626 3853 lctus
649 3793 801 3855 subiectus
824 3793 968 3855 voluntati
991 3813 1051 3855 non
1074 3804 1131 3868 est,
1155 3795 1207 3854 sed
1224 3813 1279 3854 na·

65 3898 133 3955 lurae
155 3903 202 3956 est
222 3896 400 3974 proprietas.
436 3894 593 3956 Praeterea
615 3906 695 3957 recte
719 3897 814 3975 opilex
832 3897 899 3976 quis
915 3899 1013 3958 vocari
1029 3898 1139 3977 polest,
1164 3897 1281 3959 etiamsi

64 4057 86 4091 ro
101 4036 177 4096 εἶναι
215 4048 290 4096 Panlo
309 4047 482 4124 poatSegmrer
491 4043 578 4127 φησί,
595 4043 641 4096 καὶ
692 4051 791 4131 signer
816 4050 914 4100 Goblcr.
941 4052 1043 4100 rmtctm
1062 4051 1084 4100 1.
1109 4060 1133 4100 et
1158 4052 1214 4112 llrg.
1233 4035 1278 4112 ἆρ’

61 4127 94 4160 ιι
109 4129 224 4176 notqrqr
240 4107 432 4169 ἰσιινὸθεος
454 4129 500 4163 και
517 4129 565 4164 ουκ
582 4110 640 4165 irre·
693 4132 748 4167 ουν,
784 4111 884 4167 Etiti'
865 4109 913 4184 up’
934 4133 990 4168 ουν.

57 4178 152 4259 γέγονε.
179 4186 279 4234 Gobler.
299 4192 323 4233 et
336 4185 474 4235 Felrlual
480 4179 575 4263 qoot',
595 4180 641 4232 καὶ
726 4201 749 4247 g.
768 4187 807 4235 Sic
826 4190 926 4247 seguer.
963 4188 1097 4236 litlitirrro
1123 4196 1147 4234 et
1165 4186 1204 4233 alii
1222 4197 1282 4246 γεν-

57 4264 92 4298 ιιι
116 4244 133 4298 d
156 4245 222 4305 θεὸς
244 4239 279 4311 ἦν
301 4244 418 4312 ποιητὴς
442 4246 489 4299 καὶ
514 4245 573 4299 ἔστι
595 4247 642 4300 aci
692 4252 771 4320 νηῖιῆ.
799 4255 908 4303 tonte
868 4257 977 4332 se.goer
996 4257 1093 4305 (anoctis.
1112 4254 1199 4303 etFelt
1194 4251 1281 4300 snt

56 4332 97 4366 m
119 4312 275 4399 ἐπιγέγονε.
306 4314 494 4436 liepyqoi
495 4315 541 4367 arui
564 4312 640 4401 ιῖεὶό
692 4314 770 4400 ιῖφρο
772 4313 854 4373 urent
868 4313 1007 4387 Ἀρειανοὶ
1027 4322 1207 4371 Editietaliiu
1192 4312 1282 4388 ι’ἷφρο-

52 4383 111 4441 brac
128 4374 163 4448 ἦν
179 4382 295 4450 noeqripr
310 4402 346 4436 ιιιι
374 4401 435 4436 εστι
450 4383 496 4436 καὶ
514 4381 641 4436 οοιεέπι-
691 4404 735 4442 aas
750 4382 889 4454 Ἀριιοινοί

50 4453 167 4535 γέγονεν.
205 4461 266 4507 Ειιιιι
291 4461 397 4536 quamv
421 4447 465 4504 risi
487 4471 503 4504 o
527 4443 642 4516 θεὸςῆν
727 4461 750 4507 b.
769 4461 809 4507 sic
796 4463 922 4522 cSegner.
944 4462 973 4510 lt
991 4458 1030 4507 alii
1049 4467 1073 4507 et
1087 4449 1282 4522 edttrdqproop

48 4520 161 4587 arteris
175 4537 224 4575 m
239 4516 364 4583 ἔπε’
328 4538 393 4576 oras
410 4518 560 4591 ἐπιγέγονε.
588 4527 641 4575 llox
691 4519 832 4593 γημάιυν.
