<?xml version="1.0" encoding="UTF-8"?>
<!DOCTYPE html PUBLIC "-//W3C//DTD XHTML 1.0 Transitional//EN"
    "http://www.w3.org/TR/xhtml1/DTD/xhtml1-transitional.dtd">
<html xmlns="http://www.w3.org/1999/xhtml" xml:lang="en" lang="en">
 <head>
  <title>
</title>
<meta http-equiv="Content-Type" content="text/html;charset=utf-8" />
  <meta name='ocr-system' content='tesseract 3.04.00' />
  <meta name='ocr-capabilities' content='ocr_page ocr_carea ocr_par ocr_line ocrx_word'/>
</head>
<body>
  <div class='ocr_page' id='page_1' title='image "./sanctiathanasii02athagoog_0119.png"; bbox 0 0 2948 5092; ppageno 0'>
   <div class='ocr_carea' id='block_1_1' title="bbox 115 241 950 308">
    <p class='ocr_par' dir='ltr' id='par_1_1' title="bbox 115 241 950 308">
     <span class='ocr_line' id='line_1_1' title="bbox 115 241 950 308; baseline -0.002 -5"><span class='ocrx_word' id='word_1_1' title='bbox 115 241 157 308; x_wconf 81' lang='grc'><strong><em>66</em></strong></span> <span class='ocrx_word' id='word_1_2' title='bbox 517 254 950 302; x_wconf 77' lang='grc' dir='ltr'><strong><em>ο.ιτσιιιιειιιοιιιιιινιεσοοι</em></strong></span> 
     </span>
    </p>
   </div>
   <div class='ocr_carea' id='block_1_2' title="bbox 28 398 1352 4293">
    <p class='ocr_par' dir='ltr' id='par_1_2' title="bbox 28 398 1343 898">
     <span class='ocr_line' id='line_1_2' title="bbox 28 398 1343 527; baseline 0.005 -59"><span class='ocrx_word' id='word_1_3' title='bbox 28 423 107 468; x_wconf 69' lang='lat' dir='ltr'><strong><em>m</em></strong></span> <span class='ocrx_word' id='word_1_4' title='bbox 114 411 297 495; x_wconf 85' lang='grc' dir='ltr'><strong><em>κοφαντίαν</em></strong></span> <span class='ocrx_word' id='word_1_5' title='bbox 320 399 406 473; x_wconf 76' lang='grc' dir='ltr'><strong><em>εἶναι</em></strong></span> <span class='ocrx_word' id='word_1_6' title='bbox 426 404 546 527; x_wconf 76' lang='grc' dir='ltr'><strong><em>τηότην</em></strong></span> <span class='ocrx_word' id='word_1_7' title='bbox 568 400 636 470; x_wconf 83' lang='grc' dir='ltr'><strong><em>κατ’</em></strong></span> <span class='ocrx_word' id='word_1_8' title='bbox 661 398 771 470; x_wconf 87' lang='grc' dir='ltr'><strong><em>αῦτοῦ</em></strong></span> <span class='ocrx_word' id='word_1_9' title='bbox 815 403 898 491; x_wconf 84' lang='grc' dir='ltr'><strong><em>μήτε</em></strong></span> <span class='ocrx_word' id='word_1_10' title='bbox 921 403 984 491; x_wconf 85' lang='grc' dir='ltr'><strong><em>γὰρ</em></strong></span> <span class='ocrx_word' id='word_1_11' title='bbox 1013 404 1154 494; x_wconf 79' lang='grc' dir='ltr'><strong><em>ποιητὸν</em></strong></span> <span class='ocrx_word' id='word_1_12' title='bbox 1178 406 1343 494; x_wconf 71' lang='grc' dir='ltr'><strong><em>εἰρηκέναι</em></strong></span> 
     </span>
     <span class='ocr_line' id='line_1_3' title="bbox 114 499 1342 626; baseline 0.001 -51"><span class='ocrx_word' id='word_1_13' title='bbox 114 507 173 575; x_wconf 86' lang='grc' dir='ltr'><strong><em>τόν</em></strong></span> <span class='ocrx_word' id='word_1_14' title='bbox 194 505 276 587; x_wconf 72' lang='grc' dir='ltr'><strong><em>υἱόν,</em></strong></span> <span class='ocrx_word' id='word_1_15' title='bbox 301 501 386 573; x_wconf 81' lang='grc' dir='ltr'><strong><em>ἀλλὰ</em></strong></span> <span class='ocrx_word' id='word_1_16' title='bbox 405 503 462 573; x_wconf 80' lang='grc' dir='ltr'><strong><em>καὶ</em></strong></span> <span class='ocrx_word' id='word_1_17' title='bbox 484 501 663 626; x_wconf 82' lang='grc' dir='ltr'><strong><em>όμοοόσιρν</em></strong></span> <span class='ocrx_word' id='word_1_18' title='bbox 678 499 778 572; x_wconf 87' lang='grc' dir='ltr'><strong><em>αῦτὸν</em></strong></span> <span class='ocrx_word' id='word_1_19' title='bbox 793 500 966 590; x_wconf 80' lang='grc' dir='ltr'><strong><em>ὁμολογεῖν</em></strong></span> <span class='ocrx_word' id='word_1_20' title='bbox 980 507 1252 595; x_wconf 75' lang='grc' dir='ltr'><strong><em>διοβεβαιώσατο.</em></strong></span> <span class='ocrx_word' id='word_1_21' title='bbox 1275 508 1342 592; x_wconf 71' lang='grc' dir='ltr'><strong><em>ἔχει</em></strong></span> 
     </span>
     <span class='ocr_line' id='line_1_4' title="bbox 114 594 1343 730; baseline 0 -54"><span class='ocrx_word' id='word_1_22' title='bbox 114 610 152 677; x_wconf 84' lang='lat'><strong><em>66</em></strong></span> <span class='ocrx_word' id='word_1_23' title='bbox 173 603 275 676; x_wconf 88' lang='grc' dir='ltr'><strong><em>αῦτοῦ</em></strong></span> <span class='ocrx_word' id='word_1_24' title='bbox 297 634 317 730; x_wconf 86' lang='grc' dir='ltr'><strong><em>η</em></strong></span> <span class='ocrx_word' id='word_1_25' title='bbox 306 603 426 687; x_wconf 67' lang='grc' dir='ltr'><strong><em>’λέξις</em></strong></span> <span class='ocrx_word' id='word_1_26' title='bbox 447 594 568 685; x_wconf 61' lang='grc' dir='ltr'><strong><em>ὦτως·</em></strong></span> <span class='ocrx_word' id='word_1_27' title='bbox 590 631 646 672; x_wconf 89' lang='grc' dir='ltr'><strong><em>και</em></strong></span> <span class='ocrx_word' id='word_1_28' title='bbox 637 599 715 672; x_wconf 82' lang='grc' dir='ltr'><strong><em>δι’</em></strong></span> <span class='ocrx_word' id='word_1_29' title='bbox 740 604 841 692; x_wconf 85' lang='grc' dir='ltr'><strong><em>ῦλλης</em></strong></span> <span class='ocrx_word' id='word_1_30' title='bbox 862 605 1040 695; x_wconf 76' lang='grc' dir='ltr'><strong><em>ἐπιστολῆς</em></strong></span> <span class='ocrx_word' id='word_1_31' title='bbox 1062 608 1208 695; x_wconf 70' lang='grc' dir='ltr'><strong><em>ἔγραψα,</em></strong></span> <span class='ocrx_word' id='word_1_32' title='bbox 1233 605 1328 678; x_wconf 61' lang='lat' dir='ltr'><strong><em>tvl</em></strong></span> <span class='ocrx_word' id='word_1_33' title='bbox 1290 633 1343 690; x_wconf 90' lang='grc' dir='ltr'><strong><em>ος</em></strong></span> 
     </span>
     <span class='ocr_line' id='line_1_5' title="bbox 113 703 1340 833; baseline 0 -56"><span class='ocrx_word' id='word_1_34' title='bbox 113 707 212 799; x_wconf 79' lang='grc' dir='ltr'><strong><em>ῆλεγξ</em></strong></span> <span class='ocrx_word' id='word_1_35' title='bbox 211 736 234 777; x_wconf 88' lang='grc' dir='ltr'><strong><em>α</em></strong></span> <span class='ocrx_word' id='word_1_36' title='bbox 260 707 317 776; x_wconf 84' lang='grc' dir='ltr'><strong><em>καὶ</em></strong></span> <span class='ocrx_word' id='word_1_37' title='bbox 344 707 363 775; x_wconf 85' lang='lat'><strong><em>6</em></strong></span> <span class='ocrx_word' id='word_1_38' title='bbox 393 713 620 795; x_wconf 79' lang='grc' dir='ltr'><strong><em>προφέρουσιν</em></strong></span> <span class='ocrx_word' id='word_1_39' title='bbox 643 707 784 794; x_wconf 79' lang='grc' dir='ltr'><strong><em>ἔγκλημα</em></strong></span> <span class='ocrx_word' id='word_1_40' title='bbox 803 703 873 774; x_wconf 76' lang='grc' dir='ltr'><strong><em>κατ’</em></strong></span> <span class='ocrx_word' id='word_1_41' title='bbox 898 707 977 792; x_wconf 79' lang='grc' dir='ltr'><strong><em>έμοῦ</em></strong></span> <span class='ocrx_word' id='word_1_42' title='bbox 998 707 1168 794; x_wconf 72' lang='grc' dir='ltr'><strong><em>φεῦδσς”</em></strong></span> <span class='ocrx_word' id='word_1_43' title='bbox 1147 734 1202 790; x_wconf 91' lang='grc' dir='ltr'><strong><em>ον,</em></strong></span> <span class='ocrx_word' id='word_1_44' title='bbox 1233 706 1280 833; x_wconf 76' lang='grc' dir='ltr'><strong><em>ὥς</em></strong></span> <span class='ocrx_word' id='word_1_45' title='bbox 1301 706 1340 777; x_wconf 86' lang='grc' dir='ltr'><strong><em>οῦ</em></strong></span> 
     </span>
     <span class='ocr_line' id='line_1_6' title="bbox 116 803 1341 933; baseline 0.001 -55"><span class='ocrx_word' id='word_1_46' title='bbox 116 813 268 897; x_wconf 82' lang='grc' dir='ltr'><strong><em>λέγοντος</em></strong></span> <span class='ocrx_word' id='word_1_47' title='bbox 294 808 352 876; x_wconf 81' lang='grc' dir='ltr'><strong><em>τόν</em></strong></span> <span class='ocrx_word' id='word_1_48' title='bbox 374 808 522 895; x_wconf 88' lang='grc' dir='ltr'><strong><em>Χριστὸν</em></strong></span> <span class='ocrx_word' id='word_1_49' title='bbox 551 804 729 891; x_wconf 87' lang='grc' dir='ltr'><strong><em>όμοοόσων</em></strong></span> <span class='ocrx_word' id='word_1_50' title='bbox 757 803 843 875; x_wconf 76' lang='grc' dir='ltr'><strong><em>εἶναι</em></strong></span> <span class='ocrx_word' id='word_1_51' title='bbox 853 811 932 933; x_wconf 52' lang='grc' dir='ltr'><strong><em>γρῦ,</em></strong></span> <span class='ocrx_word' id='word_1_52' title='bbox 935 812 1026 898; x_wconf 78' lang='grc' dir='ltr'><strong><em>θεῷ.</em></strong></span> <span class='ocrx_word' id='word_1_53' title='bbox 1072 810 1101 878; x_wconf 85' lang='grc' dir='ltr'><strong><em>εί</em></strong></span> <span class='ocrx_word' id='word_1_54' title='bbox 1128 810 1190 898; x_wconf 86' lang='grc' dir='ltr'><strong><em>γὰρ</em></strong></span> <span class='ocrx_word' id='word_1_55' title='bbox 1218 836 1274 878; x_wconf 88' lang='grc' dir='ltr'><strong><em>και</em></strong></span> <span class='ocrx_word' id='word_1_56' title='bbox 1302 812 1341 879; x_wconf 85' lang='grc' dir='ltr'><strong><em>τὸ</em></strong></span> 
     </span>
    </p>

    <p class='ocr_par' dir='ltr' id='par_1_3' title="bbox 30 904 1352 2415">
     <span class='ocr_line' id='line_1_7' title="bbox 30 904 1339 1035; baseline 0.001 -57"><span class='ocrx_word' id='word_1_57' title='bbox 30 931 107 978; x_wconf 66' lang='lat' dir='ltr'><em>m</em></span> <span class='ocrx_word' id='word_1_58' title='bbox 119 909 224 1035; x_wconf 74' lang='grc' dir='ltr'><strong><em>όηομα</em></strong></span> <span class='ocrx_word' id='word_1_59' title='bbox 245 910 344 978; x_wconf 91' lang='grc' dir='ltr'><strong><em>τοῦτό</em></strong></span> <span class='ocrx_word' id='word_1_60' title='bbox 367 935 455 998; x_wconf 86' lang='grc' dir='ltr'><strong><em>φημι</em></strong></span> <span class='ocrx_word' id='word_1_61' title='bbox 475 909 520 994; x_wconf 82' lang='grc' dir='ltr'><strong><em>μὴ</em></strong></span> <span class='ocrx_word' id='word_1_62' title='bbox 544 904 712 996; x_wconf 68' lang='grc' dir='ltr'><strong><em>εὑρηκέναι</em></strong></span> <span class='ocrx_word' id='word_1_63' title='bbox 733 933 800 976; x_wconf 88' lang='grc' dir='ltr'><strong><em>που</em></strong></span> <span class='ocrx_word' id='word_1_64' title='bbox 821 913 888 976; x_wconf 85' lang='grc' dir='ltr'><strong><em>τών</em></strong></span> <span class='ocrx_word' id='word_1_65' title='bbox 910 904 965 996; x_wconf 82' lang='grc' dir='ltr'><strong><em>άγί</em></strong></span> <span class='ocrx_word' id='word_1_66' title='bbox 967 937 1012 976; x_wconf 92' lang='grc' dir='ltr'><strong><em>ων</em></strong></span> <span class='ocrx_word' id='word_1_67' title='bbox 1033 914 1179 998; x_wconf 83' lang='grc' dir='ltr'><strong><em>γραφῶν,</em></strong></span> <span class='ocrx_word' id='word_1_68' title='bbox 1204 907 1289 979; x_wconf 85' lang='grc' dir='ltr'><strong><em>ἀλλά</em></strong></span> <span class='ocrx_word' id='word_1_69' title='bbox 1302 936 1339 997; x_wconf 86' lang='grc' dir='ltr'><strong><em>γε</em></strong></span> 
     </span>
     <span class='ocr_line' id='line_1_8' title="bbox 114 1008 1341 1137; baseline -0.002 -55"><span class='ocrx_word' id='word_1_70' title='bbox 114 1042 158 1083; x_wconf 86' lang='grc' dir='ltr'><strong><em>τα</em></strong></span> <span class='ocrx_word' id='word_1_71' title='bbox 143 1010 412 1100; x_wconf 81' lang='grc' dir='ltr'><strong><em>έπιχειρῆματά</em></strong></span> <span class='ocrx_word' id='word_1_72' title='bbox 431 1034 496 1096; x_wconf 86' lang='grc' dir='ltr'><strong><em>μου</em></strong></span> <span class='ocrx_word' id='word_1_73' title='bbox 517 1009 560 1076; x_wconf 87' lang='grc' dir='ltr'><strong><em>τὰ</em></strong></span> <span class='ocrx_word' id='word_1_74' title='bbox 581 1008 707 1097; x_wconf 62' lang='lat' dir='ltr'><strong><em>6569,u</em></strong></span> <span class='ocrx_word' id='word_1_75' title='bbox 687 1036 709 1076; x_wconf 90' lang='grc' dir='ltr'><strong><em>α</em></strong></span> <span class='ocrx_word' id='word_1_76' title='bbox 724 1011 960 1132; x_wconf 77' lang='grc' dir='ltr'><strong><em>σεσιωπῆκασι,</em></strong></span> <span class='ocrx_word' id='word_1_77' title='bbox 983 1014 1041 1096; x_wconf 87' lang='grc' dir='ltr'><strong><em>τῆς</em></strong></span> <span class='ocrx_word' id='word_1_78' title='bbox 1056 1012 1206 1092; x_wconf 77' lang='grc' dir='ltr'><strong><em>διανοίας</em></strong></span> <span class='ocrx_word' id='word_1_79' title='bbox 1220 1013 1341 1137; x_wconf 84' lang='grc' dir='ltr'><strong><em>ταύτης</em></strong></span> 
     </span>
     <span class='ocr_line' id='line_1_9' title="bbox 115 1106 1352 1233; baseline -0.002 -49"><span class='ocrx_word' id='word_1_80' title='bbox 115 1111 174 1184; x_wconf 85' lang='grc' dir='ltr'><strong><em>οῦκ</em></strong></span> <span class='ocrx_word' id='word_1_81' title='bbox 196 1110 330 1202; x_wconf 75' lang='grc' dir='ltr'><strong><em>ἀπᾴδει</em></strong></span> <span class='ocrx_word' id='word_1_82' title='bbox 374 1110 430 1179; x_wconf 82' lang='grc' dir='ltr'><strong><em>καὶ</em></strong></span> <span class='ocrx_word' id='word_1_83' title='bbox 450 1111 511 1198; x_wconf 89' lang='grc' dir='ltr'><strong><em>γάρ</em></strong></span> <span class='ocrx_word' id='word_1_84' title='bbox 535 1106 751 1231; x_wconf 72' lang='grc' dir='ltr'><strong><em>ἀνθρωπίνην</em></strong></span> <span class='ocrx_word' id='word_1_85' title='bbox 772 1111 869 1199; x_wconf 79' lang='grc' dir='ltr'><strong><em>γονὴν</em></strong></span> <span class='ocrx_word' id='word_1_86' title='bbox 890 1119 1086 1233; x_wconf 76' lang='grc' dir='ltr'><strong><em>παρεθέμην</em></strong></span> <span class='ocrx_word' id='word_1_87' title='bbox 1108 1110 1250 1201; x_wconf 58' lang='grc' dir='ltr'><strong><em>δῆλονκ</em></strong></span> <span class='ocrx_word' id='word_1_88' title='bbox 1224 1139 1270 1194; x_wconf 93' lang='grc' dir='ltr'><strong><em>ως</em></strong></span> <span class='ocrx_word' id='word_1_89' title='bbox 1285 1106 1340 1181; x_wconf 79' lang='grc' dir='ltr'><strong><em>οῦ·</em></strong></span> <span class='ocrx_word' id='word_1_90' title='bbox 1351 1131 1352 1134; x_wconf 75' lang='grc'>’</span> 
     </span>
     <span class='ocr_line' id='line_1_10' title="bbox 116 1209 1339 1302; baseline -0.002 -17"><span class='ocrx_word' id='word_1_91' title='bbox 116 1241 178 1285; x_wconf 91' lang='grc' dir='ltr'><strong><em>σαν</em></strong></span> <span class='ocrx_word' id='word_1_92' title='bbox 201 1213 356 1302; x_wconf 76' lang='grc' dir='ltr'><strong><em>ὁμογενῆ,</em></strong></span> <span class='ocrx_word' id='word_1_93' title='bbox 380 1213 492 1302; x_wconf 80' lang='grc' dir='ltr'><strong><em>φήσας</em></strong></span> <span class='ocrx_word' id='word_1_94' title='bbox 512 1212 647 1291; x_wconf 89' lang='grc' dir='ltr'><strong><em>πάντως</em></strong></span> <span class='ocrx_word' id='word_1_95' title='bbox 667 1211 744 1291; x_wconf 83' lang='grc' dir='ltr'><strong><em>τοῦς</em></strong></span> <span class='ocrx_word' id='word_1_96' title='bbox 765 1222 872 1298; x_wconf 91' lang='grc' dir='ltr'><strong><em>γονεῖς</em></strong></span> <span class='ocrx_word' id='word_1_97' title='bbox 892 1211 993 1298; x_wconf 94' lang='grc' dir='ltr'><strong><em>μόνον</em></strong></span> <span class='ocrx_word' id='word_1_98' title='bbox 1016 1213 1146 1299; x_wconf 76' lang='grc' dir='ltr'><strong><em>ἑτέρους</em></strong></span> <span class='ocrx_word' id='word_1_99' title='bbox 1168 1209 1339 1283; x_wconf 77' lang='grc' dir='ltr'><strong><em>εἶναιτῶν</em></strong></span> 
     </span>
     <span class='ocr_line' id='line_1_11' title="bbox 114 1308 1340 1402; baseline -0.002 -15"><span class='ocrx_word' id='word_1_100' title='bbox 114 1323 245 1397; x_wconf 80' lang='grc' dir='ltr'><strong><em>τέκνων,</em></strong></span> <span class='ocrx_word' id='word_1_101' title='bbox 270 1312 324 1382; x_wconf 83' lang='grc' dir='ltr'><strong><em>ότι</em></strong></span> <span class='ocrx_word' id='word_1_102' title='bbox 343 1314 389 1402; x_wconf 85' lang='grc' dir='ltr'><strong><em>μὴ</em></strong></span> <span class='ocrx_word' id='word_1_103' title='bbox 411 1310 507 1380; x_wconf 83' lang='grc' dir='ltr'><strong><em>αῦτοὶ</em></strong></span> <span class='ocrx_word' id='word_1_104' title='bbox 529 1309 593 1381; x_wconf 74' lang='grc' dir='ltr'><strong><em>εἶεν</em></strong></span> <span class='ocrx_word' id='word_1_105' title='bbox 614 1312 781 1388; x_wconf 85' lang='grc' dir='ltr'><strong><em>τὰτέκνα,</em></strong></span> <span class='ocrx_word' id='word_1_106' title='bbox 803 1308 825 1400; x_wconf 88' lang='grc' dir='ltr'><strong><em>ῆ</em></strong></span> <span class='ocrx_word' id='word_1_107' title='bbox 845 1313 926 1399; x_wconf 76' lang='grc' dir='ltr'><strong><em>μήτε</em></strong></span> <span class='ocrx_word' id='word_1_108' title='bbox 946 1324 1054 1399; x_wconf 89' lang='grc' dir='ltr'><strong><em>γονεῖς</em></strong></span> <span class='ocrx_word' id='word_1_109' title='bbox 1076 1309 1254 1401; x_wconf 80' lang='grc' dir='ltr'><strong><em>ἀναγκαῖον</em></strong></span> <span class='ocrx_word' id='word_1_110' title='bbox 1276 1312 1340 1384; x_wconf 86' lang='grc' dir='ltr'><strong><em>ῦπ-</em></strong></span> 
     </span>
     <span class='ocr_line' id='line_1_12' title="bbox 116 1411 1336 1506; baseline -0.001 -21"><span class='ocrx_word' id='word_1_111' title='bbox 116 1419 216 1506; x_wconf 82' lang='grc' dir='ltr'><strong><em>άργον</em></strong></span> <span class='ocrx_word' id='word_1_112' title='bbox 243 1411 329 1484; x_wconf 82' lang='grc' dir='ltr'><strong><em>είναι</em></strong></span> <span class='ocrx_word' id='word_1_113' title='bbox 355 1415 438 1502; x_wconf 82' lang='grc' dir='ltr'><strong><em>μῆτε</em></strong></span> <span class='ocrx_word' id='word_1_114' title='bbox 465 1421 570 1481; x_wconf 82' lang='grc' dir='ltr'><strong><em>τέκνα.</em></strong></span> <span class='ocrx_word' id='word_1_115' title='bbox 614 1413 671 1481; x_wconf 78' lang='grc' dir='ltr'><strong><em>καὶ</em></strong></span> <span class='ocrx_word' id='word_1_116' title='bbox 697 1413 755 1501; x_wconf 77' lang='grc' dir='ltr'><strong><em>τὴν</em></strong></span> <span class='ocrx_word' id='word_1_117' title='bbox 781 1416 841 1498; x_wconf 79' lang='grc' dir='ltr'><strong><em>μέν</em></strong></span> <span class='ocrx_word' id='word_1_118' title='bbox 871 1414 1063 1502; x_wconf 83' lang='grc' dir='ltr'><strong><em>ἐπιστολήν,</em></strong></span> <span class='ocrx_word' id='word_1_119' title='bbox 1093 1411 1139 1494; x_wconf 87' lang='grc' dir='ltr'><strong><em>ώς</em></strong></span> <span class='ocrx_word' id='word_1_120' title='bbox 1160 1427 1336 1501; x_wconf 84' lang='grc' dir='ltr'><strong><em>προεῖπον,</em></strong></span> 
     </span>
     <span class='ocr_line' id='line_1_13' title="bbox 116 1506 1338 1603; baseline -0.001 -15"><span class='ocrx_word' id='word_1_121' title='bbox 116 1519 174 1588; x_wconf 85' lang='grc' dir='ltr'><strong><em>διό</em></strong></span> <span class='ocrx_word' id='word_1_122' title='bbox 194 1517 255 1598; x_wconf 85' lang='grc' dir='ltr'><strong><em>τός</em></strong></span> <span class='ocrx_word' id='word_1_123' title='bbox 276 1515 491 1603; x_wconf 79' lang='grc' dir='ltr'><strong><em>περιστάσεις</em></strong></span> <span class='ocrx_word' id='word_1_124' title='bbox 512 1512 570 1583; x_wconf 84' lang='grc' dir='ltr'><strong><em>οῦκ</em></strong></span> <span class='ocrx_word' id='word_1_125' title='bbox 589 1516 652 1599; x_wconf 72' lang='grc' dir='ltr'><strong><em>ἔχω</em></strong></span> <span class='ocrx_word' id='word_1_126' title='bbox 674 1521 894 1603; x_wconf 88' lang='grc' dir='ltr'><strong><em>προκομίσαι·</em></strong></span> <span class='ocrx_word' id='word_1_127' title='bbox 916 1513 997 1584; x_wconf 79' lang='grc' dir='ltr'><strong><em>·ιίδ’</em></strong></span> <span class='ocrx_word' id='word_1_128' title='bbox 1022 1506 1089 1597; x_wconf 87' lang='grc' dir='ltr'><strong><em>οῦν,</em></strong></span> <span class='ocrx_word' id='word_1_129' title='bbox 1113 1513 1197 1585; x_wconf 86' lang='grc' dir='ltr'><strong><em>αῦτά</em></strong></span> <span class='ocrx_word' id='word_1_130' title='bbox 1220 1543 1276 1586; x_wconf 90' lang='grc' dir='ltr'><strong><em>σοι</em></strong></span> <span class='ocrx_word' id='word_1_131' title='bbox 1296 1520 1338 1587; x_wconf 86' lang='grc' dir='ltr'><strong><em>τὰ</em></strong></span> 
     </span>
     <span class='ocr_line' id='line_1_14' title="bbox 114 1611 1335 1708; baseline -0.002 -19"><span class='ocrx_word' id='word_1_132' title='bbox 114 1621 192 1689; x_wconf 85' lang='grc' dir='ltr'><strong><em>τότε</em></strong></span> <span class='ocrx_word' id='word_1_133' title='bbox 219 1619 364 1708; x_wconf 79' lang='grc' dir='ltr'><strong><em>ῥήματα,</em></strong></span> <span class='ocrx_word' id='word_1_134' title='bbox 391 1619 517 1702; x_wconf 87' lang='grc' dir='ltr'><strong><em>μάλλον</em></strong></span> <span class='ocrx_word' id='word_1_135' title='bbox 546 1619 583 1685; x_wconf 78' lang='grc' dir='ltr'><strong><em>δὲ</em></strong></span> <span class='ocrx_word' id='word_1_136' title='bbox 608 1614 666 1683; x_wconf 83' lang='grc' dir='ltr'><strong><em>καὶ</em></strong></span> <span class='ocrx_word' id='word_1_137' title='bbox 687 1615 820 1704; x_wconf 80' lang='grc' dir='ltr'><strong><em>1’πάσης</em></strong></span> <span class='ocrx_word' id='word_1_138' title='bbox 841 1611 881 1683; x_wconf 85' lang='grc' dir='ltr'><strong><em>ἀν</em></strong></span> <span class='ocrx_word' id='word_1_139' title='bbox 904 1617 1042 1702; x_wconf 75' lang='grc' dir='ltr'><strong><em>ἔπεμψα</em></strong></span> <span class='ocrx_word' id='word_1_140' title='bbox 1063 1618 1102 1685; x_wconf 92' lang='grc' dir='ltr'><strong><em>τὸ</em></strong></span> <span class='ocrx_word' id='word_1_141' title='bbox 1124 1613 1335 1708; x_wconf 72' lang='grc' dir='ltr'><strong><em>ἀπέγραφον,</em></strong></span> 
     </span>
     <span class='ocr_line' id='line_1_15' title="bbox 115 1711 1340 1810; baseline -0.002 -19"><span class='ocrx_word' id='word_1_142' title='bbox 115 1719 200 1810; x_wconf 76' lang='grc' dir='ltr'><strong><em>ὅπερ</em></strong></span> <span class='ocrx_word' id='word_1_143' title='bbox 223 1716 263 1789; x_wconf 82' lang='grc' dir='ltr'><strong><em>όν</em></strong></span> <span class='ocrx_word' id='word_1_144' title='bbox 285 1714 470 1808; x_wconf 83' lang='grc' dir='ltr'><strong><em>εῦπορῆσω,</em></strong></span> <span class='ocrx_word' id='word_1_145' title='bbox 492 1718 635 1806; x_wconf 86' lang='grc' dir='ltr'><strong><em>ποιῆοω.</em></strong></span> <span class='ocrx_word' id='word_1_146' title='bbox 666 1711 743 1784; x_wconf 69' lang='grc' dir='ltr'><strong><em>οῖδα</em></strong></span> <span class='ocrx_word' id='word_1_147' title='bbox 762 1718 799 1785; x_wconf 79' lang='grc' dir='ltr'><strong><em>δὲ</em></strong></span> <span class='ocrx_word' id='word_1_148' title='bbox 819 1717 875 1785; x_wconf 82' lang='grc' dir='ltr'><strong><em>καὶ</em></strong></span> <span class='ocrx_word' id='word_1_149' title='bbox 895 1724 1062 1806; x_wconf 87' lang='grc' dir='ltr'><strong><em>μέμνημαι</em></strong></span> <span class='ocrx_word' id='word_1_150' title='bbox 1082 1721 1224 1787; x_wconf 79' lang='grc' dir='ltr'><strong><em>πλείονα</em></strong></span> <span class='ocrx_word' id='word_1_151' title='bbox 1238 1745 1340 1808; x_wconf 85' lang='grc' dir='ltr'><strong><em>προς-</em></strong></span> 
     </span>
     <span class='ocr_line' id='line_1_16' title="bbox 114 1816 1339 1907; baseline -0.003 -16"><span class='ocrx_word' id='word_1_152' title='bbox 114 1823 193 1903; x_wconf 77' lang='grc' dir='ltr'><strong><em>θεὶς</em></strong></span> <span class='ocrx_word' id='word_1_153' title='bbox 227 1825 293 1888; x_wconf 86' lang='grc' dir='ltr'><strong><em>τών</em></strong></span> <span class='ocrx_word' id='word_1_154' title='bbox 322 1823 485 1907; x_wconf 84' lang='grc' dir='ltr'><strong><em>σιγγενῶν</em></strong></span> <span class='ocrx_word' id='word_1_155' title='bbox 513 1816 725 1904; x_wconf 85' lang='grc' dir='ltr'><strong><em>ὁμοιώματα·</em></strong></span> <span class='ocrx_word' id='word_1_156' title='bbox 759 1822 814 1886; x_wconf 81' lang='grc' dir='ltr'><strong><em>καὶ</em></strong></span> <span class='ocrx_word' id='word_1_157' title='bbox 841 1820 902 1905; x_wconf 82' lang='grc' dir='ltr'><strong><em>γὰρ</em></strong></span> <span class='ocrx_word' id='word_1_158' title='bbox 928 1819 984 1886; x_wconf 86' lang='grc' dir='ltr'><strong><em>καὶ</em></strong></span> <span class='ocrx_word' id='word_1_159' title='bbox 1012 1820 1117 1907; x_wconf 89' lang='grc' dir='ltr'><strong><em>φυτόν</em></strong></span> <span class='ocrx_word' id='word_1_160' title='bbox 1145 1816 1242 1888; x_wconf 79' lang='grc' dir='ltr'><strong><em>εἶπον</em></strong></span> <span class='ocrx_word' id='word_1_161' title='bbox 1271 1817 1339 1889; x_wconf 84' lang='grc' dir='ltr'><strong><em>ἀπὸ</em></strong></span> 
     </span>
     <span class='ocr_line' id='line_1_17' title="bbox 115 1915 1338 2012; baseline -0.004 -17"><span class='ocrx_word' id='word_1_162' title='bbox 115 1933 307 2012; x_wconf 82' lang='grc' dir='ltr'><strong><em>σπέρματος</em></strong></span> <span class='ocrx_word' id='word_1_163' title='bbox 327 1916 350 2009; x_wconf 86' lang='grc' dir='ltr'><strong><em>ῆ</em></strong></span> <span class='ocrx_word' id='word_1_164' title='bbox 371 1917 442 1988; x_wconf 85' lang='grc' dir='ltr'><strong><em>ἀπὸ</em></strong></span> <span class='ocrx_word' id='word_1_165' title='bbox 461 1918 553 2009; x_wconf 73' lang='grc' dir='ltr'><strong><em>ῥίζης</em></strong></span> <span class='ocrx_word' id='word_1_166' title='bbox 574 1915 717 1988; x_wconf 81' lang='grc' dir='ltr'><strong><em>ἀνελθὸν</em></strong></span> <span class='ocrx_word' id='word_1_167' title='bbox 739 1921 849 2006; x_wconf 74' lang='grc' dir='ltr'><strong><em>ἕτερον</em></strong></span> <span class='ocrx_word' id='word_1_168' title='bbox 871 1916 956 1988; x_wconf 75' lang='grc' dir='ltr'><strong><em>εἶναι</em></strong></span> <span class='ocrx_word' id='word_1_169' title='bbox 976 1925 1035 1987; x_wconf 90' lang='grc' dir='ltr'><strong><em>τοῦ</em></strong></span> <span class='ocrx_word' id='word_1_170' title='bbox 1051 1917 1132 1987; x_wconf 81' lang='grc' dir='ltr'><strong><em>ὅθεν</em></strong></span> <span class='ocrx_word' id='word_1_171' title='bbox 1148 1921 1338 2009; x_wconf 73' lang='grc' dir='ltr'><strong><em>ἐβλάστησε,</em></strong></span> 
     </span>
     <span class='ocr_line' id='line_1_18' title="bbox 115 2014 1339 2110; baseline -0.006 -14"><span class='ocrx_word' id='word_1_172' title='bbox 115 2027 173 2096; x_wconf 82' lang='grc' dir='ltr'><strong><em>καὶ</em></strong></span> <span class='ocrx_word' id='word_1_173' title='bbox 194 2025 330 2103; x_wconf 82' lang='grc' dir='ltr'><strong><em>πάντως</em></strong></span> <span class='ocrx_word' id='word_1_174' title='bbox 352 2022 464 2109; x_wconf 67' lang='grc' dir='ltr'><strong><em>ἐκείνῳ</em></strong></span> <span class='ocrx_word' id='word_1_175' title='bbox 485 2027 687 2110; x_wconf 70' lang='grc' dir='ltr'><strong><em>καθέστηκεν</em></strong></span> <span class='ocrx_word' id='word_1_176' title='bbox 709 2017 870 2109; x_wconf 83' lang='grc' dir='ltr'><strong><em>όμοφνές·</em></strong></span> <span class='ocrx_word' id='word_1_177' title='bbox 898 2020 954 2089; x_wconf 80' lang='grc' dir='ltr'><strong><em>καὶ</em></strong></span> <span class='ocrx_word' id='word_1_178' title='bbox 976 2014 1127 2106; x_wconf 83' lang='grc' dir='ltr'><strong><em>ποταμόν</em></strong></span> <span class='ocrx_word' id='word_1_179' title='bbox 1150 2017 1248 2089; x_wconf 83' lang='grc' dir='ltr'><strong><em>είπον</em></strong></span> <span class='ocrx_word' id='word_1_180' title='bbox 1269 2019 1339 2089; x_wconf 88' lang='grc' dir='ltr'><strong><em>ἀπό</em></strong></span> 
     </span>
     <span class='ocr_line' id='line_1_19' title="bbox 115 2120 1339 2216; baseline -0.002 -24"><span class='ocrx_word' id='word_1_181' title='bbox 115 2130 224 2216; x_wconf 78' lang='grc' dir='ltr'><strong><em>πηγῆς</em></strong></span> <span class='ocrx_word' id='word_1_182' title='bbox 255 2128 374 2212; x_wconf 79' lang='grc' dir='ltr'><strong><em>ῥέοντα</em></strong></span> <span class='ocrx_word' id='word_1_183' title='bbox 406 2125 516 2208; x_wconf 65' lang='grc' dir='ltr'><strong><em>ἕτερον</em></strong></span> <span class='ocrx_word' id='word_1_184' title='bbox 550 2120 656 2206; x_wconf 78' lang='grc' dir='ltr'><strong><em>ὄνομα</em></strong></span> <span class='ocrx_word' id='word_1_185' title='bbox 686 2124 935 2210; x_wconf 82' lang='grc' dir='ltr'><strong><em>μετειληφέναι·</em></strong></span> <span class='ocrx_word' id='word_1_186' title='bbox 967 2122 1049 2210; x_wconf 82' lang='grc' dir='ltr'><strong><em>μήτε</em></strong></span> <span class='ocrx_word' id='word_1_187' title='bbox 1069 2123 1130 2208; x_wconf 85' lang='grc' dir='ltr'><strong><em>γὰρ</em></strong></span> <span class='ocrx_word' id='word_1_188' title='bbox 1151 2122 1211 2209; x_wconf 81' lang='grc' dir='ltr'><strong><em>τῆν</em></strong></span> <span class='ocrx_word' id='word_1_189' title='bbox 1233 2123 1339 2210; x_wconf 79' lang='grc' dir='ltr'><strong><em>πηγὴν</em></strong></span> 
     </span>
     <span class='ocr_line' id='line_1_20' title="bbox 115 2219 1339 2312; baseline -0.005 -15"><span class='ocrx_word' id='word_1_190' title='bbox 115 2228 269 2312; x_wconf 82' lang='grc' dir='ltr'><strong><em>ποταμὸν</em></strong></span> <span class='ocrx_word' id='word_1_191' title='bbox 290 2226 374 2312; x_wconf 80' lang='grc' dir='ltr'><strong><em>μήτε</em></strong></span> <span class='ocrx_word' id='word_1_192' title='bbox 394 2225 453 2291; x_wconf 87' lang='grc' dir='ltr'><strong><em>τὸν</em></strong></span> <span class='ocrx_word' id='word_1_193' title='bbox 473 2222 628 2307; x_wconf 84' lang='grc' dir='ltr'><strong><em>ποταμόν</em></strong></span> <span class='ocrx_word' id='word_1_194' title='bbox 649 2222 757 2311; x_wconf 85' lang='grc' dir='ltr'><strong><em>πηγῆν</em></strong></span> <span class='ocrx_word' id='word_1_195' title='bbox 779 2225 937 2308; x_wconf 82' lang='grc' dir='ltr'><strong><em>λέγεσθαι</em></strong></span> <span class='ocrx_word' id='word_1_196' title='bbox 957 2231 1011 2290; x_wconf 90' lang='grc' dir='ltr'><strong><em>καί</em></strong></span> <span class='ocrx_word' id='word_1_197' title='bbox 1034 2219 1207 2311; x_wconf 87' lang='grc' dir='ltr'><strong><em>ἀμφότερα</em></strong></span> <span class='ocrx_word' id='word_1_198' title='bbox 1232 2221 1339 2311; x_wconf 86' lang='grc' dir='ltr'><strong><em>ῦπάρ-</em></strong></span> 
     </span>
     <span class='ocr_line' id='line_1_21' title="bbox 113 2320 1077 2415; baseline -0.007 -17"><span class='ocrx_word' id='word_1_199' title='bbox 113 2356 192 2415; x_wconf 79' lang='grc' dir='ltr'><strong><em>χειν,</em></strong></span> <span class='ocrx_word' id='word_1_200' title='bbox 215 2326 272 2396; x_wconf 85' lang='grc' dir='ltr'><strong><em>καὶ</em></strong></span> <span class='ocrx_word' id='word_1_201' title='bbox 293 2325 351 2393; x_wconf 88' lang='grc' dir='ltr'><strong><em>τόν</em></strong></span> <span class='ocrx_word' id='word_1_202' title='bbox 372 2323 526 2408; x_wconf 83' lang='grc' dir='ltr'><strong><em>ποταμόν</em></strong></span> <span class='ocrx_word' id='word_1_203' title='bbox 548 2320 633 2392; x_wconf 74' lang='grc' dir='ltr'><strong><em>εῖναι</em></strong></span> <span class='ocrx_word' id='word_1_204' title='bbox 653 2322 693 2390; x_wconf 91' lang='grc' dir='ltr'><strong><em>τό</em></strong></span> <span class='ocrx_word' id='word_1_205' title='bbox 716 2323 750 2390; x_wconf 75' lang='grc' dir='ltr'><strong><em>ἐκ</em></strong></span> <span class='ocrx_word' id='word_1_206' title='bbox 770 2327 829 2411; x_wconf 88' lang='grc' dir='ltr'><strong><em>τῆς</em></strong></span> <span class='ocrx_word' id='word_1_207' title='bbox 850 2329 956 2412; x_wconf 82' lang='grc' dir='ltr'><strong><em>πηγῆς</em></strong></span> <span class='ocrx_word' id='word_1_208' title='bbox 977 2321 1077 2411; x_wconf 82' lang='grc' dir='ltr'><strong><em>ῦδωρ.</em></strong></span> 
     </span>
    </p>

    <p class='ocr_par' dir='ltr' id='par_1_4' title="bbox 108 2419 1339 4293">
     <span class='ocr_line' id='line_1_22' title="bbox 200 2419 1339 2513; baseline -0.004 -15"><span class='ocrx_word' id='word_1_209' title='bbox 200 2437 251 2498; x_wconf 74' lang='lat'><strong><em>26.</em></strong></span> <span class='ocrx_word' id='word_1_210' title='bbox 289 2425 364 2495; x_wconf 75' lang='lat' dir='ltr'><strong><em>“Ort</em></strong></span> <span class='ocrx_word' id='word_1_211' title='bbox 386 2427 422 2497; x_wconf 84' lang='lat'><strong><em>66</em></strong></span> <span class='ocrx_word' id='word_1_212' title='bbox 445 2420 484 2493; x_wconf 86' lang='grc' dir='ltr'><strong><em>οῦ</em></strong></span> <span class='ocrx_word' id='word_1_213' title='bbox 506 2433 637 2513; x_wconf 87' lang='grc' dir='ltr'><strong><em>ποίημα</em></strong></span> <span class='ocrx_word' id='word_1_214' title='bbox 658 2419 735 2491; x_wconf 73' lang='grc' dir='ltr'><strong><em>οῦδὲ</em></strong></span> <span class='ocrx_word' id='word_1_215' title='bbox 756 2432 877 2510; x_wconf 85' lang='grc' dir='ltr'><strong><em>κτίσμα</em></strong></span> <span class='ocrx_word' id='word_1_216' title='bbox 899 2422 917 2490; x_wconf 90' lang='lat'>6</span> <span class='ocrx_word' id='word_1_217' title='bbox 939 2430 997 2492; x_wconf 91' lang='grc' dir='ltr'><strong><em>τοῦ</em></strong></span> <span class='ocrx_word' id='word_1_218' title='bbox 1020 2429 1103 2493; x_wconf 89' lang='grc' dir='ltr'><strong><em>θεοῦ</em></strong></span> <span class='ocrx_word' id='word_1_219' title='bbox 1125 2425 1231 2510; x_wconf 87' lang='grc' dir='ltr'><strong><em>λόγος,</em></strong></span> <span class='ocrx_word' id='word_1_220' title='bbox 1255 2423 1339 2493; x_wconf 83' lang='grc' dir='ltr'><strong><em>ἀλλὰ</em></strong></span> 
     </span>
     <span class='ocr_line' id='line_1_23' title="bbox 115 2521 1339 2617; baseline -0.007 -16"><span class='ocrx_word' id='word_1_221' title='bbox 115 2533 204 2602; x_wconf 73' lang='grc' dir='ltr'><strong><em>ῦδιον</em></strong></span> <span class='ocrx_word' id='word_1_222' title='bbox 225 2533 301 2617; x_wconf 69' lang='lat'>‘¹6&#39;</span> <span class='ocrx_word' id='word_1_223' title='bbox 322 2531 381 2594; x_wconf 87' lang='grc' dir='ltr'><strong><em>τοῦ</em></strong></span> <span class='ocrx_word' id='word_1_224' title='bbox 403 2525 531 2613; x_wconf 88' lang='grc' dir='ltr'><strong><em>πατρὸς</em></strong></span> <span class='ocrx_word' id='word_1_225' title='bbox 552 2521 668 2605; x_wconf 88' lang='grc' dir='ltr'><strong><em>οόσίας</em></strong></span> <span class='ocrx_word' id='word_1_226' title='bbox 689 2528 830 2613; x_wconf 84' lang='grc' dir='ltr'><strong><em>γέννήμα</em></strong></span> <span class='ocrx_word' id='word_1_227' title='bbox 852 2523 1039 2611; x_wconf 86' lang='grc' dir='ltr'><strong><em>ἀδιαίρετόν</em></strong></span> <span class='ocrx_word' id='word_1_228' title='bbox 1061 2526 1159 2606; x_wconf 75' lang='grc' dir='ltr'><strong><em>ἐστιν,</em></strong></span> <span class='ocrx_word' id='word_1_229' title='bbox 1184 2524 1231 2605; x_wconf 87' lang='grc' dir='ltr'><strong><em>ώς</em></strong></span> <span class='ocrx_word' id='word_1_230' title='bbox 1246 2527 1339 2613; x_wconf 68' lang='grc' dir='ltr'><strong><em>ἔγρα-</em></strong></span> 
     </span>
     <span class='ocr_line' id='line_1_24' title="bbox 115 2623 1339 2720; baseline -0.004 -21"><span class='ocrx_word' id='word_1_231' title='bbox 115 2647 180 2720; x_wconf 77' lang='grc' dir='ltr'><strong><em>φεν</em></strong></span> <span class='ocrx_word' id='word_1_232' title='bbox 204 2628 221 2720; x_wconf 87' lang='lat'><strong><em>6</em></strong></span> <span class='ocrx_word' id='word_1_233' title='bbox 243 2629 365 2717; x_wconf 79' lang='grc' dir='ltr'><strong><em>μεγάλη</em></strong></span> <span class='ocrx_word' id='word_1_234' title='bbox 389 2627 542 2706; x_wconf 77' lang='grc' dir='ltr'><strong><em>σύνοδος,</em></strong></span> <span class='ocrx_word' id='word_1_235' title='bbox 574 2625 646 2694; x_wconf 82' lang='grc' dir='ltr'><strong><em>ίδοῦ</em></strong></span> <span class='ocrx_word' id='word_1_236' title='bbox 673 2625 729 2693; x_wconf 82' lang='grc' dir='ltr'><strong><em>καὶ</em></strong></span> <span class='ocrx_word' id='word_1_237' title='bbox 751 2623 769 2692; x_wconf 87' lang='lat'>6</span> <span class='ocrx_word' id='word_1_238' title='bbox 792 2631 850 2713; x_wconf 83' lang='grc' dir='ltr'><strong><em>τῆς</em></strong></span> <span class='ocrx_word' id='word_1_239' title='bbox 868 2624 990 2715; x_wconf 82' lang='grc' dir='ltr'><strong><em>Ῥώμης</em></strong></span> <span class='ocrx_word' id='word_1_240' title='bbox 1012 2627 1195 2706; x_wconf 78' lang='grc' dir='ltr'><strong><em>ἐπίσκοπος</em></strong></span> <span class='ocrx_word' id='word_1_241' title='bbox 1216 2628 1339 2694; x_wconf 86' lang='grc' dir='ltr'><strong><em>Διονό-</em></strong></span> 
     </span>
     <span class='ocr_line' id='line_1_25' title="bbox 115 2728 1339 2821; baseline -0.002 -21"><span class='ocrx_word' id='word_1_242' title='bbox 115 2757 198 2815; x_wconf 85' lang='grc' dir='ltr'><strong><em>σιος,</em></strong></span> <span class='ocrx_word' id='word_1_243' title='bbox 221 2731 358 2821; x_wconf 85' lang='grc' dir='ltr'><strong><em>γράφων</em></strong></span> <span class='ocrx_word' id='word_1_244' title='bbox 379 2728 463 2797; x_wconf 81' lang='grc' dir='ltr'><strong><em>κατὰ</em></strong></span> <span class='ocrx_word' id='word_1_245' title='bbox 482 2731 550 2796; x_wconf 89' lang='grc' dir='ltr'><strong><em>τών</em></strong></span> <span class='ocrx_word' id='word_1_246' title='bbox 564 2728 606 2796; x_wconf 86' lang='grc' dir='ltr'><strong><em>τό</em></strong></span> <span class='ocrx_word' id='word_1_247' title='bbox 626 2731 706 2796; x_wconf 49' lang='grc' dir='ltr'><strong><em>ἆτοῦ</em></strong></span> <span class='ocrx_word' id='word_1_248' title='bbox 720 2729 901 2812; x_wconf 78' lang='grc' dir='ltr'><strong><em>Σαβελλίοο</em></strong></span> <span class='ocrx_word' id='word_1_249' title='bbox 916 2729 1135 2816; x_wconf 81' lang='grc' dir='ltr'><strong><em>φρονούντων,</em></strong></span> <span class='ocrx_word' id='word_1_250' title='bbox 1158 2729 1339 2811; x_wconf 80' lang='grc' dir='ltr'><strong><em>σχετλιόζει</em></strong></span> 
     </span>
     <span class='ocr_line' id='line_1_26' title="bbox 113 2825 1338 2924; baseline -0.006 -21"><span class='ocrx_word' id='word_1_251' title='bbox 113 2833 198 2903; x_wconf 78' lang='grc' dir='ltr'><strong><em>κατὰ</em></strong></span> <span class='ocrx_word' id='word_1_252' title='bbox 224 2836 290 2900; x_wconf 87' lang='grc' dir='ltr'><strong><em>τιῦν</em></strong></span> <span class='ocrx_word' id='word_1_253' title='bbox 317 2835 422 2900; x_wconf 85' lang='grc' dir='ltr'><strong><em>ταῦτα</em></strong></span> <span class='ocrx_word' id='word_1_254' title='bbox 449 2830 646 2924; x_wconf 84' lang='grc' dir='ltr'><strong><em>τολμώντων</em></strong></span> <span class='ocrx_word' id='word_1_255' title='bbox 669 2830 773 2914; x_wconf 86' lang='grc' dir='ltr'><strong><em>λέγειν</em></strong></span> <span class='ocrx_word' id='word_1_256' title='bbox 794 2836 851 2895; x_wconf 87' lang='grc' dir='ltr'><strong><em>καί</em></strong></span> <span class='ocrx_word' id='word_1_257' title='bbox 872 2853 974 2917; x_wconf 91' lang='grc' dir='ltr'><strong><em>φησιν</em></strong></span> <span class='ocrx_word' id='word_1_258' title='bbox 997 2827 1116 2909; x_wconf 76' lang='grc' dir='ltr'><strong><em>οὕτως·</em></strong></span> <span class='ocrx_word' id='word_1_259' title='bbox 1145 2829 1219 2916; x_wconf 80' lang='grc' dir='ltr'><strong><em>ἑξῆς</em></strong></span> <span class='ocrx_word' id='word_1_260' title='bbox 1241 2828 1274 2896; x_wconf 83' lang='grc' dir='ltr'><strong><em>δ’</em></strong></span> <span class='ocrx_word' id='word_1_261' title='bbox 1299 2825 1338 2897; x_wconf 84' lang='grc' dir='ltr'><strong><em>ἀν</em></strong></span> 
     </span>
     <span class='ocr_line' id='line_1_27' title="bbox 115 2926 1338 3018; baseline -0.004 -15"><span class='ocrx_word' id='word_1_262' title='bbox 115 2935 249 3011; x_wconf 66' lang='grc' dir='ltr'><strong><em>οἰκότως</em></strong></span> <span class='ocrx_word' id='word_1_263' title='bbox 271 2935 398 3018; x_wconf 80' lang='grc' dir='ltr'><strong><em>λέγοιμι</em></strong></span> <span class='ocrx_word' id='word_1_264' title='bbox 414 2934 467 2998; x_wconf 83' lang='grc' dir='ltr'><strong><em>καλ</em></strong></span> <span class='ocrx_word' id='word_1_265' title='bbox 482 2930 569 3016; x_wconf 87' lang='grc' dir='ltr'><strong><em>πρὸς</em></strong></span> <span class='ocrx_word' id='word_1_266' title='bbox 590 2931 817 3012; x_wconf 77' lang='grc' dir='ltr'><strong><em>’διαιροῦντας</em></strong></span> <span class='ocrx_word' id='word_1_267' title='bbox 831 2928 887 2993; x_wconf 80' lang='grc' dir='ltr'><strong><em>καὶ</em></strong></span> <span class='ocrx_word' id='word_1_268' title='bbox 900 2938 1160 3014; x_wconf 79' lang='grc' dir='ltr'><strong><em>κατατέμνοντας</em></strong></span> <span class='ocrx_word' id='word_1_269' title='bbox 1174 2930 1230 2997; x_wconf 85' lang='grc' dir='ltr'><strong><em>καὶ</em></strong></span> <span class='ocrx_word' id='word_1_270' title='bbox 1244 2926 1338 2999; x_wconf 83' lang='grc' dir='ltr'><strong><em>ἀναι-</em></strong></span> 
     </span>
     <span class='ocr_line' id='line_1_28' title="bbox 113 3027 1338 3121; baseline -0.001 -21"><span class='ocrx_word' id='word_1_271' title='bbox 113 3038 252 3121; x_wconf 82' lang='grc' dir='ltr'><strong><em>ροῦντας</em></strong></span> <span class='ocrx_word' id='word_1_272' title='bbox 274 3033 314 3099; x_wconf 89' lang='grc' dir='ltr'><strong><em>τὸ</em></strong></span> <span class='ocrx_word' id='word_1_273' title='bbox 336 3031 537 3116; x_wconf 79' lang='grc' dir='ltr'><strong><em>σεμνότατον</em></strong></span> <span class='ocrx_word' id='word_1_274' title='bbox 559 3030 706 3116; x_wconf 83' lang='grc' dir='ltr'><strong><em>κήρυγμα</em></strong></span> <span class='ocrx_word' id='word_1_275' title='bbox 727 3030 785 3115; x_wconf 84' lang='grc' dir='ltr'><strong><em>τῆς</em></strong></span> <span class='ocrx_word' id='word_1_276' title='bbox 807 3027 976 3114; x_wconf 74' lang='grc' dir='ltr'><strong><em>ἐκκλησίας</em></strong></span> <span class='ocrx_word' id='word_1_277' title='bbox 997 3037 1057 3098; x_wconf 92' lang='grc' dir='ltr'><strong><em>τοῦ</em></strong></span> <span class='ocrx_word' id='word_1_278' title='bbox 1077 3034 1170 3111; x_wconf 89' lang='grc' dir='ltr'><strong><em>θεοῦ,</em></strong></span> <span class='ocrx_word' id='word_1_279' title='bbox 1192 3030 1253 3118; x_wconf 81' lang='grc' dir='ltr'><strong><em>τῆν</em></strong></span> <span class='ocrx_word' id='word_1_280' title='bbox 1276 3057 1338 3115; x_wconf 92' lang='grc' dir='ltr'><strong><em>μο-</em></strong></span> 
     </span>
     <span class='ocr_line' id='line_1_29' title="bbox 113 3126 1339 3220; baseline -0.002 -18"><span class='ocrx_word' id='word_1_281' title='bbox 113 3140 257 3220; x_wconf 84' lang='grc' dir='ltr'><strong><em>ναρχίαν,</em></strong></span> <span class='ocrx_word' id='word_1_282' title='bbox 281 3133 329 3211; x_wconf 80' lang='grc' dir='ltr'><strong><em>είς</em></strong></span> <span class='ocrx_word' id='word_1_283' title='bbox 349 3140 438 3218; x_wconf 83' lang='grc' dir='ltr'><strong><em>τρεῖς</em></strong></span> <span class='ocrx_word' id='word_1_284' title='bbox 460 3127 615 3213; x_wconf 87' lang='grc' dir='ltr'><strong><em>δυνάμεις</em></strong></span> <span class='ocrx_word' id='word_1_285' title='bbox 635 3127 729 3206; x_wconf 88' lang='grc' dir='ltr'><strong><em>τινὰς</em></strong></span> <span class='ocrx_word' id='word_1_286' title='bbox 741 3126 797 3194; x_wconf 80' lang='grc' dir='ltr'><strong><em>καὶ</em></strong></span> <span class='ocrx_word' id='word_1_287' title='bbox 810 3138 1051 3215; x_wconf 81' lang='grc' dir='ltr'><strong><em>μεμερισμένας</em></strong></span> <span class='ocrx_word' id='word_1_288' title='bbox 1064 3129 1268 3212; x_wconf 78' lang='grc' dir='ltr'><strong><em>ἀποστάσεις</em></strong></span> <span class='ocrx_word' id='word_1_289' title='bbox 1282 3133 1339 3201; x_wconf 83' lang='grc' dir='ltr'><strong><em>καὶ</em></strong></span> 
     </span>
     <span class='ocr_line' id='line_1_30' title="bbox 111 3222 1337 3356; baseline -0.002 -54"><span class='ocrx_word' id='word_1_290' title='bbox 111 3233 277 3351; x_wconf 69' lang='grc' dir='ltr'><strong><em>θεότητος</em></strong></span> <span class='ocrx_word' id='word_1_291' title='bbox 305 3241 411 3352; x_wconf 84' lang='grc' dir='ltr'><strong><em>τρεῖς·</em></strong></span> <span class='ocrx_word' id='word_1_292' title='bbox 439 3233 617 3312; x_wconf 83' lang='grc' dir='ltr'><strong><em>πέπυσμαι</em></strong></span> <span class='ocrx_word' id='word_1_293' title='bbox 642 3228 705 3350; x_wconf 83' lang='grc' dir='ltr'><strong><em>γάρ</em></strong></span> <span class='ocrx_word' id='word_1_294' title='bbox 729 3222 815 3296; x_wconf 82' lang='grc' dir='ltr'><strong><em>εἶναί</em></strong></span> <span class='ocrx_word' id='word_1_295' title='bbox 835 3255 929 3310; x_wconf 86' lang='grc' dir='ltr'><strong><em>τινας</em></strong></span> <span class='ocrx_word' id='word_1_296' title='bbox 948 3237 1016 3299; x_wconf 85' lang='grc' dir='ltr'><strong><em>τῶν</em></strong></span> <span class='ocrx_word' id='word_1_297' title='bbox 1038 3229 1115 3356; x_wconf 80' lang='grc' dir='ltr'><strong><em>παρ’</em></strong></span> <span class='ocrx_word' id='word_1_298' title='bbox 1138 3230 1217 3318; x_wconf 78' lang='grc' dir='ltr'><strong><em>ὑμῖν</em></strong></span> <span class='ocrx_word' id='word_1_299' title='bbox 1227 3260 1337 3354; x_wconf 82' lang='grc' dir='ltr'><strong><em>κατη-</em></strong></span> 
     </span>
     <span class='ocr_line' id='line_1_31' title="bbox 109 3327 1337 3422; baseline -0.001 -19"><span class='ocrx_word' id='word_1_300' title='bbox 109 3333 255 3421; x_wconf 79' lang='grc' dir='ltr'><strong><em>γοόντων</em></strong></span> <span class='ocrx_word' id='word_1_301' title='bbox 283 3329 338 3399; x_wconf 80' lang='grc' dir='ltr'><strong><em>καί</em></strong></span> <span class='ocrx_word' id='word_1_302' title='bbox 366 3327 588 3398; x_wconf 87' lang='grc' dir='ltr'><strong><em>διδασκόντων</em></strong></span> <span class='ocrx_word' id='word_1_303' title='bbox 615 3328 674 3396; x_wconf 88' lang='grc' dir='ltr'><strong><em>τόν</em></strong></span> <span class='ocrx_word' id='word_1_304' title='bbox 700 3332 799 3397; x_wconf 88' lang='grc' dir='ltr'><strong><em>θεῖον</em></strong></span> <span class='ocrx_word' id='word_1_305' title='bbox 826 3329 924 3417; x_wconf 90' lang='grc' dir='ltr'><strong><em>λόγον</em></strong></span> <span class='ocrx_word' id='word_1_306' title='bbox 951 3335 1071 3422; x_wconf 84' lang='grc' dir='ltr'><strong><em>ταάιης</em></strong></span> <span class='ocrx_word' id='word_1_307' title='bbox 1092 3331 1260 3422; x_wconf 86' lang='grc' dir='ltr'><strong><em>όφηγητὰς</em></strong></span> <span class='ocrx_word' id='word_1_308' title='bbox 1278 3339 1337 3421; x_wconf 75' lang='grc' dir='ltr'><strong><em>τῆς</em></strong></span> 
     </span>
     <span class='ocr_line' id='line_1_32' title="bbox 112 3427 1335 3528; baseline -0.001 -25"><span class='ocrx_word' id='word_1_309' title='bbox 112 3433 321 3528; x_wconf 76' lang='grc' dir='ltr'><strong><em>φρονήσεως·</em></strong></span> <span class='ocrx_word' id='word_1_310' title='bbox 351 3433 385 3498; x_wconf 75' lang='grc' dir='ltr'><strong><em>οἳ</em></strong></span> <span class='ocrx_word' id='word_1_311' title='bbox 412 3428 496 3497; x_wconf 85' lang='grc' dir='ltr'><strong><em>κατὰ</em></strong></span> <span class='ocrx_word' id='word_1_312' title='bbox 523 3429 713 3516; x_wconf 85' lang='grc' dir='ltr'><strong><em>διάμετρον,</em></strong></span> <span class='ocrx_word' id='word_1_313' title='bbox 745 3427 790 3510; x_wconf 85' lang='grc' dir='ltr'><strong><em>ώς</em></strong></span> <span class='ocrx_word' id='word_1_314' title='bbox 818 3431 900 3512; x_wconf 72' lang='grc' dir='ltr'><strong><em>ἔπος</em></strong></span> <span class='ocrx_word' id='word_1_315' title='bbox 922 3434 1046 3514; x_wconf 78' lang='grc' dir='ltr'><strong><em>εἰπεῖν,</em></strong></span> <span class='ocrx_word' id='word_1_316' title='bbox 1077 3431 1275 3503; x_wconf 83' lang='grc' dir='ltr'><strong><em>όντίκεινται</em></strong></span> <span class='ocrx_word' id='word_1_317' title='bbox 1296 3440 1335 3523; x_wconf 76' lang='grc' dir='ltr'><strong><em>τῇ</em></strong></span> 
     </span>
     <span class='ocr_line' id='line_1_33' title="bbox 111 3527 1336 3624; baseline -0.002 -18.993"><span class='ocrx_word' id='word_1_318' title='bbox 111 3536 293 3624; x_wconf 71' lang='grc' dir='ltr'><strong><em>Σαβελλίοο</em></strong></span> <span class='ocrx_word' id='word_1_319' title='bbox 314 3529 435 3619; x_wconf 88' lang='grc' dir='ltr'><strong><em>γνώμη.</em></strong></span> <span class='ocrx_word' id='word_1_320' title='bbox 482 3527 545 3614; x_wconf 89' lang='grc' dir='ltr'><strong><em>όμ</em></strong></span> <span class='ocrx_word' id='word_1_321' title='bbox 536 3530 664 3619; x_wconf 82' lang='grc' dir='ltr'><strong><em>ιὲνγάρ</em></strong></span> <span class='ocrx_word' id='word_1_322' title='bbox 686 3529 934 3620; x_wconf 74' lang='grc' dir='ltr'><strong><em>βλαςφημεῖ’</em></strong></span> <span class='ocrx_word' id='word_1_323' title='bbox 895 3533 995 3601; x_wconf 85' lang='grc' dir='ltr'><strong><em>αυτόν</em></strong></span> <span class='ocrx_word' id='word_1_324' title='bbox 1016 3536 1074 3602; x_wconf 91' lang='grc' dir='ltr'><strong><em>τόν</em></strong></span> <span class='ocrx_word' id='word_1_325' title='bbox 1095 3535 1167 3602; x_wconf 82' lang='grc' dir='ltr'><strong><em>οίὸν</em></strong></span> <span class='ocrx_word' id='word_1_326' title='bbox 1183 3531 1271 3604; x_wconf 71' lang='grc' dir='ltr'><strong><em>εἶναι</em></strong></span> <span class='ocrx_word' id='word_1_327' title='bbox 1284 3539 1336 3603; x_wconf 75' lang='grc' dir='ltr'><strong><em>λέ-</em></strong></span> 
     </span>
     <span class='ocr_line' id='line_1_34' title="bbox 109 3629 1336 3727; baseline -0.001 -21"><span class='ocrx_word' id='word_1_328' title='bbox 109 3660 176 3727; x_wconf 86' lang='grc' dir='ltr'><strong><em>γιον</em></strong></span> <span class='ocrx_word' id='word_1_329' title='bbox 198 3633 256 3702; x_wconf 81' lang='grc' dir='ltr'><strong><em>τὸν</em></strong></span> <span class='ocrx_word' id='word_1_330' title='bbox 278 3638 408 3719; x_wconf 88' lang='grc' dir='ltr'><strong><em>πατέρα</em></strong></span> <span class='ocrx_word' id='word_1_331' title='bbox 429 3657 484 3698; x_wconf 87' lang='grc' dir='ltr'><strong><em>και</em></strong></span> <span class='ocrx_word' id='word_1_332' title='bbox 476 3629 666 3715; x_wconf 71' lang='grc' dir='ltr'><strong><em>ἔμπαλιν,</em></strong></span> <span class='ocrx_word' id='word_1_333' title='bbox 690 3633 723 3699; x_wconf 78' lang='grc' dir='ltr'><strong><em>οῖ</em></strong></span> <span class='ocrx_word' id='word_1_334' title='bbox 746 3635 782 3699; x_wconf 78' lang='grc' dir='ltr'><strong><em>δὲ</em></strong></span> <span class='ocrx_word' id='word_1_335' title='bbox 803 3645 892 3719; x_wconf 80' lang='grc' dir='ltr'><strong><em>τρεῖς</em></strong></span> <span class='ocrx_word' id='word_1_336' title='bbox 913 3635 1017 3716; x_wconf 84' lang='grc' dir='ltr'><strong><em>θεοὺς</em></strong></span> <span class='ocrx_word' id='word_1_337' title='bbox 1036 3636 1161 3722; x_wconf 89' lang='grc' dir='ltr'><strong><em>τρόπον</em></strong></span> <span class='ocrx_word' id='word_1_338' title='bbox 1183 3636 1259 3705; x_wconf 88' lang='grc' dir='ltr'><strong><em>τινὰ</em></strong></span> <span class='ocrx_word' id='word_1_339' title='bbox 1280 3663 1336 3725; x_wconf 87' lang='grc' dir='ltr'><strong><em>κη-</em></strong></span> 
     </span>
     <span class='ocr_line' id='line_1_35' title="bbox 110 3728 1336 3903; baseline -0.002 -96"><span class='ocrx_word' id='word_1_340' title='bbox 110 3737 300 3903; x_wconf 80' lang='grc' dir='ltr'><strong><em>ρόοτηοσιν,</em></strong></span> <span class='ocrx_word' id='word_1_341' title='bbox 331 3732 379 3812; x_wconf 84' lang='grc' dir='ltr'><strong><em>είς</em></strong></span> <span class='ocrx_word' id='word_1_342' title='bbox 400 3728 528 3819; x_wconf 61' lang='grc' dir='ltr'><strong><em>τρεῖςς</em></strong></span> <span class='ocrx_word' id='word_1_343' title='bbox 510 3731 713 3813; x_wconf 88' lang='grc' dir='ltr'><strong><em>οποστόσεις</em></strong></span> <span class='ocrx_word' id='word_1_344' title='bbox 734 3736 827 3814; x_wconf 86' lang='grc' dir='ltr'><strong><em>ξίνας</em></strong></span> <span class='ocrx_word' id='word_1_345' title='bbox 849 3730 997 3823; x_wconf 79' lang='grc' dir='ltr'><strong><em>ἀλλήλων</em></strong></span> <span class='ocrx_word' id='word_1_346' title='bbox 1018 3736 1218 3806; x_wconf 88' lang='grc' dir='ltr'><strong><em>παντάπασι</em></strong></span> <span class='ocrx_word' id='word_1_347' title='bbox 1236 3762 1336 3821; x_wconf 85' lang='grc' dir='ltr'><strong><em>κεχω-</em></strong></span> 
     </span>
     <span class='ocr_line' id='line_1_36' title="bbox 109 3830 1334 3926; baseline -0.002 -20"><span class='ocrx_word' id='word_1_348' title='bbox 109 3840 207 3926; x_wconf 84' lang='grc' dir='ltr'><strong><em>ρισμέ</em></strong></span> <span class='ocrx_word' id='word_1_349' title='bbox 210 3859 266 3914; x_wconf 84' lang='grc' dir='ltr'><strong><em>νας</em></strong></span> <span class='ocrx_word' id='word_1_350' title='bbox 289 3833 548 3921; x_wconf 89' lang='grc' dir='ltr'><strong><em>διαιροῦντες</em></strong></span> <span class='ocrx_word' id='word_1_351' title='bbox 513 3859 573 3922; x_wconf 86' lang='grc' dir='ltr'><strong><em>την</em></strong></span> <span class='ocrx_word' id='word_1_352' title='bbox 595 3830 690 3920; x_wconf 84' lang='grc' dir='ltr'><strong><em>άγίαν</em></strong></span> <span class='ocrx_word' id='word_1_353' title='bbox 710 3834 849 3919; x_wconf 88' lang='grc' dir='ltr'><strong><em>μονάδα.</em></strong></span> <span class='ocrx_word' id='word_1_354' title='bbox 894 3833 1049 3925; x_wconf 85' lang='grc' dir='ltr'><strong><em>ῆνώσθαι</em></strong></span> <span class='ocrx_word' id='word_1_355' title='bbox 1068 3838 1130 3926; x_wconf 82' lang='grc' dir='ltr'><strong><em>γὰρ</em></strong></span> <span class='ocrx_word' id='word_1_356' title='bbox 1152 3835 1272 3926; x_wconf 79' lang='grc' dir='ltr'><strong><em>ἀνάγκη</em></strong></span> <span class='ocrx_word' id='word_1_357' title='bbox 1288 3841 1334 3925; x_wconf 80' lang='grc' dir='ltr'><strong><em>τῷ</em></strong></span> 
     </span>
     <span class='ocr_line' id='line_1_37' title="bbox 108 3931 1334 4061; baseline 0.005 -60"><span class='ocrx_word' id='word_1_358' title='bbox 108 3940 182 4025; x_wconf 73' lang='grc' dir='ltr'><strong><em>θεῷ</em></strong></span> <span class='ocrx_word' id='word_1_359' title='bbox 216 3937 282 4003; x_wconf 80' lang='grc' dir='ltr'><strong><em>τῶν</em></strong></span> <span class='ocrx_word' id='word_1_360' title='bbox 318 3931 404 4001; x_wconf 83' lang='grc' dir='ltr'><strong><em>δλων</em></strong></span> <span class='ocrx_word' id='word_1_361' title='bbox 431 3933 489 3999; x_wconf 89' lang='grc' dir='ltr'><strong><em>τόν</em></strong></span> <span class='ocrx_word' id='word_1_362' title='bbox 516 3941 614 4001; x_wconf 87' lang='grc' dir='ltr'><strong><em>θεῖον</em></strong></span> <span class='ocrx_word' id='word_1_363' title='bbox 643 3934 756 4021; x_wconf 90' lang='grc' dir='ltr'><strong><em>λόγον·</em></strong></span> <span class='ocrx_word' id='word_1_364' title='bbox 790 3935 1029 4061; x_wconf 81' lang='grc' dir='ltr'><strong><em>ίμφιλοχωρεῖν</em></strong></span> <span class='ocrx_word' id='word_1_365' title='bbox 1060 3939 1096 4006; x_wconf 79' lang='grc' dir='ltr'><strong><em>δὲ</em></strong></span> <span class='ocrx_word' id='word_1_366' title='bbox 1116 3964 1164 4025; x_wconf 85' lang='grc' dir='ltr'><strong><em>τῳ</em></strong></span> <span class='ocrx_word' id='word_1_367' title='bbox 1185 3943 1258 4026; x_wconf 78' lang='grc' dir='ltr'><strong><em>θεῷ</em></strong></span> <span class='ocrx_word' id='word_1_368' title='bbox 1280 3942 1334 4007; x_wconf 79' lang='grc' dir='ltr'><strong><em>καί</em></strong></span> 
     </span>
     <span class='ocr_line' id='line_1_38' title="bbox 110 4031 1335 4129; baseline 0 -22"><span class='ocrx_word' id='word_1_369' title='bbox 110 4036 347 4107; x_wconf 80' lang='grc' dir='ltr'><strong><em>ένδιαιτάσθαι</em></strong></span> <span class='ocrx_word' id='word_1_370' title='bbox 368 4031 475 4101; x_wconf 88' lang='grc' dir='ltr'><strong><em>δεῖ</em></strong></span> <span class='ocrx_word' id='word_1_371' title='bbox 442 4058 480 4100; x_wconf 92' lang='grc' dir='ltr'><strong><em>το</em></strong></span> <span class='ocrx_word' id='word_1_372' title='bbox 503 4031 596 4129; x_wconf 78' lang='grc' dir='ltr'><strong><em>ἅγιον</em></strong></span> <span class='ocrx_word' id='word_1_373' title='bbox 619 4039 764 4121; x_wconf 90' lang='grc' dir='ltr'><strong><em>πνεῦμα·</em></strong></span> <span class='ocrx_word' id='word_1_374' title='bbox 787 4034 848 4125; x_wconf 80' lang='grc' dir='ltr'><strong><em>ἤδη</em></strong></span> <span class='ocrx_word' id='word_1_375' title='bbox 871 4041 924 4104; x_wconf 86' lang='grc' dir='ltr'><strong><em>καί</em></strong></span> <span class='ocrx_word' id='word_1_376' title='bbox 946 4037 1005 4126; x_wconf 85' lang='grc' dir='ltr'><strong><em>τὴν</em></strong></span> <span class='ocrx_word' id='word_1_377' title='bbox 1025 4045 1125 4106; x_wconf 87' lang='grc' dir='ltr'><strong><em>θείαν</em></strong></span> <span class='ocrx_word' id='word_1_378' title='bbox 1146 4039 1266 4126; x_wconf 89' lang='grc' dir='ltr'><strong><em>τριάδα</em></strong></span> <span class='ocrx_word' id='word_1_379' title='bbox 1289 4040 1335 4120; x_wconf 89' lang='grc' dir='ltr'><strong><em>είς</em></strong></span> 
     </span>
     <span class='ocr_line' id='line_1_39' title="bbox 110 4132 1333 4293; baseline 0.001 -85"><span class='ocrx_word' id='word_1_380' title='bbox 110 4139 175 4217; x_wconf 65' lang='grc' dir='ltr'><strong><em>ἵνα,</em></strong></span> <span class='ocrx_word' id='word_1_381' title='bbox 201 4132 310 4222; x_wconf 81' lang='grc' dir='ltr'><strong><em>ιόςπερ</em></strong></span> <span class='ocrx_word' id='word_1_382' title='bbox 334 4135 381 4214; x_wconf 87' lang='grc' dir='ltr'><strong><em>είς</em></strong></span> <span class='ocrx_word' id='word_1_383' title='bbox 402 4134 548 4224; x_wconf 76' lang='grc' dir='ltr'><strong><em>κορυφήν</em></strong></span> <span class='ocrx_word' id='word_1_384' title='bbox 570 4135 938 4293; x_wconf 51' lang='lat'>6666223666666166</span> <span class='ocrx_word' id='word_1_385' title='bbox 961 4135 1048 4206; x_wconf 80' lang='grc' dir='ltr'><strong><em>ὅλων</em></strong></span> <span class='ocrx_word' id='word_1_386' title='bbox 1069 4140 1126 4207; x_wconf 88' lang='grc' dir='ltr'><strong><em>τὸν</em></strong></span> <span class='ocrx_word' id='word_1_387' title='bbox 1148 4143 1333 4228; x_wconf 82' lang='grc' dir='ltr'><strong><em>παντοκρά-</em></strong></span> 
     </span>
    </p>
   </div>
   <div class='ocr_carea' id='block_1_3' title="bbox 108 4375 1332 4527">
    <p class='ocr_par' dir='ltr' id='par_1_5' title="bbox 108 4375 1332 4527">
     <span class='ocr_line' id='line_1_40' title="bbox 143 4375 1332 4463; baseline 0.005 -22"><span class='ocrx_word' id='word_1_388' title='bbox 143 4406 164 4442; x_wconf 86' lang='grc' dir='ltr'><strong><em>ι.</em></strong></span> <span class='ocrx_word' id='word_1_389' title='bbox 183 4382 236 4441; x_wconf 80' lang='grc' dir='ltr'><strong><em>ολδ</em></strong></span> <span class='ocrx_word' id='word_1_390' title='bbox 256 4375 320 4445; x_wconf 84' lang='grc' dir='ltr'><strong><em>οῦν,</em></strong></span> <span class='ocrx_word' id='word_1_391' title='bbox 345 4389 432 4454; x_wconf 67' lang='lat' dir='ltr'>cuppla</span> <span class='ocrx_word' id='word_1_392' title='bbox 450 4377 540 4456; x_wconf 77' lang='grc' dir='ltr'><strong><em>ιλγον,</em></strong></span> <span class='ocrx_word' id='word_1_393' title='bbox 567 4391 695 4441; x_wconf 83' lang='grc' dir='ltr'><strong><em>οοωωοδο</em></strong></span> <span class='ocrx_word' id='word_1_394' title='bbox 747 4394 840 4456; x_wconf 63' lang='lat' dir='ltr'>quint</span> <span class='ocrx_word' id='word_1_395' title='bbox 820 4394 929 4444; x_wconf 75' lang='lat' dir='ltr'>videntur</span> <span class='ocrx_word' id='word_1_396' title='bbox 946 4397 1332 4463; x_wconf 77' lang='grc' dir='ltr'><strong><em>οοοιοίωιδιιιίίειοίοιιτρτε-</em></strong></span> 
     </span>
     <span class='ocr_line' id='line_1_41' title="bbox 108 4458 1265 4527; baseline 0.005 -16"><span class='ocrx_word' id='word_1_397' title='bbox 108 4458 217 4511; x_wconf 63' lang='lat' dir='ltr'><strong><em>”aanor</em></strong></span> <span class='ocrx_word' id='word_1_398' title='bbox 234 4473 278 4525; x_wconf 81' lang='grc' dir='ltr'><strong><em>μοι</em></strong></span> <span class='ocrx_word' id='word_1_399' title='bbox 287 4471 368 4511; x_wconf 74' lang='lat' dir='ltr'>vocem</span> <span class='ocrx_word' id='word_1_400' title='bbox 379 4459 492 4525; x_wconf 68' lang='lat' dir='ltr'><strong><em>alioquin,</em></strong></span> <span class='ocrx_word' id='word_1_401' title='bbox 513 4466 538 4511; x_wconf 84' lang='grc' dir='ltr'><strong><em>ιιι</em></strong></span> <span class='ocrx_word' id='word_1_402' title='bbox 546 4466 620 4524; x_wconf 74' lang='lat' dir='ltr'>patet</span> <span class='ocrx_word' id='word_1_403' title='bbox 629 4459 695 4524; x_wconf 80' lang='lat' dir='ltr'>quod</span> <span class='ocrx_word' id='word_1_404' title='bbox 746 4468 792 4522; x_wconf 79' lang='grc' dir='ltr'><strong><em>ιιι,</em></strong></span> <span class='ocrx_word' id='word_1_405' title='bbox 809 4474 938 4527; x_wconf 73' lang='lat' dir='ltr'><strong><em>perpetum</em></strong></span> <span class='ocrx_word' id='word_1_406' title='bbox 956 4462 1020 4514; x_wconf 84' lang='grc' dir='ltr'><strong><em>Ιιιιιιο</em></strong></span> <span class='ocrx_word' id='word_1_407' title='bbox 1037 4463 1117 4514; x_wconf 78' lang='lat' dir='ltr'><strong>locum</strong></span> <span class='ocrx_word' id='word_1_408' title='bbox 1136 4471 1265 4517; x_wconf 80' lang='grc' dir='ltr'><strong><em>τοιιοιοοι.</em></strong></span> 
     </span>
    </p>
   </div>
   <div class='ocr_carea' id='block_1_4' title="bbox 0 0 1478 5092">
    <p class='ocr_par' dir='ltr' id='par_1_6' title="bbox 0 0 1478 5092">
     <span class='ocr_line' id='line_1_42' title="bbox 0 0 1478 5092; baseline 0 1"><span class='ocrx_word' id='word_1_409' title='bbox 0 0 1478 5092; x_wconf 95' lang='lat' dir='ltr'><strong><em> </em></strong></span> 
     </span>
    </p>
   </div>
  </div>
 </body>
</html>
