2948 5092
470 294 578 339 onusto
594 296 615 339 r.
631 295 747 339 nonnus
761 297 896 341 sursunt.
1229 286 1293 350 att

55 467 125 511 rum
148 445 295 520 tenderet,
317 446 382 509 eius
402 444 523 508 fraudes
546 446 644 507 irritae
667 447 775 520 forent,
802 465 1005 528 summamque
1026 459 1150 531 propter
1173 450 1291 514 Domini
1302 474 1378 518 ntes.

55 546 327 611 immutabilitatem
357 546 417 608 rim
438 546 548 608 nullam
571 547 711 611 adversus
734 567 911 629 quemquam
934 549 1078 613 baberent
1099 571 1203 616 omnes
1226 553 1291 616 eius

57 657 197 713 conatam.
241 648 316 716 Nam
338 646 585 727 quemadmodum
607 649 867 726 peoeautebdamo
889 660 1041 730 peceatum
1065 653 1094 713 in
1111 672 1215 716 omnes
1230 653 1291 714 ho-

58 755 158 818 mines
179 748 367 831 pertransiit,
396 749 436 810 its
464 756 621 828 postquam
642 749 786 812 Dominus
814 751 906 813 laetus
928 751 1019 813 bomo
1043 766 1212 833 serpentem
1235 754 1291 816 de-

58 856 137 928 sinit,
160 853 206 915 ris
228 852 277 913 illa
297 850 483 931 permanebit
504 850 534 911 in
558 868 661 912 omues
684 850 831 926 homines,
853 859 888 913 ut
902 852 1009 932 singuli
1024 864 1161 916 nostrum
1177 855 1292 917 dinants

59 958 131 1020 Nos
158 957 240 1018 enine
266 957 442 1032 ipnoromtss
466 955 658 1032 eoqitotiones
680 955 755 1013 er'ns.
799 953 990 1014 lleritissimo
1018 953 1107 1034 igitur
1135 955 1290 1030 Dominus,

59 1058 110 1138 qni
132 1073 256 1135 semper
276 1061 307 1116 et
327 1055 433 1115 naturt
455 1052 644 1115 immutabilrs
667 1061 728 1127 est,
755 1053 804 1132 qui
831 1053 974 1116 iustitiam
996 1064 1074 1116 amnt
1096 1065 1127 1117 et
1147 1056 1378 1136 iniquita-ms.

60 1168 119 1221 tem
142 1158 215 1220 odio
236 1155 346 1230 babet,
370 1155 491 1235 ungitur
511 1163 541 1216 et
563 1154 696 1227 mittitur,
719 1154 852 1215 utilem
874 1155 939 1234 ipse
962 1165 992 1217 et
1012 1156 1144 1218 existens
1166 1166 1197 1219 ot
1217 1175 1289 1237 per·
1316 1181 1323 1191 ⁴

59 1277 187 1322 manens
209 1274 298 1320 carne
320 1255 453 1318 mutabili
475 1265 606 1317 assumta
628 1260 779 1334 pometum
809 1254 839 1316 in
869 1255 933 1335 ipse
962 1257 1140 1319 eontlemnet
1167 1277 1291 1338 eamque

59 1361 166 1424 reddat
185 1359 321 1432 liberam,
343 1366 378 1418 ut
391 1356 465 1437 legis
481 1356 623 1418 iustitium
637 1354 737 1436 possit
757 1356 898 1437 deiueeps
914 1357 945 1418 in
967 1358 1031 1438 ipsu
1046 1358 1179 1438 implere.
1214 1360 1291 1423 Hine

60 1463 117 1524 iam
139 1461 211 1524 lieet
232 1460 345 1523 dicere:
374 1459 436 1521 Nos
465 1470 648 1521 autemnon
669 1461 703 1520 ist
725 1476 816 1520 sorite
837 1460 890 1521 sed
910 1463 943 1522 t'st
965 1459 1087 1541 Spiritu
1110 1479 1231 1536 sumus,
1262 1469 1293 1526 si

62 1564 179 1645 quidest
199 1561 338 1643 Spiritus
362 1560 420 1623 Dei
440 1559 554 1622 babitat
576 1564 608 1621 ist
630 1559 729 1621 nobis.

143 1869 197 1932 52.
241 1865 364 1928 Frustra
385 1863 494 1944 igitur,
516 1863 627 1935 Ariani,
651 1862 734 1925 robis
757 1863 925 1926 huiusmodi
948 1864 1055 1926 oborta
1076 1865 1208 1946 suspirio
1232 1875 1289 1940 eat,

65 1969 170 2031 lmstra
192 1967 414 2047 scripturarum
435 1965 524 2027 rerba
545 1964 752 2045 praetenditis.
795 1965 924 2028 Verbum
946 1966 1026 2028 enim
1040 1966 1094 2028 Dei
1109 1967 1290 2031 immutabile

67 2078 109 2132 est
129 2085 310 2149 semperque
332 2066 470 2148 idemque
499 2072 562 2138 est,
596 2084 694 2145 neque
721 2066 752 2126 id
779 2065 836 2127 alio
862 2066 953 2127 modo
982 2085 1070 2146 quam
1096 2068 1161 2148 ipse
1192 2068 1289 2131 Pater.

66 2171 196 2251 Alioquin
218 2169 370 2250 quomodo
392 2168 471 2230 illius
494 2175 574 2229 esset
596 2167 709 2240 simile,
743 2166 801 2228 nisi
829 2168 886 2229 tale
913 2166 1020 2231 esset?
1063 2170 1119 2231 Aut
1141 2170 1290 2250 quomodo

68 2274 169 2348 omnia,
192 2290 270 2352 quae
289 2270 387 2333 Patris
409 2279 488 2343 suut,
510 2268 575 2330 Filii
599 2286 718 2349 qnoque
741 2265 850 2343 essent,
873 2270 931 2331 nisi
949 2269 1046 2333 Patris
1068 2270 1290 2334 immutabilita-

69 2382 121 2435 tem
147 2370 300 2435 habemtt
342 2370 403 2433 Nee
433 2389 506 2432 vero
535 2370 623 2433 veluti
652 2369 767 2449 legibus
797 2370 949 2432 subiectus
982 2379 1033 2434 aut
1061 2372 1231 2434 alterutram
1260 2372 1291 2433 in

69 2485 175 2553 putem
197 2471 338 2536 flexibilis
359 2473 418 2535 boe
439 2481 516 2534 amat
538 2481 568 2533 et
589 2471 660 2533 iDud
683 2471 755 2546 odit,
778 2489 817 2533 ne
839 2473 997 2534 corruendi
1013 2481 1095 2535 metu
1110 2472 1187 2534 aliud
1203 2490 1290 2551 qnam

70 2584 198 2655 oporteat
227 2575 420 2656 amplectatur
448 2584 534 2654 atque
562 2574 601 2636 itu
630 2566 735 2635 rursus
763 2575 818 2634 alia
845 2574 970 2654 quadam
1002 2576 1118 2636 ratione
1141 2572 1290 2634 mutabilis

71 2675 228 2738 induratur.
272 2676 381 2738 Verum
403 2683 437 2738 ut
447 2675 528 2736 Deus
552 2687 581 2736 et
602 2674 730 2736 Verbum
753 2674 849 2735 Patris
873 2676 967 2736 iustus
989 2683 1038 2737 est
1058 2675 1146 2736 iudex
1168 2691 1289 2735 amans-

71 2795 119 2855 que
140 2777 260 2840 rirtutis
282 2776 329 2837 vel
356 2775 457 2856 potius
487 2775 624 2837 virtutem
653 2777 779 2836 donans.
825 2775 900 2847 Quia
923 2794 994 2854 ergo
1017 2783 1122 2837 natura
1143 2777 1241 2837 iustus
1263 2783 1293 2836 et

63 2883 181 2942 'emotus
204 2887 262 2952 est,
284 2877 395 2940 ideireo
417 2877 560 2939 iustitiam
583 2877 706 2957 diligere
734 2887 764 2939 et
786 2877 969 2956 iniquitatem
992 2878 1061 2938 odio
1084 2877 1194 2938 habere
1216 2877 1291 2938 dici·

70 2988 119 3053 tur,
142 2980 223 3061 quod
245 2980 369 3060 perinde
392 2988 438 3042 est
459 2997 493 3041 ae
508 2980 534 3041 si
552 2979 643 3052 dieas,
667 2997 735 3040 eum
750 2978 887 3039 homines
904 2979 1010 3039 virtute
1026 2978 1177 3058 praeditos
1193 2996 1293 3039 amare

71 3090 93 3143 et
113 3082 286 3155 admittere,
314 3080 444 3143 iniustos
472 3099 542 3142 vero
571 3080 715 3161 repeDere
737 3087 767 3141 et
788 3079 905 3154 odisse3
933 3080 1014 3159 quod
1043 3081 1121 3140 idem
1148 3080 1185 3140 de
1206 3078 1293 3141 Patre

69 3191 207 3246 testentur
228 3181 344 3244 divinae
365 3182 550 3263 Scripturas:
585 3182 692 3245 lustres
714 3181 863 3244 Dratinus
886 3193 916 3244 et
936 3186 1071 3244 uestitior
1095 3182 1215 3253 dilexit,
1246 3188 1293 3243 et:

70 3284 139 3347 Odio
162 3284 300 3347 induisti
319 3301 422 3346 omnes
444 3288 498 3365 qui
517 3287 629 3354 s'nissste
650 3295 759 3363 apost,
788 3290 833 3344 et:
867 3283 977 3346 Portos
1000 3281 1076 3346 Sion
1099 3283 1211 3362 ‹liltqiu
1244 3293 1293 3344 to-

68 3384 232 3448 umente
256 3395 358 3447 autem
386 3384 474 3448 laceb
504 3404 565 3446 nors
593 3388 696 3464 mopsi
722 3385 815 3464 sarit,
849 3392 894 3445 et:
929 3384 1017 3447 loeob
1038 3385 1156 3466 quidem
1177 3384 1293 3456 dilexit,

68 3484 242 3548 tenueere
266 3485 471 3548 odiolnbuit.
517 3486 589 3547 ltem
618 3484 781 3547 seeundum
804 3483 910 3546 isaiam
938 3504 994 3545 vox
1017 3485 1071 3545 Dei
1100 3491 1147 3545 est
1174 3502 1293 3546 mrsum

67 3585 205 3649 dioentis:
229 3586 291 3667 lips
312 3604 381 3649 sarm
401 3587 560 3660 Dominus,
584 3591 637 3668 qni
655 3590 804 3649 iustitium
826 3586 917 3667 diliqo
937 3599 967 3650 et
981 3589 1108 3665 ropistos
1122 3589 1293 3668 iniquitatis

93 3909 117 3957 d.
135 3907 239 3969 Sernes.
263 3898 414 3974 ἐλεύθερον.
457 3907 563 3957 Felclsm.
582 3905 605 3955 2.
630 3914 654 3957 et
740 3922 761 3968 3.
781 3907 821 3956 Sie
839 3906 937 3967 Sequor.
962 3905 1019 3968 lleg.
1045 3913 1068 3954 et
1085 3905 1189 3955 Felolrm.
1207 3905 1231 3954 5.
1266 3904 1295 3954 At

65 3977 117 4025 editi
141 3967 311 4042 ἐλευθερίαν.
346 3975 392 4025 atii
415 3989 473 4025 mss.
501 3966 652 4040 ἐλευθέραν.
706 3976 745 4025 ulii
765 3983 789 4023 et
807 3974 863 4022 editi
881 3965 929 4021 ἔτι.

65 4043 135 4093 isole
150 4049 216 4123 post
240 4042 333 4104 buglis.
348 4041 423 4093 basil.
441 4050 465 4092 et
483 4043 618 4092 Feleltmau.
629 4041 653 4092 5.

64 4107 183 4179 mem
199 4101 231 4159 p,
248 4103 339 4176 ζωῇ.
740 4076 763 4124 lt.
782 4075 823 4124 Sir
845 4075 985 4136 Sequerian.
1021 4074 1050 4123 lt
1073 4074 1130 4136 Reg.
1155 4072 1253 4123 Gobler.
1272 4079 1296 4122 et

69 4195 115 4258 ¹e.
133 4177 337 4258 stgssguerisu.
373 4177 452 4228 Ceteri
475 4193 531 4229 vero
556 4186 579 4228 et
597 4178 653 4228 editi
704 4141 842 4275 {Sim}
857 4143 878 4192 ¹¹
895 4134 941 4190 καὶ
954 4137 1010 4208 γὰρ
1028 4135 1099 4207 περί·
1133 4141 1195 4191 Edffl
1213 4149 1237 4189 ⁶¹
1254 4137 1295 4188 ἰῇ

64 4246 298 4378 ημῖέὃῐοοῒομοτ.
333 4314 362 4363 tt
379 4313 413 4362 lle
430 4350 436 4361 .
454 4305 530 4362 im
547 4303 592 4362 ist
608 4322 653 4363 ete.
741 4313 755 4361 i.
775 4312 873 4374 Seguer.
890 4311 987 4361 Gobler.
1006 4309 1178 4360 etFelclmm.
1192 4302 1295 4360 δίκαιος

63 4381 121 4432 triu
139 4374 328 4449 aliiqueiuw
349 4372 389 4434 ὥς
412 4327 462 4434 del.
496 4380 549 4430 llor
567 4382 654 4442 Regius
707 4373 838 4445 ὃκύριος.
874 4380 926 4428 llox
954 4380 1052 4441 Seguer.
1073 4378 1135 4455 ..Dap
1154 4376 1243 4453 inpiis.
1271 4382 1295 4424 et

63 4449 131 4501 istil,
148 4451 276 4515 duplione.
295 4448 436 4499 teletus.
460 4439 497 4502 oie·
520 4438 651 4516 ὃπατὴρ.
705 4448 811 4497 Felclm.
827 4447 851 4496 5.
869 4440 1008 4513 ἐμίσησας.
1042 4445 1088 4494 tlu
1115 4452 1139 4493 et
1163 4445 1220 4494 edus
1238 4436 1295 4509 ipt-

63 4519 137 4571 oeu
155 4528 180 4572 u
197 4519 259 4572 sno
276 4509 317 4571 oc
331 4507 433 4581 πατήρ.
706 4524 779 4575 osas.
1289 4532 1293 4539 -
