2948 5092
129 257 194 346 8βο
531 230 992 333 ειτοιιιιειιιιειοεειιοοει·

42 420 185 486 πιθαναὶ
208 412 226 483 ὁ
248 418 359 502 κόριος
381 417 417 483 δέ·
443 417 545 501 λέγει·
570 410 649 482 ὅταν
672 414 755 502 ἔλθη
772 409 790 480 ὁ
805 414 877 494 ολὸς
891 419 949 481 τοῦ
968 411 1167 503 ἀνθρώπου
1177 424 1199 501 Ι)
1214 421 1283 498 (τὸν
1295 423 1355 490 οἶόν

51 551 55 560 ·
102 576 107 588 .
129 523 188 587 τοῦ
211 521 295 586 θεοῦ
318 517 389 585 υἱὸν
412 512 597 602 ἀνθρώπου
620 515 793 602 γενόμενον
815 518 928 602 ’.λέγει
951 519 1069 606 κριτήν
1087 547 1127 589 τε
1143 518 1229 589 ὄντα
1243 523 1356 604 ζώντων

130 624 184 689 καί
213 623 333 706 νεκρῶν
362 622 416 686 καὶ
438 620 580 703 βασιλέα
600 619 655 684 καί
678 617 845 704 δεσπότην
866 621 920 686 καὶ
943 619 1028 687 θεὸν
1054 615 1257 709 ἀληθινόν),
1287 620 1357 692 ἀλλὰ

131 716 278 820 ἀναιρεῖν
305 720 471 807 βούλεσθε
491 718 530 785 τὸ
552 721 612 785 τοῦ
635 718 791 803 σώματος
814 716 921 804 όνσμα
941 715 963 809 ἢ
985 721 1024 788 τὸ
1049 723 1103 812 ἔτι
1126 726 1291 810 λέγεσθαι
1309 725 1356 792 όν-

128 829 273 909 θρωπον
301 821 358 888 τὸν
380 820 546 907 Χριστόν·
576 823 651 898 πῶς
679 819 729 887 ἔτι
755 819 816 899 τὰς
843 827 943 901 θείας
971 824 1109 912 γραφὰς
1133 819 1358 912 ἀναγινώσκω

131 923 292 1005 δύνασθε,
321 927 381 991 τοῦ
410 926 471 1008 μὲν
492 927 682 989 Ματθαίου
711 920 914 1009 γράφοντος·
943 926 1064 1010 βίβλος
1085 934 1254 1011 γενέσεως
1271 923 1358 1016 ’ίησοῦ

127 1029 280 1114 Χριστοῦ
301 1025 375 1093 οἱοῦ
396 1022 509 1108 Δαβὶδ
531 1023 604 1090 υἱοῦ
623 1016 816 1108 Ἀβραάμ),
840 1026 899 1090 τοῦ
923 1025 960 1092 δὲ
979 1020 1158 1095 Ἰωάννου·
1184 1030 1221 1096 ἐν
1236 1027 1312 1118 ἀρχῆ
1325 1020 1355 1116 ἦν
1376 1031 1380 1039 '

129 1122 282 1214 ὁλόγος,
312 1125 368 1195 καὶ
390 1121 408 1192 5
431 1126 527 1210 λόγος
550 1114 589 1211 ἦν
611 1122 698 1211 πρὸς
719 1123 779 1191 τόν
799 1124 898 1206 θεόν,
929 1130 984 1194 καί
1005 1127 1093 1208 θεὸς
1115 1118 1161 1218 ἦν
1187 1127 1206 1196 5
1230 1131 1356 1216 λόγος’),

99 1301 107 1317 ‚
129 1228 246 1316 1’λόγον
275 1230 311 1296 δέ
343 1231 397 1295 καί
425 1225 508 1294 θεὸν
536 1228 591 1293 καὶ
620 1225 692 1292 υίὸν
714 1226 826 1311 Δαβὶδ
848 1226 878 1296 εἰ
898 1228 983 1296 κατὰ
1005 1230 1182 1318 διαίρεσιν
1204 1233 1354 1318 βούλεσθε

127 1340 287 1421 θεωρεῖν,
318 1329 376 1397 δύο
405 1322 481 1397 καθ’
505 1323 592 1412 ὁμάς
621 1321 662 1394 ἀν
684 1324 850 1417 λέγοιντο·
879 1328 909 1396 εί
931 1330 967 1397 δὲ
989 1330 1198 1401 πιστεύοιτε
1220 1332 1357 1401 διδασιό

127 1458 223 1520 μενοι
245 1430 316 1500 ἀπὸ
337 1434 404 1498 τῶν
426 1436 531 1497 θείων
552 1432 700 1516 γραφῶν,
726 1425 778 1496 ὁτι
800 1429 884 1509 θεὸς
905 1425 952 1498 ὢν
974 1427 994 1497 5
1015 1432 1119 1519 λόγος
1144 1435 1223 1514 υἱὸς
1237 1432 1355 1522 ἀνθρό

128 1560 196 1604 που
218 1541 339 1621 γέγονε,
362 1531 536 1619 γνώσεσθε
558 1528 612 1597 ὁτι
634 1526 682 1609 εἷς
704 1529 794 1598 ἐστιν
818 1527 836 1597 ὁ
859 1531 1016 1618 Χριστός,
1040 1537 1099 1602 καὶ
1123 1537 1216 1617 θεὸς
1236 1540 1288 1605 καὶ
1307 1536 1353 1603 ἀν·

127 1643 271 1724 θρωπος
294 1630 312 1700 ὁ
335 1629 451 1714 αὐτός,
482 1632 538 1700 ἵνα
563 1632 602 1698 τὸ
625 1631 936 1723 διπλοῦν.κήρογμα
956 1638 1016 1722 τῆς
1038 1631 1150 1703 αὐτοῦ
1174 1639 1356 1726 *ἐπιδημίας

127 1733 363 1806 εόαπόδεικτον
385 1736 439 1822 ἔχῃ
462 1734 521 1822 τὴν
544 1734 728 1821 πεισμονὴν
750 1738 809 1802 τοῦ
831 1760 868 1803 τε
882 1735 1019 1816 πάθους
1033 1741 1092 1805 καὶ
1108 1743 1174 1827 τῆς
1188 1735 1353 1819 ἀπαθείας,

127 1835 173 1918 ὥς
196 1835 275 1904 όταν
291 1838 379 1921 λέγει
394 1832 412 1900 5
429 1832 635 1915 ἀπόστολος·
659 1834 845 1923 ἀνθρωπος
855 1837 1003 1925 Χριστός
1015 1833 1148 1927 Ἰησοῦς
1165 1841 1186 1909 ὁ
1202 1843 1279 1922 δοὸς
1292 1843 1354 1910 ἑοι-

125 1938 184 2008 τὸν
206 1933 420 2023 δάντίλοτρον
442 1933 528 2024 ὑπὲρ
550 1933 642 2023 ἡμῶν
651 1941 690 2019 ⁴),
725 1933 746 2005 ὁ
773 1931 819 2006 ὢν
842 1938 899 2007 ene
921 1939 1059 2018 πάντων
1082 1942 1174 2022 θεὸς
1198 1941 1355 2032 εὐλογητὸς

128 2041 176 2120 εἰς
196 2038 274 2117 τοὺς
296 2037 428 2116 αἰῶνας,
453 2031 589 2123 ἀμήν),
613 2044 668 2106 καί
694 2045 855 2127 Τιμοθέῳ
879 2040 914 2107 δὲ
935 2041 1076 2129 γράφων
1100 2044 1215 2130 ἔλεγε·
1244 2045 1354 2133 μνημό-

126 2168 199 2210 νευε
214 2139 363 2227 Χριστὸν
382 2134 504 2226 Ἰησοῦν
528 2139 739 2228 ἐγηγερμένον
760 2140 796 2208 ίκ
807 2132 938 2228 νεκρῶν,
956 2141 990 2210 ἐκ
1005 2150 1211 2229 σπέρματος
1220 2147 1352 2232 Δαβίδ),

118 2240 180 2312 &al
205 2240 222 2309 5
245 2238 345 2319 αὐτὸς
367 2241 403 2308 δὲ
426 2240 564 2309 ’πόλιν
586 2241 645 2309 τὸν
666 2242 817 2310 θάνατον
840 2238 943 2333 αὐτοῦ
964 2250 1253 2334 καταγγέλλομεν,
1276 2248 1353 2333 ἄχρις

128 2334 168 2414 οὗ
191 2345 315 2432 εἰοῃτ).

215 2455 264 2514 11.
309 2444 351 2512 Εἰ
378 2434 436 2512 οὖν
465 2443 500 2511 ἐκ
527 2447 586 2531 τῆς
614 2439 793 2532 ὁμολογίας
821 2448 882 2512 τοῦ
906 2441 1089 2532 ὁμοουσίου
1113 2448 1287 2539 ἀναιρεῖτε
1306 2453 1351 2534 τῆς

127 2549 249 2634 σαρκὸς
270 2547 309 2614 τὸ
332 2545 437 2631 ὄνομα
458 2548 511 2612 καί
535 2545 574 2611 τὸ
597 2543 782 2645 ἀνθρωπσν
805 2548 965 2633 λέγεσθαι
987 2548 1045 2616 τὸν
1061 2554 1232 2637 Χριστόν,
1255 2547 1350 2643 ἢοόκ-
1391 2616 1395 2620 .

87 2671 93 2679 ·
127 2655 178 2718 έτι
198 2649 256 2717 τὸν
278 2649 428 2717 θάνατον
452 2642 553 2715 αὐτοῦ
577 2649 817 2734 καταγγέλλετε,
842 2648 936 2735 ἄχρις
958 2639 998 2716 οὗ
1020 2651 1122 2739 ἔλθη,
1150 2650 1349 2742 ἀναιροῦντες

125 2753 187 2832 τὰς
207 2752 352 2840 γραφάς,
376 2746 397 2836 ἢ
419 2749 476 2815 τὸν
499 2748 655 2816 θάνατον
677 2752 962 2837 ’καταγγέλλοντες
984 2747 1062 2818 καθ’
1088 2750 1182 2839 ὑμᾶς
1205 2761 1266 2822 τοῦ
1288 2751 1352 2839 ὁμο·

126 2862 241 2922 οοσίου
269 2857 328 2919 τοῦ
358 2850 487 2937 πατρὸς
515 2848 572 2918 καὶ
598 2854 657 2917 τοῦ
680 2847 776 2939 ἀγίοο
797 2852 1003 2937 πνεύματος,
1035 2853 1083 2941 μὴ
1118 2852 1349 2944 ὁμολογοῦντες

39 2961 221 3044 ο.οιι.σαρκὶ
244 2960 458 3023 πεπονθέναι
479 2952 539 3019 τόν
560 2952 727 3040 Χριστόν,
756 2953 813 3021 καὶ
839 2941 940 3039 ἀῦτὴν
961 2958 1020 3021 τοῦ
1042 2958 1183 3044 πατρὸς
1205 2961 1265 3046 τὴν
1285 2958 1352 3025 θιό

123 3085 207 3147 τητα
228 3056 284 3125 καὶ
305 3054 363 3123 τοῦ
387 3052 481 3142 ἀγίου
503 3053 696 3139 πνεύματος
718 3054 823 3142 ἐρεῖτε
845 3056 991 3144 δεκτικὴν
1014 3051 1102 3125 εἶναι
1117 3062 1287 3142 θανάτου,
1307 3057 1351 3125 καί

123 3160 295 3247 *γεγόνατε
317 3155 532 3245 ἀσεβέστεροι
552 3155 688 3224 πάντων
710 3161 778 3224 τιῦν
800 3159 982 3245 αἱρετικῶν.
1022 3154 1119 3246 ὁγὰρ
1136 3162 1292 3241 θάνατος
1304 3163 1350 3245 τῆς

124 3261 245 3346 σαρκὸς
266 3267 378 3346 γέγονε
399 3262 457 3325 τοῦ
482 3254 664 3343 ὁμοοοσίοσ
686 3258 795 3345 λόγου,
819 3256 895 3327 οὐδὲ
916 3259 977 3346 γὰρ
995 3256 1144 3350 ὁπατὴρ
1164 3265 1272 3350 σάρκα
1283 3262 1350 3350 ἐφό-

122 3385 217 3449 ρεσεν
240 3355 376 3427 οὐδὲτὸ
399 3356 493 3446 ἀγιον
515 3363 658 3444 πνεῦμα,
683 3357 728 3440 ὡς
750 3361 887 3428 οἱκατὰ
917 3357 1141 3429 Οῦαλεντῖνον
1167 3361 1351 3452 ἀσεβοῦντα

125 3460 381 3549 φαντάζονται,’
396 3454 464 3526 ἀλλ’
491 3455 509 3525 ὁ
532 3459 629 3545 λόγος
652 3451 737 3547 σὰρξ
757 3460 923 3548 ἐγένετο).
962 3460 1015 3527 διὸ
1037 3457 1138 3546 ἡμεῖς
1163 3461 1350 3551 ὁμολογοῦν-

123 3588 178 3642 τες
199 3562 282 3629 θεὸν
304 3563 358 3628 καὶ
381 3559 567 3647 ἀνθρωττοι
590 3559 648 3627 τὸν
670 3561 820 3649 Χριστὸν
843 3557 881 3628 οὗ
905 3563 1101 3649 διαιρέσεως
1124 3566 1238 3635 ἕνεκεν
1259 3569 1348 3633 ταῦτα

123 3666 277 3751 λέγομεν,
306 3662 350 3749 μὴ
378 3670 524 3748 γίνοιτο,
558 3657 644 3730 ἀλλὰ
664 3664 770 3733 πάλιν
790 3664 874 3730 κατὰ
896 3663 956 3743 τὰς
976 3665 1119 3751 γραφάς,
1146 3668 1208 3735 ἵνα
1229 3668 1348 3741 πάθοις

122 3770 179 3834 καὶ
200 3763 351 3832 θανάτου
373 3772 548 3851 γενομένου
570 3767 624 3832 καί
646 3767 956 3852 καταγγελλομένοο,
979 3765 1096 3853 λάχρις
1119 3759 1163 3834 οὗ
1188 3772 1282 3857 ἔλθη,
1304 3768 1348 3834 ἐπὶ

194 3922 217 3981 1)
236 3922 317 3970 Mauh.
336 3920 377 3982 25,
396 3921 436 3970 31.
506 3922 532 3982 2)
552 3921 632 3972 Massh.
654 3923 677 3985 l,
697 3923 718 3971 1.
789 3922 815 3981 3)
839 3924 906 3972 loan.
934 3923 956 3982 l,
977 3923 999 3973 l.
1070 3923 1097 3978 4)
1120 3926 1143 3973 l·
1165 3927 1230 3976 Tim.
1252 3926 1276 3986 2,
1293 3926 1313 3973 5·
1328 3921 1346 3969 θ·

122 3987 148 4050 ό)
167 3989 236 4039 Rom.
255 3989 279 4049 9,
298 3989 321 4037 5.
392 3989 417 4049 6)
437 3989 460 4037 2.
479 3990 540 4047 Tim.
560 3988 585 4051 2,
604 3989 627 4040 8.
698 3989 986 4052 7)1.c0r.11,26..
1025 3990 1051 4050 8)
1071 3992 1140 4041 Ιοεα.
1167 3995 1190 4053 1,
1212 3996 1249 4043 Η,

157 4105 178 4139 ε.
201 4084 273 4152 λέγει
299 4090 367 4138 deest
394 4090 418 4138 in
442 4091 542 4152 Seguer.
578 4091 630 4139 Mox
649 4092 713 4140 idem
765 4081 1043 4140 πιστεῦοιιε...ἀπό.
1083 4094 1130 4143 Alii
1158 4111 1215 4144 eum
1235 4095 1346 4143 canisae

120 4152 258 4206 habelm'
275 4165 329 4206 ουλε
348 4148 466 4211 ζώντων.
504 4160 637 4211 lacedem
658 4174 713 4208 mox
766 4151 984 4208 σιεόειε...ῦῖιό.

120 4219 168 4270 καί
191 4226 260 4273 deest
284 4234 338 4273 ante
361 4218 429 4272 θεὸν
452 4216 531 4284 ἀληθ.
570 4226 635 4274 infre
655 4229 713 4276 editi
800 4244 821 4276 c.
840 4227 880 4276 Sic
898 4242 982 4277 omnes
1001 4229 1052 4276 sere
1068 4243 1128 4277 mss.
1159 4217 1346 4280 Edieieerus'av-

119 4284 248 4343 καὶπῶς.
286 4293 334 4341 Sed
352 4287 399 4339 καί
416 4294 485 4342 abest
503 4294 712 4356 aSeguer.Gehl.
765 4287 872 4360 δημίας.
912 4295 1002 4343 ibidem
1022 4295 1345 4357 Segu.G0b!er.e1Felckm.

120 4366 145 4408 ει
162 4359 268 4413 Felekm.
288 4361 310 4409 ί.
329 4375 375 4410 nee
392 4361 480 4409 lectum
500 4363 688 4411 estaNannio.
766 4363 787 4411 1.
814 4353 1015 4412 εόασόδεικιον.
1072 4364 1137 4413 Ediei
1171 4357 1344 4413 εὸαπόδιαιιι.

151 4425 177 4473 h.
195 4427 236 4475 Sie
253 4428 393 4487 Seguerian.
414 4429 511 4479 Gobler.
530 4438 554 4493 et
571 4430 676 4478 Felelem.
691 4431 713 4479 1.
764 4430 816 4479 Mox
835 4432 935 4492 Seguer.
955 4430 1068 4480 Gebl.·et
1088 4433 1344 4493 e‘elckm.1.uewpe

117 4489 183 4543 Εδίῑι
200 4508 256 4545 veto
273 4486 358 4560 λόγον
375 4489 405 4547 δὲ
422 4488 498 4546 θεόν.
531 4497 712 4561 ¹InfreSeguer.
762 4491 822 4559 νήν.
859 4499 923 4549 Εδῖιῖ
941 4512 996 4549 νειο
1006 4493 1106 4548 πίστιν
1114 4497 1217 4565 μόνην,
1235 4501 1344 4551 mendose
