2948 5092
512 266 620 311 omaro
636 267 674 309 ru.
691 267 806 311 eoum
820 268 957 311 muros.
1284 255 1347 318 649

117 434 184 487 ιιι.
226 418 568 483 deterrumum
591 427 620 480 et
641 420 705 481 uita
725 427 860 479 aeterno.
904 419 1005 498 ltaque
1032 419 1058 480 si
1080 419 1172 482 Filius
1200 429 1247 482 est
1277 421 1347 495 vita,
1356 438 1433 487 uara.

118 542 202 605 quae
223 522 263 584 ait
283 518 361 600 apud
383 519 511 592 Patrem,
534 538 599 580 curu
622 519 700 580 idom
721 519 849 580 loannes
872 519 963 581 dieat:
986 520 1024 582 Bt
1043 520 1170 585 Verbum
1184 534 1252 585 erut
1267 525 1350 603 opud

119 625 238 695 Dm,
261 621 397 702 sequitur
417 629 451 682 ut
469 620 562 682 Filius
586 639 686 683 revera
708 621 749 684 ait
770 621 914 696 Verbum,
947 624 1027 701 quod
1049 641 1168 704 semper
1189 625 1267 704 apud
1287 624 1348 685 Pa·

120 736 204 789 trem
226 733 281 787 εει.
324 722 363 785 Ut
382 729 481 785 autem
503 722 593 784 Filius
617 722 745 785 Verbum
766 732 822 795 εει,
845 722 886 784 ita
900 724 979 784 [teus
1002 723 1068 803 ipse
1090 731 1138 787 εει
1159 724 1255 788 Pater.
1288 725 1347 787 Co·

121 836 224 891 terum
251 825 342 888 Filius
372 825 536 887 semndum
561 824 703 886 ioannem
731 842 791 885 uon
821 825 918 886 sotum
947 825 1043 900 Deua,
1072 826 1127 889 aad
1153 826 1232 888 [teus
1259 845 1349 889 verus

101 916 183 993 -ἐει,
226 928 299 988 Nam
328 935 360 988 ut
386 927 465 989 idem
487 927 627 1010 ioannes!
644 926 699 988 ait:
726 926 766 988 Et
787 927 868 988 Deua
896 939 963 989 erut
988 926 1127 1002 Verbum,
1156 929 1248 991 Filius
1276 929 1348 990 item
1435 994 1441 1013 1

119 1031 212 1094 dicit:
241 1031 303 1110 Epo
326 1049 392 1091 aum
414 1034 487 1091 vitu.
530 1030 632 1108 ltaque
655 1029 745 1090 Filius
768 1029 894 1090 Verbum
927 1038 956 1091 et
983 1030 1042 1091 vita
1064 1037 1111 1091 εει
1131 1031 1208 1111 apud
1229 1030 1349 1093 Patrem

122 1133 269 1195 existens.
312 1130 468 1193 Praeterea
496 1132 576 1210 quod
603 1132 680 1209 apud
703 1130 829 1193 eundem
851 1131 993 1192 loannem
1013 1131 1136 1212 legitur:
1169 1133 1435 1213 Uaipenr'tuamaa.

122 1234 225 1299 fatas
246 1237 299 1314 qui
324 1245 369 1295 eat
390 1239 422 1296 ia
445 1239 515 1295 εἰιιιι
538 1233 656 1309 Putria,
689 1242 862 1312 argumento
891 1243 937 1294 εει
963 1233 1069 1295 Filium
1095 1254 1214 1314 semper
1242 1235 1348 1297 tuisse.

123 1336 224 1410 Quem
247 1336 324 1397 euim
347 1336 473 1397 loannes
496 1335 600 1396 Filium
622 1335 765 1416 appellat,
794 1335 918 1396 eundem
942 1335 1032 1398 David
1054 1355 1172 1399 manum
1194 1345 1280 1398 vocat
1300 1336 1348 1399 bis

87 1486 89 1491 .
120 1436 236 1499 Psalmi
257 1436 371 1499 verbis:
408 1436 445 1501 Ut
472 1438 543 1518 quid
570 1438 685 1498 avertis
712 1455 834 1497 manum
864 1447 948 1498 tuom
974 1449 1004 1500 et
1033 1438 1187 1501 deuterum
1210 1450 1292 1501 tuum
1315 1441 1349 1501 de

101 1540 222 1613 ,nodio
245 1542 315 1601 aiau
337 1538 414 1602 tuo?
458 1538 657 1611 Quamobrem
685 1537 711 1598 si
739 1556 844 1598 manus
867 1537 907 1599 sit
928 1537 960 1599 in
981 1538 1064 1611 sinu,
1095 1547 1125 1600 et
1146 1540 1237 1601 Pilius
1261 1539 1348 1601 sirni-

87 1658 89 1673 ¹
113 1638 195 1717 fter
216 1638 256 1700 sit
277 1639 307 1700 irr
329 1640 414 1713 sinu,
442 1641 507 1720 ipse
530 1640 618 1720 igitur
638 1639 729 1701 Filius
751 1648 798 1701 εει
819 1656 942 1711 manus,
972 1649 1002 1700 et
1022 1659 1126 1702 marrus
1149 1641 1280 1702 vicissim
1302 1649 1350 1703 εει

107 1740 236 1814 mutus,
271 1760 324 1822 per
345 1761 433 1821 quem
454 1742 542 1803 Pater
564 1741 662 1802 omnia
684 1741 761 1802 fecit.
805 1741 879 1803 Nam
910 1761 1018 1804 munus
1041 1754 1109 1814 tuo,
1140 1742 1249 1821 iuquit,
1276 1743 1350 1822 serit

87 1772 200 1937 *lma
222 1848 330 1914 omniu,
354 1855 384 1904 ει
404 1863 496 1905 mauu
519 1844 622 1906 eduxit
640 1842 798 1925 populum,
820 1861 929 1923 nempe
949 1863 1005 1924 per
1025 1844 1141 1905 filium.
1186 1844 1301 1906 Rursus
1322 1843 1348 1905 εἰ

122 1944 201 2009 hro
220 1950 347 2007 mutatio
370 1946 512 2007 dexterae
534 1945 653 2016 excelsi,
675 1954 705 2006 ει
725 1949 758 2006 ia
779 1946 870 2029 finem
888 1964 950 2027 pro
970 1951 1025 2022 iia,
1048 1951 1102 2028 pur·
1122 1946 1350 2010 commutabun-

123 2056 201 2118 tur,
225 2052 374 2110 canticum
392 2065 453 2126 pro
475 2046 592 2108 Dilecto
600 2066 609 2120 ;
633 2065 701 2108 vere
724 2065 795 2127 ergo
818 2048 882 2128 ipae
903 2048 1032 2141 Dilectus
1055 2067 1160 2109 manus
1183 2058 1244 2122 est,
1276 2067 1352 2127 quae

120 2156 237 2209 mutata
260 2156 320 2222 est,
348 2149 385 2209 de
414 2168 473 2227 quo
501 2148 597 2210 divina
625 2168 742 2228 quoquo
763 2168 821 2210 vox
844 2149 899 2211 ait:
933 2148 991 2213 Hie
1012 2160 1057 2213 ιιι
1080 2151 1176 2213 Filius
1196 2170 1280 2213 meua
1304 2152 1352 2212 di-

124 2249 233 2313 Ῑιιιιιι.
276 2250 358 2325 idem
380 2251 470 2329 igitur
492 2261 666 2313 estmorae
688 2270 753 2314 meu
776 2260 806 2312 ει
827 2252 874 2313 bio
895 2264 941 2316 ιιι
962 2250 1059 2315 Filius
1080 2272 1175 2314 meus.

212 2556 263 2618 27.
306 2554 401 2615 Porro
431 2554 497 2633 quia
526 2555 662 2617 nonnulli
690 2555 819 2635 imperiti
842 2555 948 2616 Filium
977 2573 1045 2617 esso
1073 2563 1215 2634 negantes
1248 2554 1350 2635 parvi-

123 2657 262 2740 pendunt
282 2655 337 2716 ista
359 2655 464 2717 verba:
487 2657 535 2718 Eu
555 2669 644 2719 utero
667 2668 739 2720 uate
754 2656 930 2739 Luciferum
943 2662 1036 2738 penui
1056 2668 1092 2727 te,
1115 2675 1190 2735 quae
1211 2656 1352 2718 nimirum

122 2762 164 2823 do
185 2758 276 2821 Maria
297 2757 400 2819 volunt
422 2757 558 2836 intelligi,
588 2740 727 2839 aiuritque
755 2778 824 2821 eum
846 2777 882 2820 ex
903 2759 994 2821 blaria
1015 2767 1083 2820 aute
1108 2759 1282 2819 matutinum
1304 2758 1350 2820 ai-

122 2862 183 2925 dus
207 2880 274 2923 εεεε
295 2858 442 2939 genitum,
472 2879 527 2920 uec
547 2859 610 2919 lieo
632 2860 752 2922 attribui
773 2880 865 2940 posse
887 2869 1021 2934 uterum3
1052 2878 1144 2940 pauca
1173 2862 1210 2920 de
1230 2860 1278 2920 bis
1302 2858 1350 2921 di·

123 2983 196 3027 oere
225 2962 320 3023 visum
352 2970 397 3022 εει
424 2962 636 3022 necessarium.
686 2962 787 3042 {taque
817 2963 842 3024 si
877 2983 913 3023 eo
941 2961 1022 3042 quod
1054 2970 1155 3023 uterus
1190 2962 1351 3023 humanum

123 3065 266 3145 quiddam
289 3074 350 3136 est,
379 3063 432 3123 Dei
454 3063 582 3124 alienum
611 3083 678 3125 εεεε
699 3064 817 3137 volunt,
846 3063 925 3126 baud
953 3061 1042 3125 dubie
1070 3082 1122 3124 eor
1149 3063 1219 3124 item
1241 3063 1351 3142 aliquid

123 3168 288 3230 humanum
310 3165 464 3244 significat.
510 3165 567 3237 Qui
590 3165 668 3226 euim
690 3184 742 3226 cor
764 3164 868 3240 babet,
902 3174 1018 3227 uterum
1051 3184 1169 3245 quoquo
1191 3166 1254 3226 sive
1276 3148 1355 3227 veuss

124 3276 206 3331 trem
226 3267 332 3328 babeat
353 3285 476 3327 neeesse
499 3275 554 3339 εει,
577 3285 652 3346 quae
675 3266 734 3327 duo
757 3266 858 3349 utique
880 3267 1035 3329 bominum
1057 3265 1189 3328 membra
1210 3276 1296 3342 suut3
1318 3285 1353 3328 ao

123 3368 253 3450 proinde
274 3367 319 3429 vel
341 3376 498 3446 utrumque
523 3377 570 3428 est
592 3368 774 3443 tollendum,
796 3369 842 3431 rel
855 3368 983 3448 quinam
1005 3369 1045 3429 sit
1066 3368 1220 3448 utriusque
1243 3387 1352 3431 sensus

122 3469 363 3547 investigandum
386 3477 441 3529 εει.
486 3469 523 3543 Ut
545 3470 623 3530 enim
647 3489 682 3531 ex
704 3470 794 3545 corde
815 3469 916 3549 prodit
930 3469 1068 3543 Verbum,
1090 3469 1130 3531 ita
1145 3487 1182 3531 ex
1203 3479 1289 3531 utero
1304 3470 1351 3531 fe-

127 3579 178 3633 tus
201 3571 305 3632 oritur.
350 3570 539 3649 Quapropter
561 3571 811 3651 quemadmodum
833 3591 899 3634 oum
921 3589 974 3635 our
994 3570 1057 3633 Deo
1078 3570 1258 3644 attribuitur,
1280 3570 1355 3631 nibil

128 3672 291 3733 humanum
313 3672 486 3751 cogitamus,
509 3673 550 3734 ita
571 3674 598 3735 ai
619 3673 772 3755 Scriptura
793 3674 848 3735 bac
870 3674 999 3736 dictione
1015 3683 1156 3737 caruero
1179 3673 1280 3744 utitur,
1303 3671 1352 3731 ui-

124 3834 150 3876 et
168 3824 307 3886 Seguerian.
325 3819 371 3871 καὶ
394 3818 447 3883 ζωὴ
468 3818 482 3884 ἦ
503 3810 577 3874 οὖσα.
612 3826 641 3889 in
659 3826 714 3875 attio
763 3866 766 3871 .
798 3826 821 3874 d.
841 3825 882 3875 Sic
899 3827 955 3887 Reg.
974 3834 997 3876 et
1014 3826 1113 3887 Segoer.
1147 3829 1176 3874 bt
1196 3824 1236 3874 alii
1255 3832 1279 3874 ει
1296 3822 1356 3873 editi

126 3903 208 3943 autem
228 3901 251 3940 et
270 3892 339 3941 editis
358 3885 372 3951 ἦ
393 3895 467 3942 deest.
503 3894 562 3942 item
581 3892 638 3943 tbtu.
657 3894 714 3956 [ιιι.
764 3884 900 3973 ἐξήγαγες.

127 3968 152 4011 at
169 3961 311 4021 Seguerian.
330 3953 412 4007 πάλιν
434 3955 464 4008 δὲ
488 3955 518 4008 τὸ
536 3952 566 4009 ἐν
583 3952 658 4025 αὐτῷ
674 3958 714 4027 τᾷ
799 3977 820 4011 ε.
839 3976 855 4018 η
874 3962 943 4010 abest
961 3961 1099 4039 abvtngtie.

124 4020 237 4093 Ἰωάννῃ
257 4021 407 4093 εἰρημένον.
442 4029 483 4079 Sia
506 4030 576 4079 etiam
601 4029 671 4079 aaut.
691 4036 716 4079 ιι
799 4029 817 4078 i.
836 4030 894 4089 Bag.
915 4022 956 4083 τὸ,
976 4041 1064 4079 ουτος.

126 4096 229 4173 duplic„
247 4099 289 4145 sed
309 4097 399 4145 omisso
417 4088 507 4145 πάλιν.
542 4096 587 4146 biii
611 4105 635 4145 et
657 4096 715 4147 editi
800 4111 822 4159 g.
840 4096 914 4147 bonit.
939 4106 962 4145 ει
985 4097 1074 4157 bugtic.
1091 4092 1258 4158 γεννῆσθαιι
1285 4106 1354 4141 men·

126 4176 175 4212 m
192 4156 208 4211 ὅ
227 4154 308 4217 αὐτὸς
321 4155 448 4223 Ἰωάννης
464 4158 554 4214 πάλιν.
767 4164 836 4215 roae.
870 4166 914 4214 uu
932 4174 956 4215 ιι
975 4164 1047 4213 carrio
1059 4164 1157 4227 ‚comm
1175 4174 1208 4225 γε
1226 4157 1352 4218 aaroni.

801 4234 825 4282 b.
843 4232 901 4294 Reg.
919 4234 1020 4295 Seguer.
1039 4239 1062 4279 et
1081 4229 1178 4279 Gobler.
1214 4220 1331 4287 ηλινότι.

802 4301 817 4349 ἰ.
844 4300 900 4363 Reg.
914 4308 937 4349 at
954 4302 1025 4361 Saga.
1045 4290 1096 4375 tiu:
1111 4290 1228 4376 καρδίαν
1245 4287 1353 4359 ἔχοντα.

768 4368 812 4417 Atii
832 4377 855 4417 et
872 4368 928 4417 editi
947 4360 998 4426 τὴν
1014 4359 1130 4430 καρδιαν
1147 4377 1253 4429 alona.

803 4436 824 4483 tr.
844 4438 884 4485 sic
909 4437 965 4496 fleg.
983 4436 1083 4497 Sepuer.
1102 4432 1174 4482 basil.
1194 4441 1217 4483 at
1234 4430 1358 4496 trgttear.

769 4504 848 4554 ceter-t
865 4512 945 4553 autam
963 4508 987 4553 et
1003 4500 1060 4553 adiri
1073 4493 1152 4564 λέγει.

162 4280 185 4316 ο.
203 4264 243 4315 Sic
268 4267 323 4328 bag.
343 4270 442 4326 Seguer.
462 4266 533 4315 basii.
554 4275 576 4314 ει
591 4266 714 4327 buglican.

126 4334 174 4385 Atii
185 4349 239 4383 raro
259 4343 283 4383 et
298 4335 355 4384 editi
371 4328 442 4397 λέγει
456 4324 590 4393 Ἰωάννης.
625 4335 718 4383 ibidem

128 4403 187 4464 bag.
212 4410 236 4453 at
259 4402 359 4463 Seguer.
384 4394 481 4465 ψάλλει
504 4398 597 4466 λέγων.
636 4400 717 4451 Ceteri

124 4464 328 4536 editiqufflyet.
