2948 5092
447 270 736 319 ninomcoxraa
748 271 885 318 causor.
1219 257 1283 323 863

61 427 156 510 priora
176 443 242 492 nott
262 432 399 499 manent,
422 425 475 487 secl
497 432 687 493 evanescunt.
731 423 824 485 Cuius
845 423 889 485 rei
912 422 986 485 haec
1006 442 1096 485 cansa
1118 433 1179 497 est,
1202 425 1368 506 quodnam

59 528 175 592 boram
196 537 315 608 patros,
337 517 406 588 oum
424 526 562 603 homines
579 526 664 599 sint,
686 525 780 586 lluxas
802 524 911 587 hahent
932 517 1044 587 aetates
1066 525 1195 607 aliasque
1216 527 1283 589 aliis

57 629 253 694 comedentes
274 626 481 707 cogitationes,
502 645 537 690 ac
558 627 655 707 qualia
676 626 736 709 ipsi
757 627 888 705 cogitant
909 635 940 689 et
960 626 1148 700 meditantur,
1171 628 1239 690 talia
1254 638 1285 693 et
1399 642 1407 660 ·

55 731 238 817 loquantum
260 748 320 811 qno
342 729 384 801 ht,
406 737 440 791 ut
461 729 551 791 multa
573 727 702 791 habeant
722 728 830 802 rerba,
852 727 1022 808 nullumque
1045 736 1143 791 tamen
1164 729 1283 793 illorum

55 824 160 912 postea
183 832 329 912 supersit.
373 830 448 892 Cum
464 831 555 900 ,enim
582 831 625 904 is,
654 829 704 909 qui
726 830 871 910 loquitur,
899 830 1029 904 siluerit,
1058 848 1162 893 eorum
1183 832 1284 897 statim

56 933 156 996 deficit
178 932 313 996 verbum.
357 933 411 995 uei
432 942 529 994 autem
545 931 671 994 Verbum
691 950 782 994 unum
805 940 835 992 et
856 931 934 993 idem
957 941 1014 1005 est,
1035 940 1067 993 et
1086 939 1119 994 nt
1139 933 1283 1013 scriptum
1354 951 1361 959 ·

56 1043 112 1097 est:
151 1033 281 1099 Verbum
309 1033 367 1097 Dei
390 1038 424 1096 a'n
451 1033 606 1096 succubam
625 1046 799 1114 perinnoet,
829 1051 885 1095 nec
905 1040 1050 1107 mutatur,
1077 1051 1136 1096 nee
1153 1033 1283 1114 primum

56 1142 103 1197 aut
124 1134 294 1197 amandum
317 1142 374 1208 est,
396 1134 450 1196 sed
473 1134 551 1195 idem
574 1151 693 1213 semper
709 1134 817 1197 existit.
861 1134 973 1214 Nempe
987 1133 1181 1197 conveniebat
1196 1136 1283 1199 unius

55 1229 105 1298 bei
127 1253 222 1298 unam
245 1255 314 1299 ease
337 1235 504 1314 imaginem,
526 1253 619 1297 unum
640 1234 779 1309 Verbum,
802 1253 889 1298 unam
912 1236 1098 1320 sapientiam.

139 1541 195 1604 37.
239 1536 384 1611 Quocirca
413 1555 475 1599 non
497 1554 622 1617 possum
644 1554 706 1598 non
727 1535 844 1609 mirari,
867 1536 1032 1616 quomodo,
1055 1555 1121 1600 cum
1144 1557 1220 1602 unus
1243 1541 1284 1604 sit

56 1639 150 1713 bens,
185 1636 228 1700 iili
256 1656 312 1718 pro
343 1643 406 1700 suis
434 1639 612 1700 commentis
640 1637 746 1700 multas
775 1636 933 1716 imagines,
962 1638 1122 1717 sapientias
1144 1649 1173 1702 et
1194 1641 1283 1705 rerba

56 1741 206 1812 inducant,
228 1739 366 1820 aliudque
389 1740 479 1803 relint
501 1759 568 1802 esse
590 1739 745 1820 proprium
768 1759 803 1801 ac
823 1739 957 1801 naturale
976 1739 1072 1802 Patris
1089 1740 1229 1816 Verbum,
1250 1742 1282 1804 in

56 1861 111 1923 qno
126 1840 279 1904 etlilium
293 1840 407 1914 iecerit,
422 1858 511 1920 quem
523 1840 628 1903 Filium
643 1859 746 1903 rerum
763 1840 827 1902 sola
842 1840 1020 1920 cogitatione
1034 1841 1162 1903 Verbum
1177 1850 1283 1922 putant

57 1943 213 2026 appellari,
243 1950 276 2004 ut
296 1941 403 2016 vitem,
433 1943 525 2014 riam,
555 1943 671 2004 ianuam
694 1950 724 2002 et
745 1941 856 2020 lignum
878 1942 963 2003 ritae.
1008 1941 1189 2022 Sapientiam
1210 1945 1366 2007 tremens

57 2044 175 2107 nomina
197 2051 286 2105 mnus
308 2061 375 2105 eum
397 2043 454 2106 dici
477 2045 602 2116 docent,
633 2043 777 2123 aliamque
805 2044 955 2124 propriam
984 2063 1018 2108 ac
1039 2062 1136 2107 reram
1160 2047 1281 2127 sapien·
1387 2119 1395 2131 ,

57 2147 123 2209 tiam
144 2145 244 2208 Patris
266 2162 345 2217 esse,
370 2164 427 2207 una
449 2164 515 2208 cum
538 2146 606 2226 ipso
630 2145 806 2208 existentem
829 2164 885 2208 nec
905 2155 1004 2207 tamen
1017 2146 1155 2225 genitam,
1178 2147 1209 2210 in
1224 2166 1283 2229 qna
1327 2194 1332 2207 .
1380 2158 1383 2164 ’

57 2248 160 2310 lacteam
185 2256 216 2308 et
236 2245 335 2327 ipsum
357 2246 464 2308 Filium
486 2246 660 2327 sapientiam
682 2261 801 2326 quoque
819 2246 982 2327 appellarit,
1006 2255 1040 2308 ut
1053 2249 1104 2328 qui
1119 2248 1283 2329 sapientiae

57 2349 130 2412 ilius
154 2349 417 2428 essetparticaps.
461 2349 550 2413 llaec,
561 2367 653 2428 porro
675 2367 736 2410 non
759 2349 856 2420 solum
879 2368 950 2411 rone
972 2350 1106 2430 prolerre
1122 2351 1187 2413 ansi
1202 2360 1281 2427 sunt,

58 2451 105 2514 sed
135 2460 165 2512 et
196 2449 284 2511 brius
312 2451 343 2521 in
372 2469 426 2513 sua
459 2450 551 2512 edidit
582 2450 701 2525 Thalia,
735 2460 765 2512 et
794 2451 932 2531 sophista
954 2451 1106 2523 Asterius,
1138 2458 1173 2514 ut
1193 2451 1282 2515 etiam
1449 2442 1460 2455 ⁴

58 2556 167 2632 *supra
189 2550 352 2625 attulimus,
375 2551 407 2613 in
428 2552 507 2612 hunc
529 2546 650 2631 scripsit
672 2551 808 2613 modum:
833 2552 925 2625 „Non
949 2551 1022 2614 (lixit
1042 2551 1146 2613 beatus
1161 2553 1282 2627 Paulus,

58 2671 112 2725 „se
133 2652 287 2715 Christum
310 2653 403 2732 ipsam
426 2648 477 2714 bei
502 2653 639 2715 virtutem
663 2654 708 2714 vel
726 2653 819 2732 ipsam
835 2653 888 2715 Ile-i
910 2653 1084 2732 sapientiam
1099 2653 1281 2732 praedicare,

59 2754 134 2827 „sed
156 2753 224 2815 sinc
246 2755 422 2833 pronomine
435 2755 581 2840 'virtutem
603 2755 656 2816 Dei
679 2764 709 2816 et
729 2755 782 2817 Dei
810 2753 1000 2834 sapientiam,
1030 2753 1174 2833 aliamque
1203 2755 1282 2816 idem

58 2856 213 2927 „ostendit
244 2874 315 2918 esse
344 2857 481 2918 virtutem
497 2856 563 2917 .l)ei
593 2857 745 2936 propriam
774 2865 804 2918 et
832 2855 1011 2928 naturalem,
1045 2874 1120 2934 quae
1152 2874 1213 2917 non
1241 2857 1283 2918 sit

58 2957 194 3037 „genita,
217 2957 273 3018 sed
296 2961 353 3018 una
376 2974 441 3018 cum
464 2956 514 3018 illo
536 2959 659 3032 existat,
688 2976 763 3036 quae
785 2965 814 3018 et
835 2956 960 3036 genitrix
985 2956 1040 3029 sit,
1063 2955 1174 3017 Christi
1196 2956 1280 3018 vide·

58 3059 150 3131 „licet
172 3069 203 3119 et
225 3059 317 3120 totius
339 3058 441 3121 mundi
463 3059 600 3132 creatrix,
623 3060 660 3121 de
682 3078 739 3137 qua
762 3059 797 3119 ad
816 3058 966 3119 Romanos
989 3058 1029 3118 ita
1052 3055 1169 3118 scribit:
1193 3057 1282 3119 loai-

58 3160 183 3234 „rabili‘u
211 3163 290 3242 enam
317 3164 414 3240 ipsiius
441 3179 480 3222 ec·
507 3165 660 3224 erectione
686 3161 793 3222 mundi·
816 3177 873 3239 per
900 3177 953 3234 eo,
987 3178 1064 3240 quoe
1089 3159 1279 3238 factasunt,

58 3261 236 3334 „intellecto
258 3265 500 3341 conspiciuntur,
524 3267 709 3343 sempiterno
731 3279 845 3340 quoque
869 3264 932 3322 eius
954 3263 1056 3325 oi'rtits
1078 3270 1108 3321 et
1126 3260 1280 3324 diuinitus.

116 3479 133 3513 *
156 3483 212 3531 Vite
228 3497 251 3546 p.
270 3479 328 3531 ⁴36.
348 3477 383 3547 [p.
396 3479 453 3530 tlt.
474 3483 543 3530 bitias
563 3480 611 3544 em]
629 3496 691 3530 num.
704 3478 745 3529 32.
763 3482 804 3530 ubi
819 3495 862 3544 pro
882 3479 1042 3529 disiunctione
1060 3481 1110 3610 laps
1127 3479 1281 3529 adiunctione

55 3552 156 3600 videlieet
175 3551 269 3599 articuli
287 3541 347 3608 triv,
367 3565 433 3613 quem
452 3551 488 3599 bic
504 3551 640 3617 pronomine
658 3549 735 3612 ipsam
755 3549 871 3597 commode
890 3550 1048 3612 exprimimus.
1094 3547 1156 3597 llaec
1173 3549 1282 3597 merodo-

55 3618 352 3749 lilibibblb'mlbilelwm
369 3622 460 3681 recepto
478 3624 519 3666 eit.
537 3617 736 3680 inteolegebotur
747 3617 788 3665 lin.
800 3615 823 3666 ⁵.
839 3631 853 3665 o
870 3616 931 3677 fine:
949 3616 992 3665 sed
1011 3616 1102 3679 absquo
1120 3614 1282 3665 disiunctione
1378 3622 1384 3634 ³

53 3811 155 3866 ἑαυτοῦ.
190 3819 246 3879 lieg.
265 3808 357 3867 αὐτοῦ.
391 3817 453 3867 illiti
471 3826 495 3866 ct
513 3818 554 3867 alii
572 3808 639 3865 ἀλλὰ
691 3818 780 3868 hahent
798 3809 953 3882 ἇγεννῆσως
970 3824 994 3866 at
1009 3809 1177 3881 γεννητοκήν,
1200 3823 1225 3865 ut
1244 3815 1280 3864 le·

50 3878 148 3950 Ἄρειος
165 3878 196 3934 ἐν
213 3885 245 3952 τῇ
264 3878 356 3933 αὐτοῦ.
691 3885 793 3948 gendum
813 3901 867 3935 esse
885 3885 985 3947 ridetur,
1004 3899 1057 3934 cum
1077 3885 1136 3933 haec
1149 3883 1221 3932 dictio
1235 3898 1280 3946 op·

81 3970 105 4016 g.
124 3957 225 4016 Segner.
245 3953 344 4004 Gobler.
356 3952 493 4002 etFelelm.
515 3953 536 4001 l.
555 3944 571 4011 ἢ
589 3947 640 4012 τὴν
689 3962 794 4018 ponatur
807 3954 916 4017 sequenti
930 3953 1029 4002 dictioni
1041 3943 1280 4017 oapwupyrairvp‘i

49 4021 116 4071 beari
139 4016 263 4086 σοφίαν,
289 4011 371 4078 ἄλλον
391 4015 445 4085 μὲν
466 4007 544 4069 εἶναι.
585 4021 639 4071 linx
691 4018 739 4068 τοῦ
757 4014 861 4074 παντὸς
876 4013 982 4087 κόσμου
999 4028 1045 4071 etc.
1074 4020 1183 4082 Namque
1201 4018 1280 4067 Ariani

50 4089 155 4140 ielckm.
173 4090 197 4138 ὁ.
216 4080 291 4137 ἰδίαν
307 4078 392 4136 αἰτοῦ
416 4083 541 4152 δύναμιν.
578 4088 638 4138 lhid.
692 4089 777 4139 Filium
793 4103 890 4153 quoqne
903 4089 1000 4138 aiebant
1012 4102 1067 4137 esse
1078 4082 1211 4151 γέννημα,
1225 4074 1278 4132 ἀλλ’

48 4158 150 4220 Vegaer.
168 4158 225 4218 lieg.
245 4157 320 4206 ilarii.
337 4157 426 4218 anglie
447 4156 550 4206 fetrum.
569 4156 593 4206 t.
616 4165 640 4206 et
691 4148 741 4222 οὐχ
759 4149 796 4209 oio·
813 4149 844 4206 ἓν
859 4148 1045 4222 γεννημάτων.
1070 4156 1280 4216 Vidssuprapag.

47 4225 71 4276 5.
88 4218 142 4285 τὴν
158 4217 292 4290 ἔμφυτον.
321 4223 365 4274 atii
389 4233 413 4273 at
430 4225 503 4274 editio
521 4224 638 4274 Commel.
690 4224 747 4274 486.
773 4220 815 4289 [p.
837 4223 895 4274 322.
923 4225 994 4274 huius
1020 4221 1071 4286 etl]
1099 4236 1166 4271 num.
1194 4219 1232 4269 ts.
1257 4227 1281 4270 at

48 4287 99 4352 asir
115 4285 244 4358 ἔκφυτον.
274 4291 408 4341 ltenrihirl.
426 4292 526 4354 Segaor.
545 4283 639 4355 ἀγενῆ·
691 4293 867 4341 Praelationam
886 4291 1023 4354 generalem
1043 4286 1079 4356 [p.
1099 4288 1168 4338 xxti.
1187 4282 1234 4352 3.].

45 4373 102 4415 σοις
128 4351 321 4426 οιγενηεαήν.
360 4359 425 4408 idem
455 4368 534 4409 tamen
582 4360 637 4408 aulo
723 4360 922 4423 h.Siechoer.
941 4359 1038 4410 Goblsr.
1057 4355 1164 4408 Felclm.
1185 4352 1281 4405 tert

45 4438 118 4480 antea
136 4430 210 4480 habat
226 4442 281 4478 cnm
300 4427 355 4477 aliis
369 4441 427 4477 mss.
441 4434 465 4476 et
477 4428 547 4476 aditis
560 4374 638 4490 lyn-
688 4428 721 4504 bt
741 4427 781 4476 alii
807 4437 831 4478 et
854 4429 911 4478 editi
942 4427 1055 4478 omittant
1084 4414 1138 4471 nini
1167 4416 1282 4477 κτίσεως

41 4490 145 4558 νέους.
180 4496 261 4549 Ceteri
283 4509 372 4546 omues
395 4509 453 4546 mss.
477 4495 517 4546 hic
540 4509 637 4560 quoqne
688 4504 803 4561 κοσμοο.
