2948 5092
93 237 158 309 284
473 245 694 299 ,mmm
706 242 932 293 ικανιτειεοονι

9 401 133 474 mo&
154 395 231 487 παρ’
257 394 375 480 αὐτῶν,
399 403 487 487 φέρε,
511 395 616 465 πόλιν
638 391 905 477 ἐπαναλαβόντες
919 391 977 460 τὸν
991 396 1069 461 νοῦν
1084 395 1152 460 τῶν
1166 416 1330 482 προειρη-

93 507 201 588 μένων
222 498 300 579 τοὺς
320 501 380 585 μέν
402 496 544 576 πιστοὺς
565 492 825 580 ῦπομνήσωμεν,
851 492 989 572 τούτους
1011 495 1049 561 δλ
1069 494 1249 574 ’δείξωμεν
1271 493 1331 563 καὶ

95 603 132 684 ίξ
154 601 291 673 ἑκάστου
313 600 439 669 τοῦτων
460 593 539 686 μηδ’
565 594 651 676 ὅλως
673 595 796 665 εἰδέναι
816 593 874 661 τὸν
896 595 1171 683 Χριστιανισμόν.
1218 596 1251 666 εί
1264 596 1328 685 γὰρ

96 703 286 791 ίγίνωσκον,
309 696 368 770 οῦκ
389 697 429 769 ἀν
452 699 589 778 ἑαυτοὺς
611 697 795 767 συνέκλειον
818 697 866 776 είς
886 696 946 783 τὴν
973 700 1059 767 Ι’τῶν
1081 702 1139 766 νῦν
1158 695 1328 768 Ἰουδαίων

96 799 257 881 ἀπιστίαν
265 809 301 885 ¹),
335 797 404 870 ἀλλ’
430 802 615 890 ἐρωτῶντες
636 798 841 884 ἐμάνθανον,
872 794 926 865 ὅτι
954 798 988 867 έν
1010 794 1091 887 ἀρχῇ
1113 789 1152 888 ἦν
1176 796 1194 867 ό
1217 802 1327 888 λόγος,

95 906 153 979 καὶ
174 902 193 972 ῦ
215 905 312 992 λόγος
332 895 371 992 ήν
392 903 479 992 πρὸς
500 902 557 970 τὸν
579 900 672 980 θεόν,
694 898 750 971 καὶ
771 899 854 979 θεὸς
874 889 914 986 ήν
937 896 956 966 ό
978 900 1123 987 λόγος’)·
1146 897 1204 970 ὅτε
1221 903 1259 971 δὲ
1274 897 1330 971 εῦ·

97 1008 297 1098 ἀσκήσαντος
318 1009 378 1075 τοῦ
398 1005 527 1092 πατρὸς
549 1002 568 1071 ό
594 1002 691 1089 λόγος
721 996 839 1081 ἀὐτὸς
863 1007 993 1088 γέγονεν
1021 1001 1219 1089 ἄνθρωπος’,
1251 1003 1330 1074 τότε

97 1109 233 1189 εἰκότως
260 1109 390 1199 εἴρηται
414 1110 493 1194 περὶ
522 1101 622 1176 αῦτοῦ
651 1102 745 1188 παρὰ
773 1104 834 1188 μέν
856 1107 915 1170 τοῦ
934 1098 1084 1172 Ἰωάννου
1105 1103 1165 1172 11τὸ
1188 1104 1206 1172 ὁ
1229 1106 1330 1193 λόγος

32 1207 34 1224 ’
98 1209 184 1297 σάρξ
204 1210 375 1297 ίγένετο’),
403 1207 498 1295 παρὰ
526 1209 563 1274 δέ
584 1209 642 1272 τοῦ
664 1210 813 1292 Πέτρου·
835 1205 948 1291 κόρων
968 1208 1025 1273 καλ
1045 1206 1196 1293 Χριστὸν
1226 1202 1329 1277 αὐτὸν

97 1311 275 1400 έποίησεἸ,
298 1309 354 1378 καὶ
376 1309 432 1377 διὰ
452 1310 512 1394 μὲν
533 1308 749 1391 οΣολομῶνος
764 1304 810 1387 ὡς
824 1301 902 1393 παρ’
920 1301 1021 1375 αῦτοῦ
1038 1310 1097 1375 τοῦ
1118 1314 1249 1395 κυρίου·
1271 1308 1330 1376 κῦ·

96 1437 170 1499 ριος
193 1414 300 1481 έκτισί
320 1438 363 1496 με
385 1405 484 1497 ἀρχὴν
506 1407 592 1477 ὁδῶν
615 1403 715 1476 αῦτοῦ
738 1408 786 1488 είς
809 1409 887 1496 ἔργα
908 1404 1057 1492 αῦτοῦ5),
1086 1409 1181 1497 παρὰ
1209 1412 1247 1487 δὲ
1269 1414 1330 1477 τοῦ

96 1514 252 1581 Παύλου·
280 1512 430 1597 τοσοότῳ
452 1519 606 1597 κρείττων
627 1510 801 1597 γενόμενος
822 1513 889 1578 τῶν
911 1505 1099 1598 ἀγγέλων“),
1129 1515 1184 1579 καί
1206 1511 1329 1581 πάλιν·

98 1614 216 1682 ἑαυτὸν
240 1613 377 1681 έκένωσε
397 1613 530 1702 μορφήν
553 1606 671 1679 δούλου
693 1611 848 1698 λαβών7),
872 1616 925 1680 καλ
947 1603 1079 1692 ἀὖθις
1110 1610 1212 1698 ὅθεν,
1232 1609 1330 1682 ἀδελ-

98 1718 158 1804 φοὶ
180 1712 280 1802 ἀγωι,
303 1715 448 1802 κλήσεως
470 1716 671 1801 ἐπουρανίου
691 1720 835 1799 μέτοχοι,
857 1713 1081 1803 κατανοήσατε
1101 1715 1161 1782 τὸν
1178 1711 1332 1785 ἀπόστο-

97 1817 156 1886 λον
183 1820 237 1885 καὶ
265 1811 417 1903 ἀρχιερέα
443 1819 503 1903 τῆς
530 1813 707 1903 ὁμολογίας
732 1811 826 1902 ήμῶν
853 1811 992 1904 *Ἰησοῦν
1019 1816 1143 1885 πιστὸν
1171 1814 1255 1885 ὄντα
1281 1823 1330 1905 τῷ

97 1918 279 2005 ποιήσαντι
301 1912 448 1999 αότόνἽ·
469 1917 512 1986 τὰ
532 1922 673 1986 τοιαῦτα
693 1917 755 2005 γὰρ
776 1918 889 1986 πάντα
903 1917 986 2006 ῥητὰ
999 1918 1057 2005 τήν
1073 1913 1175 2007 αῦεήν
1190 1919 1259 2003 ἔχει
1273 1920 1332 1988 δό-

97 2044 197 2106 ναμιν
219 2019 274 2089 καὶ
297 2021 464 2100 διάνοιαν,
487 2022 678 2106 βλέπουσαν
701 2020 748 2099 είς
770 2015 938 2106 εὐσέβειαν
958 2019 1016 2086 καὶ
1037 2019 1250 2089 δεικνύουσαν
1271 2021 1332 2109 τὴν

97 2121 246 2211 θεότητα
266 2125 326 2189 τοῦ
348 2122 522 2208 λόγουκαὶ
544 2120 587 2190 τὰ
609 2117 834 2209 ἀνθρωπίνως
856 2120 1014 2207 λεγόμενα
1035 2125 1114 2207 περὶ
1136 2116 1249 2205 οῦτοῦ,
1273 2123 1333 2194 διὰ

98 2223 138 2293 τό
166 2227 387 2312 ΙΙγεγενῆσθαι
416 2219 516 2292 αῦτὸν
544 2222 600 2291 καὶ
627 2222 699 2291 υἱὸν
726 2219 921 2309 ἀνθρώπου.
965 2226 1020 2290 καὶ
1049 2223 1079 2291 εἰ
1107 2227 1161 2292 καὶ
1185 2218 1331 2314 αὐτάρκη

97 2328 203 2395 ταῦτα
224 2325 311 2414 πρὸς
333 2320 506 2406 ἀπόδειξιν
527 2319 601 2393 κατ’
633 2319 756 2407 σῦτιῦν,
786 2321 877 2409 ὅμως
905 2324 1019 2413 ἐπειδὴ
1046 2326 1091 2410 μό
1115 2329 1271 2406 νοοῦντες
1292 2327 1331 2394 τὸ

98 2427 194 2514 παρὰ
213 2431 272 2496 τοῦ
289 2423 479 2496 ἀποστόλου
498 2426 682 2513 λεγόμενον,
705 2427 762 2494 ἵνα
775 2426 895 2494 τούτου
910 2431 1044 2513 πρῶτον
1058 2430 1211 2514 μνησθῶ,
1236 2435 1333 2514 νομί·

99 2529 211 2611 ζουσιν
234 2533 268 2596 ἓν
289 2532 357 2595 τῶν
379 2528 575 2616 ποιημάτων
599 2523 685 2596 εἶναι
706 2527 765 2594 τὸν
787 2531 845 2595 τοῦ
859 2533 943 2595 θεοῦ
959 2528 1066 2614 λόγον,
1090 2528 1200 2595 διὰτὸ
1215 2530 1332 2617 γεγρά-

99 2637 207 2718 φθαι·
230 2630 353 2697 πιστὸν
376 2627 456 2698 όντα
469 2633 517 2715 τῷ
532 2630 714 2717 ποιήσαντι
729 2625 838 2709 αῦτόν,
863 2626 1039 2715 ἀναγκαῖον
1054 2626 1238 2717 ἰἡγησάμην
1254 2635 1332 2698 τοῦ·

97 2756 137 2800 το
152 2732 256 2801 πάλιν
277 2734 432 2819 λέγοντας
453 2727 573 2811 αῦτοῦς
589 2731 767 2818 ἐντρέπειν,
791 2729 901 2817 ὥςπερ
916 2731 972 2799 καὶ
987 2731 1021 2799 ἐν
1035 2743 1107 2811 τοῖς
1122 2731 1190 2818 πρὸ
1204 2732 1331 2800 τούτων

99 2832 261 2920 ἐλέγομεν,
283 2833 528 2919 ιλαμβάνοντες
549 2829 627 2919 παρ’
652 2828 760 2899 αὐτῶν
782 2834 821 2899 τὸ
843 2835 964 2921 λῆμμα.

184 2943 213 3004 2.
259 2935 302 3003 Εἰ
321 2937 382 3020 μὲν
404 2926 478 3003 Ιοῦν
501 2931 559 3002 οῦκ
580 2936 669 3003 ἔστιν
691 2934 782 3014 υἱός,
805 2936 956 3020 λεγέσθω
978 2934 1034 3002 καὶ
1055 2941 1195 3020 ποίημα,
1220 2935 1332 3003 πάντα

99 3062 136 3106 τε
156 3036 199 3104 τὰ
221 3036 367 3105 ἐπὶτῶν
389 3037 586 3126 ποιημάτων
608 3042 859 3124 κατηγορείσθω
873 3036 930 3103 καὶ
944 3031 999 3103 ἐπ’
1025 3031 1136 3115 οῦτοῦ,
1159 3039 1213 3103 καὶ
1230 3037 1332 3122 μόνος

98 3137 144 3226 μή
167 3141 318 3226 λεγέσθω
342 3139 427 3220 υἱός,
456 3138 501 3228 μή
524 3139 635 3226 λόγος,
664 3136 710 3224 μή
733 3144 852 3225 σοφία,
882 3141 935 3205 καὶ
960 3133 1118 3217 αῦτὸςδὲ
1141 3134 1159 3204 ό
1181 3139 1265 3218 θεὸς
1285 3139 1331 3228 μή

99 3241 250 3326 λεγέσθω
272 3241 382 3327 πατήρ
405 3235 490 3308 ἀλλά
510 3241 613 3327 μόνον
636 3239 833 3328 δημιουργός
853 3243 907 3306 καὶ
923 3247 1055 3327 κτίστης
1068 3241 1136 3306 τῶν
1150 3245 1333 3325 γινομένων

97 3337 161 3411 ἀπ’
185 3337 296 3423 οῦτοῦ,
319 3344 374 3408 καὶ
390 3342 474 3410 έστω
496 3339 591 3432 ήμὲν
612 3348 718 3420 κτίσις
740 3340 835 3408 είκών
856 3340 913 3409 καὶ
925 3340 1087 3426 χαρακτὴρ
1101 3345 1160 3427 τῆς
1175 3343 1334 3429 δημιουρ-

98 3447 190 3533 γικῆς
206 3442 395 3529 βουλήσεως
416 3442 527 3525 αὐτοῦ,
550 3440 651 3524 αῦτὸς
673 3445 710 3510 δέ
730 3437 805 3510 κατ’
831 3442 973 3521 ἐκείνους
986 3442 1030 3531 μή
1047 3442 1131 3509 έστω
1146 3447 1335 3531 γεννητικῦς

101 3544 244 3634 φύσεως,
268 3542 313 3624 ὥς
335 3570 372 3612 τε
385 3549 444 3631 τῆς
459 3546 547 3625 ίδίας
564 3543 680 3625 οῦσίας
701 3539 829 3612 ·αῦτυῦ
844 3545 888 3633 μή
906 3540 992 3612 εἶναι
1006 3544 1111 3630 λόγον,
1134 3543 1180 3632 μή
1196 3552 1332 3632 σοφίαν,

15 3683 92 3731 ano.
100 3646 145 3733 μή
169 3642 200 3714 δ’
226 3644 312 3726 ὅλως
334 3647 452 3715 εἰκόνα.
498 3649 528 3716 εί
548 3647 610 3734 γὰρ
631 3648 676 3736 μή
700 3647 790 3715 ἐστιν
813 3646 893 3727 υἱός,
921 3643 998 3714 οῦδὲ
1021 3647 1124 3714 εἰκών.
1168 3645 1213 3734 μή
1237 3643 1335 3728 ὄντος

170 3905 400 3966 1)n0m.11,32.
454 3905 564 3964 2)1oan.
587 3907 609 3966 Ι,
630 3907 652 3956 l.
705 3904 731 3967 3)
748 3907 816 3957 loun.
836 3907 860 3963 1.
881 3906 920 3956 14.
972 3904 1169 3968 mame.
1218 3904 1335 3967 bjProv.

99 3973 184 4039 8,22.
254 3974 280 4033 6)
298 3975 371 4024 Βοῦν.
392 3975 414 4036 1,
433 3973 457 4023 4.
529 3974 633 4034 7)Ροί1.
653 3972 720 4034 λ,7.
789 3974 816 4034 8)
837 3972 953 4034 Πελεθ,
974 3972 1039 4024 ¹.2.

132 4159 155 4194 τ.
173 4144 231 4207 δερ,
248 4135 410 4208 διδάξωμεν.
449 4144 547 4195 Gobler.
566 4152 590 4195 τι
604 4144 691 4195 Felek·
775 4144 799 4194 b.
817 4143 859 4194 Sic
875 4144 976 4205 Segner.
994 4143 1051 4206 λος.
1065 4141 1205 4193 Felckm.2.
1224 4142 1248 4193 ί,
1267 4141 1293 4194 5.
1312 4150 1337 4194 εί

100 4226 163 4267 τινα
179 4212 201 4263 1.
227 4204 315 4269 διάξω
369 4246 375 4259 .
420 4212 477 4275 λος.
501 4201 690 4279 ἀποδείξομεν.
741 4211 816 4262 editio
833 4212 979 4262 commelin.
1014 4211 1042 4261 ίσ
1063 4211 1118 4261 aliis
1142 4220 1166 4261 et
1192 4211 1264 4262 οδίιίι
1281 4208 1338 4259 νῦν

99 4280 144 4338 Alii
172 4288 195 4330 εῑ
218 4281 276 4330 edin
320 4274 442 4345 εόξαμεν.
480 4281 572 4331 Ibidem
590 4282 690 4340 sepner.
740 4279 817 4330 διεει

100 4347 199 4401 Goblor.
223 4356 247 4398 ει
265 4349 370 4399 ΡεΙελω.
393 4349 413 4399 1.
438 4356 462 4397 ει
478 4348 503 4399 4,
525 4343 572 4397 καὶ
589 4340 618 4406 ίξ
632 4341 691 4397 ἱκά-
775 4363 795 4396 t.
814 4347 872 4409 λος.
896 4355 921 4397 ει
938 4346 1042 4398 Felekm.
1056 4347 1080 4397 5.
1105 4338 1121 4394 ό
1138 4338 1221 4410 λόγος
1237 4337 1334 4397 οῦτοῦ,

100 4424 168 4464 στου
183 4409 299 4472 τούτων,
318 4430 380 4480 ροσε
397 4416 486 4467 desunt
503 4419 528 4468 in
545 4418 603 4482 aeg.
626 4417 690 4468 editi
740 4415 832 4465 Ibidem
852 4418 951 4477 ὃεςοετ.
970 4415 1066 4466 Gohler.
1086 4415 1225 4467 etfolckm.
1238 4416 1260 4468 1.
1275 4407 1336 4482 έγέ·

100 4489 125 4532 ει
141 4481 182 4534 ulii
197 4477 245 4532 καὶ
260 4474 378 4534 {tuam
394 4474 518 4545 ταῦτα,
739 4495 802 4535 νοτε
821 4475 977 4550 δόρατος.
