2948 5092
484 278 762 326 animoteonesta
776 278 912 325 munos.
1108 347 1113 363 Ι
1246 266 1307 331 187

74 432 102 493 si
122 431 194 512 ipse
215 448 280 493 uon
300 437 406 494 estex
428 430 585 505 omnibus,
609 431 646 492 dc
667 430 823 520 illexneias
846 439 894 492 est
916 431 1032 494 dicere:
1059 432 1129 495 Fuit
1150 433 1307 515 aliquando
1315 448 1393 495 uste

73 552 141 597 urm
167 550 233 597 non
260 542 343 597 esset
369 539 401 596 et
426 532 494 595 Non
522 541 585 595 erat
612 539 770 613 autequam
797 541 980 596 nasceretur.
1023 534 1200 599 Huiusmodi
1227 535 1309 599 enim

73 653 163 698 voees
187 634 224 697 de
247 635 333 698 saetis
355 634 477 716 quidem
497 635 589 697 rebus
613 643 681 715 apte
701 642 901 716 usurpantur3
924 644 954 698 at
975 635 1041 717 ipse
1055 636 1148 699 Filius
1171 638 1236 700 talis
1253 646 1309 713 est,

75 738 171 818 qualis
193 737 292 811 Pater,
315 736 400 800 euius
421 745 544 800 naturae
565 738 706 818 proprius
728 755 847 817 quoque
870 746 917 800 est
938 738 1026 809 letus,
1049 738 1178 817 Verbum
1200 759 1235 802 ac
1251 730 1307 804 Sa-

75 839 198 921 pientia.
239 838 376 920 Namque
396 839 426 901 id
445 839 601 920 preprium
623 847 669 900 est
689 838 755 900 Filii
778 857 846 918 erga
867 839 1006 914 Patrem,
1029 840 1167 921 idemque
1190 842 1308 905 Patrem

76 940 141 1002 lilii
162 942 322 1022 proprium
344 941 492 1016 ostendit,
514 940 555 1002 ita
576 947 609 1002 ut
630 939 687 1002 dici
709 949 850 1021 nequeat,
881 939 927 1002 vel
947 941 1042 1011 ileum
1064 942 1219 1022 aliquande
1241 945 1309 1007 sine

77 1044 174 1105 Verbo
196 1062 254 1106 seu
275 1043 402 1106 Ratione
423 1042 527 1116 fixisse,
550 1042 596 1104 vel
617 1042 725 1104 Filium
746 1042 903 1122 aliquando
925 1061 987 1105 nou
1009 1043 1173 1106 exstitisse.
1218 1046 1307 1109 Cete-

26 1206 31 1211 .
77 1145 187 1225 roquin
208 1163 264 1206 cur
284 1145 436 1207 diceretur
456 1144 566 1218 Filius,
589 1143 648 1206 uisi
670 1153 751 1206 esset
773 1163 808 1205 ex
829 1142 921 1223 ipso?
947 1144 994 1206 vel
1015 1162 1106 1225 quare
1127 1146 1258 1209 Verbum
1279 1155 1310 1210 et

79 1246 230 1327 Sapientia
252 1246 459 1327 appellaretur,
481 1245 539 1308 uisi
563 1253 593 1308 et
614 1264 734 1326 semper
755 1254 785 1307 et
805 1246 947 1325 proprius
969 1246 1049 1308 iilius
1071 1246 1180 1310 esset?
1287 1266 1292 1271 ·

159 1351 214 1413 20.
260 1347 457 1421 Quandouam
478 1347 569 1428 igitur
589 1348 669 1410 Deus
693 1347 758 1410 sine
780 1347 830 1409 illo
853 1349 918 1423 fuit,
940 1348 1021 1429 quod
1040 1349 1135 1429 ipsias
1151 1350 1308 1430 proprium

79 1447 146 1511 esti
167 1448 216 1512 rel
237 1448 305 1530 quis
328 1449 369 1524 id,
391 1450 470 1535 quod
491 1448 646 1531 proprium
662 1459 725 1523 est,
748 1458 886 1530 tauquam
908 1451 977 1532 quid
1001 1460 1155 1514 extumum
1178 1460 1207 1514 et
1227 1453 1308 1531 quod

79 1550 212 1613 diversae
234 1553 276 1614 sit
296 1561 420 1616 natiuae
441 1553 538 1634 possit
558 1551 739 1633 conciperet
775 1552 935 1614 Enimvero
951 1572 999 1616 res
1015 1552 1098 1628 aliae,
1122 1553 1222 1634 quales
1239 1563 1309 1617 sunt
1342 1630 1345 1634 Δ

78 1671 125 1714 res
146 1655 253 1727 sactae,
276 1654 350 1716 nihil
371 1662 475 1716 natura
485 1646 593 1716 ¹'simile
615 1653 724 1716 habent
746 1672 811 1715 cum
835 1672 890 1717 suo
906 1663 1037 1730 auctore,
1059 1655 1114 1717 sed
1136 1665 1217 1719 extra
1239 1674 1308 1719 eum
1361 1715 1364 1719 ,

79 1754 212 1817 eiusdem
234 1757 328 1836 gratia
349 1764 380 1819 et
400 1757 550 1819 voluntate
571 1755 769 1838 perverbum
791 1766 860 1819 suut
882 1757 1025 1832 conditae,
1047 1757 1121 1820 adeo
1136 1765 1170 1820 ut
1190 1759 1309 1839 possint

80 1857 234 1938 aliquando
256 1877 325 1921 esse
347 1859 500 1933 desinere,
530 1859 556 1921 si
584 1876 691 1940 nempe
712 1859 856 1938 placuerit
878 1859 1019 1933 creatori,
1048 1860 1157 1941 quippe
1184 1879 1251 1924 eum
1273 1880 1308 1924 ea

79 1958 115 2020 sit
135 1978 240 2022 rerum
260 1961 404 2023 factarum
425 1969 538 2022 natura.
581 1961 619 2022 m
639 1961 718 2041 quod
741 1970 862 2023 naturae
877 1961 972 2023 Patris
995 1971 1041 2024 est
1061 1963 1215 2043 proprium
1238 1948 1309 2039 (linc

80 2061 154 2123 anim
177 2081 250 2125 esse
269 2062 377 2126 Filium
399 2063 456 2125 iam
479 2082 654 2126 concessum
676 2068 734 2141 est)
762 2082 799 2134 au
827 2082 888 2125 uon
919 2064 1118 2126 temerarium·
1131 2072 1161 2127 et
1183 2066 1307 2146 impium
1361 2076 1365 2087 '

80 2170 122 2224 est
142 2182 180 2226 ex
200 2163 297 2227 nihilo
319 2172 388 2227 esse
409 2164 519 2239 dicere,
541 2184 597 2227 nec
617 2164 710 2228 texisse
732 2174 890 2245 autequam
911 2174 1094 2241 nasceretur,
1117 2167 1170 2230 sed
1193 2167 1310 2230 srdven·⁴

79 2264 173 2328 titium
194 2283 277 2340 esse,
299 2285 451 2349 posseque
472 2266 579 2329 iterum
601 2266 759 2347 aliquando
781 2287 842 2328 nou
865 2266 958 2330 esse?
1003 2268 1091 2342 Quod
1110 2269 1160 2349 qui
1183 2269 1228 2331 vel
1252 2285 1306 2330 so·

79 2364 134 2429 mm
156 2367 280 2448 cogitat,
302 2367 450 2448 intelligat
466 2387 588 2449 quaeso,
611 2369 761 2449 quomodo
782 2369 882 2449 possit
904 2369 1017 2432 detrahi
1038 2371 1181 2450 perfectio
1198 2379 1227 2433 et
1240 2371 1323 2450 ple·-

45 2518 50 2525 .
81 2468 185 2532 uitudo
214 2477 339 2532 naturae
367 2470 475 2532 Patris.
526 2471 603 2534 Hine
630 2468 709 2535 enim
737 2471 843 2534 clarius
877 2453 977 2534 ticltit
1003 2472 1190 2551 perspicere,
1220 2491 1307 2551 quam

79 2569 203 2632 mimda
227 2569 268 2631 sit
288 2570 395 2635 Ariana
417 2572 563 2655 haeresis,
586 2573 612 2635 si
633 2573 772 2634 nimirum
796 2572 973 2648 attendatur,
995 2572 1099 2635 Filium
1111 2573 1208 2635 Patris
1231 2573 1307 2636 ima·

79 2673 186 2750 tinem
209 2671 401 2752 splendorem
424 2684 453 2736 et
474 2675 598 2755 figuram
620 2682 707 2756 atque
728 2675 881 2736 veritatem
904 2692 984 2736 csse.
1027 2675 1101 2736 Nam
1116 2674 1142 2736 si
1163 2674 1390 2738 existememus.
1430 2709 1434 2718 -

79 2772 139 2836 luce
162 2773 262 2853 imago
284 2775 348 2837 eius
371 2776 472 2838 existit
492 2775 653 2857 splendor,
675 2776 703 2838 si
724 2776 796 2838 item
819 2776 984 2839 substantia
1006 2775 1150 2839 existente
1173 2777 1307 2839 eiusdem

79 2875 178 2937 existit
198 2875 314 2955 integra
335 2877 438 2969 figura,
462 2877 488 2940 si
510 2876 637 2958 denique
659 2878 804 2940 existente
819 2879 906 2939 Patre
922 2877 1023 2938 existit
1035 2877 1155 2952 veritas,
1178 2878 1306 2953 videant,

79 2977 124 3056 qui
147 2976 312 3038 divinitatis
340 2976 497 3058 imaginem
526 2988 555 3040 et
582 2979 705 3058 figuram
735 2988 869 3059 tempore
897 2979 1075 3053 metiuntur,
1108 2979 1140 3040 in
1168 2981 1307 3059 quantem

79 3077 208 3140 incidant
239 3077 430 3158 impietatem.
473 3080 506 3142 Si
535 3081 613 3142 euim
642 3098 703 3141 uon
731 3081 785 3144 suit
811 3080 904 3141 Filius
933 3089 1089 3160 antequam
1123 3088 1306 3155 nasceretur,
1356 3104 1359 3109 ·

79 3197 131 3241 nec
151 3180 245 3259 igitur
265 3198 386 3261 semper
405 3182 460 3243 luit
481 3181 512 3243 iu
533 3181 594 3243 lieo
615 3182 734 3243 veritas.
778 3183 887 3243 Verum
909 3180 939 3243 id
960 3182 1043 3242 naias
1066 3181 1144 3250 dictu
1166 3190 1223 3244 est.
1255 3181 1306 3244 Si·

82 3281 197 3360 quidem
219 3280 309 3344 Patre
330 3283 476 3345 existente
498 3284 554 3346 iuil
576 3302 696 3364 semper
717 3284 748 3344 iu
771 3283 821 3344 illo
837 3284 955 3357 veritas,
979 3270 1054 3363 quae
1068 3283 1161 3345 Filius
1177 3291 1233 3357 est,
1256 3282 1307 3363 qui

82 3391 107 3443 et
126 3384 207 3446 idem
230 3383 315 3446 dicit:
343 3384 405 3465 Epo
434 3405 501 3447 sum
528 3390 654 3448 ueritus.
699 3384 871 3447 Substantia
899 3385 1035 3447 similiter
1067 3385 1213 3447 existente
1241 3384 1306 3447 eius

82 3484 200 3564 iprram
230 3493 260 3546 et
290 3485 447 3564 imaginem
475 3486 618 3548 continuo
648 3505 715 3548 esse
742 3506 868 3566 prorsus
890 3504 1016 3574 necesse
1038 3495 1094 3548 est.
1138 3486 1199 3548 Nee
1227 3485 1307 3548 euim
1333 3480 1341 3494 '

83 3588 264 3648 extrinsecus
285 3588 472 3669 depictaest
490 3588 543 3651 Dei
566 3588 673 3668 imago,
697 3588 750 3650 sed
773 3588 839 3668 ipse
853 3588 933 3650 lleus
956 3587 1089 3651 eiusdem
1112 3596 1160 3649 est
1180 3587 1307 3666 genitor,

84 3687 108 3748 in
129 3707 186 3768 qua
209 3687 344 3769 seipsum
364 3689 483 3753 intuens
506 3690 610 3753 eadem
631 3691 803 3762 delectatur,
827 3698 859 3751 ut
873 3689 914 3751 ait
924 3687 1033 3751 Filius:
1056 3689 1227 3769 liquorom
1248 3708 1307 3771 qun

85 3902 188 3973 φύσεως
205 3902 242 3957 τὰ
256 3902 424 3977 γεννήματα.
462 3911 537 3962 Paulo
555 3911 666 3977 postSe·
719 3902 767 3959 οὒκ
786 3895 819 3970 ἦν
837 3901 879 3961 ἀεὶ
896 3904 926 3962 ἐν
945 3908 982 3976 trgi
1001 3908 1065 3974 sap.
1101 3909 1163 3959 Editi
1182 3899 1309 3960 etaliieiel

84 3993 144 4039 quer.
163 3976 246 4027 τοῦτο
265 3965 336 4027 εἶναι
352 3971 418 4032 υἱός.
718 3980 847 4029 omittunt·

111 4063 143 4112 qq,
152 4063 254 4127 Smer,
272 4060 385 4130 mpp,
752 4061 786 4096 m.
804 4047 845 4096 Sic
862 4045 961 4109 Sequar.
980 4047 1037 4105 iles.
1056 4045 1153 4096 Gubler.
1165 4052 1188 4093 et
1200 4043 1306 4099 Feicim.

109 4148 127 4198 i.
144 4147 186 4199 Sic
203 4146 305 4211 Sequer-
340 4147 404 4198 solu
421 4161 477 4198 vero
497 4139 667 4199 etaliiaiatoir
720 4115 742 4164 ¹⁸·
777 4113 840 4163 ΕΜ
857 4099 1043 4174 'mem'ly‘l'
1058 4106 1089 4162 ἐν
1106 4104 1188 4176 αὐτῷ·
1213 4112 1305 4190 ¹bl‘l‘m

80 4207 153 4264 a»
271 4209 321 4265 o
336 4208 369 4264 a
716 4182 1122 4313 ,laurae
1139 4181 1306 4312 lutat
1395 4253 1398 4257 -

110 4300 193 4352 usu
210 4301 311 4364 suar.
346 4301 376 4351 u
392 4301 433 4350 aua
451 4308 475 4352 u
492 4300 550 4351 earu
568 4292 583 4360 ἡ
604 4291 665 4360 stt-
716 4317 788 4367 aaa,
1038 4283 1047 4305 '

79 4367 139 4416 Μ
157 4361 172 4415 ὅ
189 4361 256 4423 υἱός·
284 4360 666 4435 ΡΙΰΙθΡθῦῑεθθΰθῑ·ἕῖςὸων
751 4401 774 4436 u.
793 4387 833 4438 Sic
850 4386 950 4449 Sequar.
968 4393 993 4435 et
1010 4387 1067 4448 lieg.
1102 4382 1218 4433 ineditis
1237 4383 1306 4433 deest

79 4426 206 4500 ‘lum‘-
716 4446 742 4513 ἢ.
780 4454 855 4504 Paulo
874 4462 929 4518 post
946 4453 1051 4503 Felclm.
1063 4451 1088 4503 2.
1107 4460 1130 4502 et
1147 4450 1219 4502 editio
1230 4450 1304 4502 Com-

108 4517 379 4589 tSeguersye'mdpi
415 4522 483 4574 Idem
502 4520 558 4573 ibid.
575 4522 665 4586 etlleg.
717 4522 774 4572 mel.
792 4515 892 4573 lacsir
909 4513 924 4570 d
942 4513 1024 4590 δρῶν.
