2948 5092
18 204 61 269 36
421 216 449 261 ε.
463 216 616 263 ιτειαιεα
631 217 854 261 mmmmm

4 368 222 455 ,θελήσουσιν
245 360 434 434 άντιθεῖναι
454 364 499 451 μή
521 365 744 451 γινώσκοντες.
780 360 942 450 σῦδαμώς.
977 359 1015 431 οῦ
1038 364 1102 452 γάρ
1125 363 1172 446 ώς
1192 365 1248 434 άν-

18 476 164 557 θρωπος
186 464 204 535 ό
227 468 317 547 θεός,
343 467 416 534 ἐπεὶ
438 468 538 554 Ι’μηδὲ
560 466 594 533 ολ
615 464 797 552 άνθρωποι
819 462 865 545 ώς
888 461 905 532 ό
927 464 1019 546 θεός.
1058 466 1092 533 ολ
1112 467 1247 555 μὲνγὰρ

20 572 56 653 ἐξ
78 570 155 658 ῦλης
175 573 229 637 καὶ
251 568 371 656 ταύτης
393 566 493 655 οῦσης
515 570 705 656 παθητικῆς
727 565 939 654 ἐκτίσθησαν,
963 564 1036 635 όδὲ
1051 567 1137 648 θεὸς
1150 566 1248 650 άῦλος

19 677 73 741 καί
98 668 283 756 άσώματος.
329 671 358 738 εί
380 670 417 737 δὲ
438 670 475 735 αί
497 664 593 736 αῦταλ
616 671 720 748 λέξεις
741 670 798 736 ἐπὶ
820 672 904 737 θεοῦ
926 672 981 737 καὶ
997 663 1246 758 άνθρώπωνῦν

20 786 96 853 ταῖς
117 780 230 852 θείαις
252 775 336 840 ποτὲ
357 781 483 838 κεῖνται
496 782 650 860 γραφαῖς,
667 766 736 838 ἀλλ’
754 768 947 858 ἀνθρώπων
962 770 1033 838 ίστί
1050 771 1245 858 διορατικιῦι

22 872 68 953 ώς
97 876 314 963 παρήγγειλεν
343 869 361 939 ό
384 874 533 952 Παῦλος,
564 879 734 960 προςέχειν
761 876 801 961 τῇ
824 868 1007 959 άναγνώσει
1016 877 1054 954 ¹),
1082 875 1138 939 καὶ
1163 868 1245 940 οῦτω

22 978 210 1063 διακρίνειν,
233 980 286 1045 καί
302 975 386 1043 κατά
407 974 466 1063 τήν
487 974 625 1042 ἑκάστου
647 978 714 1041 τῶν
736 981 985 1062 σημαινομένων
1009 973 1112 1062 φῦσιν
1133 974 1177 1041 τά
1196 998 1246 1060 γε·
1288 972 1291 985 ’

20 1086 191 1165 γραμμένα
212 1078 449 1163 διαγινώσκειν,
471 1080 524 1143 καί
547 1076 591 1163 μὴ
614 1082 760 1162 συγχέειν
780 1075 839 1165 τήν
854 1075 1015 1157 διάνοιαν,
1033 1072 1122 1143 ὥστε
1135 1075 1179 1143 τά
1191 1078 1252 1143 τοῦ-

24 1184 108 1247 θεσῦ
129 1180 174 1268 μή
198 1176 422 1267 ἀνθρωπίνως
445 1187 539 1257 νοεῖν,
563 1179 646 1263 μηδὲ
667 1177 790 1245 τάτών
806 1173 998 1265 ἀνθρώπων
1010 1173 1056 1257 ώς
1070 1174 1151 1264 πἐρί
1166 1180 1245 1245 θεοῦ

22 1306 107 1351 ·.·ιοιε
128 1284 329 1367 λογίζεσθαι.
375 1283 472 1345 τοῦτο
492 1277 554 1365 γάρ
577 1278 649 1345 ἐστι
663 1277 720 1345 τόν
736 1274 826 1346 οἶνον
840 1277 937 1346 ῦδατι
950 1280 1087 1364 μίξαιλ),
1110 1281 1245 1367 καὶπῦρ

22 1382 198 1469 άλλόιριαν
219 1380 411 1467 ἐπιβάλλειν
433 1379 489 1446 ἐπὶ
512 1377 551 1444 τό
572 1381 815 1467 θυσιαστήριον
836 1385 883 1469 τῷ
906 1387 992 1468 θείῳ
1014 1386 1108 1467 πυρί.

114 1492 158 1551 ΙΙ.
208 1486 269 1549 Καί
298 1481 359 1568 γάρ
389 1483 443 1547 καί
474 1476 492 1545 ό
520 1481 603 1560 θεός
629 1483 745 1563 κτίζει,
773 1487 827 1550 καὶ
858 1477 908 1550 ἐπ’
934 1478 1130 1568 άνθριόπων
1153 1483 1190 1550 δὲ
1210 1481 1246 1548 τό

21 1587 140 1665 κιιζειν
164 1586 300 1671 είρητιιι.
344 1585 397 1650 καί
422 1578 440 1647 ό
461 1584 521 1666 μὲν
543 1582 626 1662 θεὸς
648 1582 693 1651 ών
717 1585 803 1664 ἐστι,
828 1587 979 1671 λέγονται
1000 1584 1037 1651 δὲ
1058 1586 1114 1650 καί
1139 1584 1172 1651 ολ
1193 1581 1247 1650 άν-

24 1698 162 1773 θρωιεοι
184 1680 278 1757 είναι.
301 1682 395 1768 παρά
415 1687 500 1752 θεοῦ
522 1688 574 1751 καί
597 1689 696 1752 τοῦτο
719 1686 875 1771 λαβόντες
897 1685 989 1769 ἔχειν.
1036 1674 1086 1772 ἆρ’
1112 1674 1170 1752 οῦν
1193 1681 1248 1751 οῦ-

23 1812 86 1865 ιιυς
108 1782 126 1853 ό
148 1785 231 1866 θεὸς
251 1787 352 1866 κτίζει
374 1780 419 1865 ώς
434 1784 633 1872 δίνθρωποις
662 1783 683 1876 ἢ
699 1786 804 1867 οὕτως
820 1785 865 1854 ών
881 1788 971 1855 ἔστιν
986 1782 1031 1865 ώς
1046 1774 1247 1873 άνθρωπσςς

20 1890 65 1977 μή
93 1894 236 1975 γίνοιτο·
266 1887 374 1967 άλλως
402 1888 459 1954 ἐπὶ
481 1893 565 1956 θεοῦ
586 1888 647 1968 τάς
669 1891 772 1969 λέξεις
794 1888 1017 1974 λαμβάνομεν,
1052 1892 1108 1955 καί
1132 1888 1249 1974 ἑτέρως

22 1995 77 2061 εἰιί
101 1994 168 2057 τῶν
190 1987 382 2076 άνθριόπων
404 1989 525 2070 ταύτας
547 1991 783 2075 διανοούμεθα.
830 1986 929 2074 ὁμὲν
950 1990 1011 2077 γάρ
1033 1989 1118 2069 θεὸς
1139 1990 1268 2085 κτίζει,Ι

22 2096 130 2165 καλῶν
151 2092 193 2159 τά
214 2091 259 2177 μή
283 2088 391 2171 όνταῧ)
415 2092 462 2170 είς
482 2093 522 2157 τὸ
545 2088 645 2169 εἶναι,
670 2087 802 2170 οῦδενὸς
824 2091 1052 2176 ἓπιδεόμενσς,
1077 2093 1112 2159 οἱ
1134 2093 1171 2159 δὲ
1193 2078 1279 2159 άν-’“

23 2208 161 2285 θριοποι
182 2192 240 2281 τήν
265 2188 479 2278 ὑποκειμένην
502 2189 581 2280 ῦλην
605 2193 804 2279 ἐργάζονται,
829 2190 1001 2278 εὐξάμενοι
1015 2192 1181 2281 πρότερον
1194 2195 1247 2261 καί

21 2300 80 2387 τήν
108 2294 292 2381 ίπιστήμην
320 2297 379 2360 τοῦ
408 2305 521 2361 ποιεῖν
543 2294 699 2381 λαβόντες
721 2295 815 2380 παρὰ
836 2299 894 2360 τοῦ
917 2296 1030 2362 πάντα
1051 2292 1248 2381 δημιουργή-
1281 2348 1288 2365 .

22 2421 142 2476 σαντος
172 2400 256 2463 θεοῦ
288 2394 345 2461 διὰ
372 2398 432 2461 τοῦ
463 2396 548 2461 ἰδίου
577 2397 684 2481 λόγου.
731 2396 833 2462 πάλιν
862 2424 898 2463 τε
920 2398 1034 2481 οἱμὲν
1057 2393 1251 2482 ἅνθρωπος,

22 2498 60 2567 οὐ
84 2498 259 2581 δυνάμενοι
280 2491 376 2561 1’καθ’
401 2496 538 2576 ἑαυτοὺς
560 2493 653 2576 εἶναι,
678 2499 712 2564 ἐν
734 2498 829 2586 τόπῳ
851 2496 1064 2583 τυγχάνοντές
1076 2497 1145 2565 είσι
1155 2522 1249 2583 περι·

22 2602 179 2687 εχόμενοι,
202 2604 256 2665 καί
281 2602 481 2676 συνεστῶτες
503 2598 537 2664 ίν
559 2602 605 2684 τῷ
628 2602 687 2664 τοῦ
705 2603 790 2666 θεοῦ
812 2599 907 2686 λόγῳ,
932 2595 1003 2665 όδὲ
1018 2597 1101 2678 θεός
1116 2594 1164 2667 ὤν
1178 2598 1249 2666 ἐστι

21 2698 97 2771 καθ’
123 2700 255 2780 ἑαυτόν,
285 2706 446 2785 περιέχειν
475 2698 517 2765 τὰ
539 2699 664 2780 πάντα,
693 2704 747 2767 καί
769 2696 825 2766 ὑπ’
851 2697 984 2779 οὐδενὸς
1005 2699 1246 2787 περιεχόμενος,

21 2808 74 2873 καὶ
104 2802 137 2871 ἕν
166 2805 251 2868 πάσι
277 2808 337 2885 μέν
367 2802 440 2869 ἔστι
465 2801 549 2867 κατά
576 2800 634 2889 τήν
663 2803 781 2869 ἑαυτοῦ
808 2797 1001 2889 άγαθότητα
1023 2805 1076 2868 καί
1099 2801 1246 2885 δύναμιν,

22 2908 84 2987 ἔξω
107 2905 143 2971 δὲ
165 2907 231 2968 τών
254 2903 389 2969 πάντων
411 2902 514 2969 πάλιν
537 2903 607 2969 ἐστὶ
628 2903 712 2970 κἀτόι
733 2902 791 2990 τήν
815 2904 902 2969 ι’δίαν
918 2903 1027 2990 φύσιν.
1061 2899 1177 2989 ώσπερ
1192 2890 1248 2969 σῦν

21 3004 60 3073 σό
81 3003 138 3071 τόν
162 3001 260 3070 αὐτόν
282 3002 408 3087 τρόπον
432 3005 465 3069 οἱ
487 3003 668 3090 ἄνθρωποι
682 3005 855 3085 κτίζουσιν,
873 3003 975 3090 όνπερ
991 3004 1117 3091 τρόπον
1134 3000 1153 3070 ό
1168 3000 1249 3081 θεός

20 3108 129 3187 κτίζει,
155 3099 227 3169 οῦδ)
254 3100 358 3181 οῦτως
381 3105 464 3170 εἰσίν
487 3106 519 3170 οἱ
541 3103 729 3191 ἄνθρωποι,
755 3102 868 3191 ὥσπερ
885 3105 974 3173 ἐστίν
990 3102 1008 3171 ὃ
1023 3105 1121 3185 θεός·
1145 3102 1253 3183 οῦτιυς

21 3209 130 3285 άλλως
152 3207 240 3272 ἐστίν
262 3201 282 3289 ἡ
305 3208 370 3270 τιῦν
394 3200 586 3292 ἀνθρώπων
608 3213 742 3292 γένεσις,
765 3206 821 3274 καὶ
844 3205 952 3286 άλλως
974 3205 1064 3274 ἐστίν
1087 3205 1105 3274 ό
1129 3204 1250 3285 υίὸςέκ

20 3313 79 3377 τοῦ
102 3306 238 3392 πατρός.
284 3310 350 3372 τιῦν
371 3309 431 3390 μὲν
453 3306 514 3394 γάρ
534 3303 726 3393 ἀνθρώπιον
741 3308 783 3374 τά
797 3309 982 3396 γεννήματα
995 3314 1077 3396 μέρη
1093 3311 1171 3387 πιῦς
1183 3310 1249 3375 τών

22 3409 210 3499 γεννώντων
233 3408 326 3488 εἰσίν,
350 3408 426 3475 ε’·πεὶ
447 3412 502 3475 καί
524 3405 621 3496 εαῦτη
643 3414 709 3476 τῶν
732 3409 895 3494 σωμάτιον
916 3407 936 3496 ἡ
960 3408 1061 3498 φύσις
1083 3405 1143 3493 οῦχ
1157 3406 1248 3477 ἆπλῦ

19 3520 71 3591 τίς
92 3512 191 3591 ἐστιν,
216 3507 300 3578 ἀλλὰ
321 3511 449 3597 ῥευστή,
472 3510 529 3577 καὶ
551 3511 585 3578 ἐκ
605 3515 715 3598 μερῶν
737 3512 803 3596 ἔχει
823 3510 882 3599 τήν
905 3512 1081 3580 σύνθεσιν·
1104 3507 1251 3601 άπσρβί-

20 3620 97 3681 ουσί
116 3639 152 3680 τε
175 3610 355 3697 ἅνθρωποι
375 3617 558 3697 γεννιῦντες,
582 3612 638 3679 καί
658 3612 762 3681 πάλιν
781 3612 914 3705 ίπιῤῥεῖ
926 3612 969 3681 τά
984 3613 1019 3680 ἐκ
1032 3616 1100 3680 τῶν
1114 3604 1251 3703 τρσφὸκ

20 3717 67 3794 είς
91 3709 211 3790 αὖτοὺς
233 3712 439 3799 είςαγόμενα’
463 3709 510 3780 δι’
535 3711 573 3800 ἣν
597 3714 707 3783 αἰτίαν
727 3702 814 3783 καθ’Ιῐ
804 3716 940 3783 πολλῶν
961 3714 1046 3782 κατὰ
1065 3713 1182 3799 καιρόν
1196 3719 1251 3781 τί·

19 3842 103 3885 κνων
125 3823 272 3902 γίνονται
294 3821 435 3900 πατέρες
457 3816 491 3881 οἱ
513 3813 709 3901 ἅνθρωποι·
745 3812 764 3881 δ
791 3816 828 3883 δὲ
848 3814 933 3895 θεὸς
954 3810 1076 3904 ἀμερὴς
1099 3810 1147 3883 ών
1169 3810 1251 3899 ἆμε-

1 3925 142 4004 ,ρίστως
164 3916 232 3983 ἐστὶ
254 3915 311 3983 καί
332 3911 471 4004 ἀπαθής
492 3921 550 3982 τοῦ
573 3918 646 3983 υἱοῦ
668 3917 788 4006 πατήρ.
833 3916 909 3985 οῦτε
930 3917 991 4004 γὰρ
1014 3912 1167 4005 άποῤῥοή
1189 3918 1249 3982 τοῦ

21 4016 200 4102 ἀσωμάτου
224 4018 327 4097 ἐστίν,
358 4013 423 4083 οὔτ’
449 4018 587 4104 ἒπιῤῥοή
611 4045 662 4097 τις
684 4020 731 4097 είς
754 4013 853 4085 αῦτόν
875 4026 1014 4105 γίνεται,
1046 4014 1091 4096 ιῦς
1113 4013 1166 4084 ἐπ’
1192 4011 1251 4084 άν-

19 4119 187 4205 θρώτεων·
212 4115 339 4197 άπλοῦς
362 4121 398 4185 δὲ
421 4114 466 4185 ιῦν
489 4120 546 4207 τήν
571 4119 679 4206 φύσιν,
704 4120 777 4198 ἑνός
798 4119 853 4186 καί
874 4120 977 4205 μόνου
1000 4123 1059 4186 τοῦ
1082 4119 1158 4185 οἱοῦ
1179 4143 1249 4185 πα·
1276 4150 1291 4211 ,ι

20 4221 78 4307 τήρ
109 4221 189 4287 ἔστι.
235 4221 291 4287 διὰ
320 4224 416 4287 τοῦτο
445 4223 505 4307 γάρ
528 4221 582 4287 καὶ
603 4222 780 4307 μονογενής
804 4221 889 4301 ἐστι,
919 4225 971 4288 καὶ
994 4221 1096 4305 μόνος
1119 4220 1153 4287 ἒν
1175 4231 1259 4298 τοῖς·

1260 1776 1285 1815 ἡ

92 4444 339 4514 1)1.Ti1n.4,13.
410 4446 435 4506 2)
453 4447 508 4496 Esa.
528 4447 551 4508 1,
570 4445 611 4495 22.
682 4446 707 4505 3)
725 4448 793 4497 Rom.
813 4448 838 4507 δ,
859 4448 896 4495 17.
