2948 5092
464 292 645 336 urtsrount.
662 293 909 338 nasammonas.
1190 264 1191 268 ¹
1229 284 1290 347 ’1,39

59 447 163 528 prium
187 445 314 506 Verbum
339 445 457 515 creavit,
481 444 676 523 coniungatis.
722 445 804 518 Quae
819 456 915 506 autem
934 444 1018 508 voltis
1042 449 1080 510 ita
1096 450 1291 515 sentientibus
1301 464 1376 509 nan.

57 566 135 627 spes
158 566 226 608 esse
248 545 369 628 possit?
413 545 463 606 Vel
486 546 552 623 quis
574 565 628 607 vos
650 564 716 607 eum
740 547 801 607 lico
824 547 997 626 coniunget,
1027 552 1077 628 qui
1107 569 1168 612 non
1196 552 1290 630 ipsius

58 648 127 722 ttei,
151 648 210 749 sed
228 650 270 709 rei
295 661 409 708 creatae
432 646 567 725 spiritum
590 646 730 708 habetis?
775 648 856 721 Quae
872 650 990 710 tandem
1006 661 1103 713 vestra
1126 651 1179 714 ess
1195 662 1290 715 teme·

57 752 136 815 ritas
159 762 189 811 et
211 749 469 820 inconsiderantia,
492 748 541 827 qui
557 749 674 810 Putrem
690 760 719 810 et
741 751 805 811 eins
821 750 947 812 Verbum
964 753 999 812 ad
1022 772 1071 815 res
1094 773 1190 834 usque
1204 773 1289 816 crea-

58 864 108 914 tas
133 852 315 932 deprimitis,
349 869 511 929 rursusque
534 869 596 910 rem
619 861 745 913 creatam
768 853 830 913 Deo
855 853 1046 932 exaequatis?
1088 855 1121 916 ld
1144 855 1291 934 siquidem

57 954 168 1034 agitis,
201 973 267 1014 cum
296 955 332 1014 de
355 953 466 1032 Spiritu
487 972 548 1013 non
572 972 659 1015 secus
682 973 716 1015 ac
737 955 773 1014 do
797 974 828 1015 re
851 964 947 1016 creata
970 957 1122 1035 cogitatis,
1151 966 1180 1018 et
1207 959 1289 1019 illum

57 1055 256 1117 nihilominus
278 1056 308 1116 in
332 1054 474 1116 Trinitate
497 1055 642 1117 collocare
664 1074 724 1117 non
747 1058 898 1117 ueremini.
944 1058 1017 1130 Quis
1040 1067 1138 1119 tantus
1161 1058 1209 1119 ille
1235 1078 1289 1120 ve·

57 1165 127 1218 ster
148 1159 239 1229 luror,
262 1167 294 1217 ut
318 1167 375 1218 tam
398 1157 497 1236 iniqua
520 1158 556 1217 de
572 1157 633 1218 lieo
652 1159 797 1232 sentiatis
821 1159 870 1236 qui
893 1158 1005 1219 scilieet
1026 1177 1086 1220 non
1110 1178 1215 1220 omnes
1237 1178 1286 1221 res

56 1268 178 1320 mestas
200 1259 245 1319 rel
268 1277 371 1320 omnes
393 1259 539 1337 Angelos,
573 1259 745 1325 sedunum
774 1260 914 1320 duntaxat
943 1280 978 1321 en
1000 1261 1058 1322 illis
1081 1261 1141 1322 Deo
1164 1261 1289 1340 eiusque

54 1360 160 1421 Verlto
183 1359 409 1421 anntrmeretis?
452 1361 612 1439 Postquam
634 1361 713 1422 enim
731 1361 823 1421 semel
838 1362 980 1440 Spiritum
996 1381 1058 1422 rem
1075 1371 1201 1423 creatam
1218 1366 1372 1424 essem·

55 1461 222 1524 censuistis
245 1462 331 1541 eique
353 1462 450 1522 locum
473 1463 503 1521 in
526 1462 670 1523 Trinitate
692 1463 884 1541 assignastis,
920 1481 980 1523 non
1008 1482 1098 1525 unum
1128 1471 1208 1525 certe
1234 1463 1290 1526 sed

56 1580 169 1623 ornnes
191 1573 307 1623 creatos
329 1563 457 1641 Angelos
481 1564 511 1623 in
535 1563 581 1624 illa
604 1582 720 1643 quoque
743 1564 889 1625 collocare
911 1565 1062 1643 oportuit,
1084 1583 1140 1626 nec
1161 1564 1288 1643 amplius

55 1664 237 1725 Trinitatem
260 1684 345 1736 esse,
369 1665 421 1726 sed
444 1665 688 1726 innumerabilem
711 1665 856 1743 quandam
879 1665 1038 1727 divinitatis
1059 1665 1289 1742 multitudinem,

17 1780 20 1785 ·
55 1774 93 1828 ut
116 1775 148 1827 et
168 1776 267 1826 restro
292 1766 433 1837 initiatio,
466 1785 541 1845 quae
563 1767 594 1826 in
616 1770 649 1827 ea
673 1766 736 1826 lieri
759 1766 888 1837 ridetur,
917 1767 976 1829 huc
1003 1776 1031 1828 et
1059 1767 1127 1829 illuc
1148 1767 1290 1829 distracta
1356 1748 1359 1755 ¹

55 1864 209 1928 instabilis
232 1872 312 1928 tanta
342 1868 511 1928 diversitate
534 1867 716 1928 redderetur.
760 1867 892 1946 Namque
921 1869 1067 1930 eiusmodi
1095 1878 1165 1931 suut
1191 1879 1289 1931 vestra
1335 1933 1340 1941 ,

56 1979 90 2030 et
111 1967 289 2029 arianorum
312 1970 467 2048 mysteria,
495 1969 545 2049 qui
568 1979 627 2031 tam
649 1970 738 2048 impia
761 1970 903 2031 adversus
926 1971 1107 2032 divinitatem
1130 1956 1288 2031 comminiss

55 2070 190 2142 scimini,
215 2080 244 2131 et
265 2071 355 2131 rebus
379 2072 485 2131 creatis
507 2072 607 2151 potios
631 2088 718 2151 qnam
734 2072 796 2131 Deo
813 2072 942 2133 omnium
967 2073 1093 2134 creatori
1116 2072 1246 2139 servitis.

148 2174 199 2236 30.
244 2172 288 2233 En
312 2191 382 2250 ergo
411 2190 485 2251 quae
512 2152 597 2235 volis
620 2173 746 2235 absurda
770 2192 804 2233 ex
826 2173 965 2234 dualitate
987 2181 1155 2234 occurrunt.
1201 2172 1314 2263 Quod³

54 2272 87 2335 si
111 2272 244 2333 trinitas
269 2274 317 2345 sit,
340 2275 382 2334 uti
404 2276 580 2377 reipsa·cst,
603 2293 678 2353 quae
700 2274 835 2353 quidem,
858 2285 892 2335 ut
913 2273 1116 2346 ostendimus,
1139 2272 1289 2335 individua

55 2392 118 2437 nec
140 2374 293 2435 dissimilis
318 2384 372 2450 est,
396 2394 519 2437 neeesse
541 2384 587 2438 est
609 2392 697 2437 unam
721 2375 784 2435 eius
808 2393 876 2435 esse
900 2375 1101 2446 sanctitatem,
1123 2390 1212 2435 unam
1235 2391 1288 2434 ae-

56 2477 230 2538 ternitatem
254 2476 523 2555 immutabilemque
545 2486 689 2539 naturam.
735 2477 772 2549 Ut
795 2476 872 2536 enim
899 2476 990 2547 tides,
1021 2492 1108 2554 quam
1137 2476 1200 2535 eius
1227 2491 1288 2534 no·

55 2578 143 2641 mine
165 2579 342 2657 acecpimus,
365 2596 423 2638 ιιιιιι
447 2587 500 2649 est,
525 2586 554 2639 et
575 2596 630 2639 nos
654 2596 720 2639 com
742 2578 803 2638 Deo
827 2577 989 2655 coniungit,
1012 2577 1136 2637 utitem
1160 2575 1209 2654 qui
1232 2571 1288 2635 ali-

56 2681 132 2761 quid
154 2681 190 2741 de
213 2680 356 2740 Trinitate
380 2678 506 2740 tletralrit
529 2679 609 2739 etin
632 2679 698 2740 solo
720 2679 816 2740 Patris
838 2679 883 2738 vel
898 2676 962 2738 Filii
979 2678 1099 2739 nornine
1114 2676 1287 2756 baptizatur,

55 2791 111 2843 ant
135 2781 200 2842 aine
222 2782 333 2860 Spiritu
356 2783 384 2841 in
407 2782 493 2840 Patre
517 2789 545 2840 et
564 2779 649 2853 Filio,
671 2780 744 2841 nilril
767 2779 881 2859 accipit,
905 2780 956 2839 sed
980 2798 1089 2840 nocuus
1112 2796 1167 2839 neo
1188 2776 1288 2838 initia-

54 2891 109 2945 tos
133 2883 196 2962 ipse
219 2894 248 2943 et
269 2884 311 2954 is,
336 2883 385 2961 qui
408 2883 478 2942 dare
500 2881 630 2955 videtur,
659 2890 774 2951 manet,
797 2881 941 2959 siquidem
965 2880 1090 2942 initiatio
1113 2877 1235 2939 nonnisi
1256 2876 1289 2937 in

55 2985 206 3047 'l'rinitate
229 2986 283 3046 sita
307 2992 370 3053 est3
400 2984 438 3043 ita
469 2983 517 3061 qui
541 2982 647 3044 Filium
680 2983 805 3044 aPatre
827 2983 930 3042 dividit
951 2982 996 3042 vel
1018 2981 1158 3060 Spiritum
1180 2979 1215 3039 ad
1237 2994 1287 3040 res

18 3100 23 3107 ·
56 3104 156 3166 usque
179 3094 290 3147 creatas
313 3084 470 3163 deprimit,
493 3102 549 3144 nec
570 3084 674 3146 Filium
698 3104 754 3145 nec
775 3085 891 3144 Patrem
914 3069 1011 3155 habet,
1036 3082 1089 3143 sed
1110 3090 1157 3142 est
1178 3078 1288 3158 impius

55 3198 90 3251 ot
111 3186 223 3248 inlideli
247 3186 386 3257 deterior,
410 3185 708 3265 quidvisque-potius
732 3204 818 3265 quarn
835 3185 1017 3246 Christianus
1035 3183 1147 3275 merito
1169 3200 1203 3243 ae
1224 3180 1289 3241 iure

55 3289 209 3371 potandus
232 3298 287 3349 est.
334 3287 589 3360 Quemadmodum
611 3288 688 3349 enim
705 3306 795 3349 unum
819 3294 866 3347 est
880 3287 1038 3366 Baptisma‚
1062 3284 1141 3363 quod
1157 3284 1187 3343 in
1202 3281 1289 3343 Patre

55 3399 89 3453 et
111 3389 187 3451 Filio
211 3400 240 3450 et
263 3390 376 3468 Spiritu
398 3399 499 3450 saneto
524 3389 624 3462 datur,
655 3398 688 3452 ut
709 3409 767 3450 una
790 3388 926 3449 similiter
948 3388 1020 3448 tides
1043 3394 1090 3447 est
1110 3387 1141 3447 in
1164 3384 1289 3446 eandem

55 3492 247 3564 Trinitatem,
271 3489 519 3570 quemadmodum
542 3491 629 3553 docet
650 3491 827 3572 Apostolum
857 3490 895 3551 ita
917 3496 1017 3550 satteta
1040 3487 1185 3559 Trinitas,
1213 3501 1289 3564 quae

56 3594 164 3657 eadem
187 3594 216 3654 in
240 3594 338 3672 seipsa
362 3602 407 3652 est
430 3600 458 3652 et
481 3584 581 3653 secum
605 3594 670 3672 ipsa
693 3592 848 3654 coniuncta
871 3598 933 3664 est,
968 3589 1042 3650 nihil
1065 3589 1097 3650 in
1126 3607 1160 3649 se
1187 3601 1289 3647 retttm

56 3696 205 3758 laetarum
228 3694 327 3767 habet,
352 3694 481 3772 lraeeque
498 3693 651 3756 Trinitatis
666 3695 766 3756 unitas
788 3691 937 3754 individua
952 3701 1008 3763 est,
1032 3708 1149 3769 unaque
1164 3688 1195 3749 in
1212 3704 1284 3747 ean-

54 3911 126 3982 a‘qrb
142 3916 220 3965 abest.
257 3915 329 3963 lidem
354 3923 377 3963 et
401 3916 457 3975 lieg.
480 3915 501 3962 1.
520 3921 576 3977 post
594 3926 650 3960 τοι-
702 3922 726 3963 et
752 3914 808 3962 editi
834 3904 1045 3977 ὑφαιρούμενος.
1095 3909 1147 3957 ttm
1173 3919 1217 3969 pro
1244 3896 1291 3950 καί

57 3983 131 4033 αὔτα
155 3984 298 4048 particulam
323 3979 374 4047 μέν
398 3983 502 4038 addunt,
534 3996 595 4045 quae
620 3983 649 4031 ab
701 3983 757 4042 Reg.
776 3981 800 4030 2.
820 3970 836 4037 ἦ
854 3981 933 4028 habet.
1212 4039 1216 4049 ι

56 4053 113 4103 eliis
132 4060 156 4101 et
174 4051 245 4100 editis
264 4052 338 4099 abest.
735 4064 756 4110 g.
777 4047 846 4099 Gobl.
865 4055 888 4095 et
907 4046 1010 4095 Felelrm.
1031 4044 1053 4093 l.
1073 4036 1152 4090 οὐδέν
1170 4044 1289 4088 omittunt

93 4121 110 4168 i.
131 4121 188 4180 Req.
207 4119 228 4167 l.
247 4118 344 4179 Sequar.
365 4118 461 4169 Goltler.
474 4125 497 4166 et
510 4117 613 4165 Felelm.
627 4117 648 4165 l.
735 4118 757 4164 ir.
777 4117 835 4177 Reg.
848 4115 870 4163 l.
889 4115 988 4175 Seguer.
1007 4111 1103 4162 Gobler.
1118 4105 1254 4185 et'lelclrm.
1267 4104 1290 4155 l.

55 4179 133 4247 risle
149 4180 253 4245 ταύτην
269 4187 377 4245 (Galatea.
397 4196 420 4235 et
439 4185 543 4235 Feleltm.
564 4185 585 4233 l.
604 4175 649 4232 ad
701 4176 817 4236 εἰκότως.
856 4183 930 4231 ΡιιιΙο
966 4189 1066 4243 estpro
1085 4171 1290 4241 διδομενονθο-

57 4249 120 4315 tq‘r)
146 4248 353 4319 παραδιδομένη
379 4247 470 4320 φύσις.
506 4254 561 4314 neg,
576 4252 600 4301 2.
626 4260 649 4302 et
700 4253 739 4302 sil.
758 4253 830 4301 habet
847 4244 1042 4315 drodtdopttaor
1059 4253 1083 4295 et
1100 4242 1190 4305 Πομ.
1208 4235 1290 4289 τελει-

57 4323 142 4374 ottob.
165 4325 201 4372 sic
221 4323 321 4371 habent:
341 4316 355 4381 ἦ
375 4316 413 4374 tls·
430 4313 515 4380 αὐτὴν
531 4315 649 4388 reconda·
701 4312 824 4384 eriperer.

56 4385 162 4457 δομένη
180 4385 274 4443 πίστις
291 4382 474 4454 ουνᾶπτιιτῴ
492 4388 555 4453 θεῷ.
591 4388 649 4438 lbid.
735 4389 750 4436 i.
767 4388 809 4436 Sic
826 4386 918 4448 lieet.
936 4385 1036 4446 Sequor.
1056 4379 1126 4461 θοοὶ.
1144 4386 1167 4429 et
1184 4375 1290 4453 Felelm.

50 4460 116 4522 {tem
136 4460 159 4509 l.
178 4460 278 4520 Sequor.
299 4460 436 4509 Goblerian.
461 4466 485 4507 et
502 4458 607 4508 Felelm.
628 4458 650 4509 l.
702 4457 724 4506 l.
761 4455 842 4506 Ceteri
858 4467 914 4503 uero
933 4461 957 4502 et
974 4451 1031 4500 editi
1048 4441 1064 4508 ἢ
1084 4441 1150 4514 nri·
1165 4456 1245 4513 aptas
1261 4434 1293 4493 lv

51 4540 131 4579 anna.
150 4526 242 4578 natan
259 4519 493 4592 ὑπεξαιρούμενος.
529 4526 575 4577 liti
593 4539 648 4576 uero
701 4513 770 4589 αὐτῇ
789 4507 867 4578 οὖσα,
885 4513 933 4568 καί
949 4528 993 4569 etc.

1027 4597 1086 4651 ll*
