2948 5092
212 244 274 308 106
405 326 408 333 ff
611 258 639 305 ι.
653 212 808 303 umam
821 258 1046 304 ιυοοιτειιεοει

126 405 322 491 οειεμύνον,
346 405 381 475 έκ
403 412 593 493 σπέρματος
607 408 719 493 Δαβίδ
740 408 897 494 ἔρχεσθαι
916 403 994 474 καθ’
1019 403 1198 496 ὁμοιότητα
1211 411 1279 476 τῶν
1300 409 1355 478 ’ἐκ
1377 414 1437 476 τοῦ

210 509 323 595 Δαβλδ
344 505 452 575 ἀλλων
473 515 654 595 γενομένων
676 514 805 589 τέκνων,
829 505 905 575 οῦτε
919 509 956 575 δέ
969 507 1052 577 θεὸν
1067 504 1167 576 αύτὸν
1182 503 1260 578 οῦδὲ
1274 506 1329 578 ὅτι
1343 506 1363 578 5
1378 510 1436 578 λύ-

208 632 266 696 γος
288 608 373 696 σὰρξ
393 609 519 696 ἐγένετο
541 610 731 678 ἐπίστευον·
754 598 872 676 τούτόυ
894 610 986 678 ἕνεκα
1006 609 1091 696 μετὰ
1110 612 1239 700 πολλῆς
1258 616 1318 700 τῆς
1340 619 1434 680 συνέ-

209 733 294 791 σεως
315 711 348 778 σί
368 709 527 797 μακάρωι
543 705 748 779 Ἀπύστολοι
768 710 812 778 τά
833 705 1033 797 ἀνθρώπινα
1054 716 1114 779 τοῦ
1135 717 1285 800 σωτῆρος
1298 718 1434 802 πρῶτον

207 809 380 900 ἐξηγοῦντο
401 822 474 891 τοῖς
492 807 670 893 Ἰουδαίοις,
694 808 755 878 ¹’5'v'
779 809 864 891 όλως
884 819 1061 892 πείσαντες
1082 809 1201 894 αὐτούς
1215 814 1250 882 ἐκ
1262 818 1332 882 τῶν
1353 841 1434 904 φαι-

208 919 354 1000 νομένων
375 916 429 981 καί
451 919 633 999 γενομένων
655 921 808 998 σημείων,
833 912 1030 1001 ἐληλυθέναι
1050 914 1108 981 τὸν
1128 915 1288 1002 Χριστόν,
1311 917 1433 985 λοιπὸν

207 1018 263 1082 καί
292 1015 341 1095 εἰς
367 1014 427 1104 τῆν
450 1017 529 1102 περὶ
549 1018 608 1102 τῆς
628 1014 792 1104 θότητος
813 1010 930 1082 οαύτοῦ
952 1022 1069 1084 πίστιν
1089 1011 1210 1096 αύτούς
1232 1011 1432 1104 ἀναγάγωσι,

208 1117 398 1197 δεικνύντες,
422 1113 476 1184 ότι
496 1117 538 1184 τὰ
559 1115 717 1202 γενόμενα
739 1116 816 1202 ἔργα
837 1111 895 1184 οόκ
916 1118 1006 1184 ἔστιν
1021 1112 1215 1204 ἀνθρώπου,
1238 1115 1324 1186 ἀλλὰ
1337 1123 1432 1187 θεοῦ.

208 1211 322 1302 ἀμέλει
342 1224 472 1306 Πέτρος
494 1214 512 1285 5
533 1219 636 1305 λέγων
658 1215 762 1304 ἀνδρα
782 1207 940 1304 παθητὸν
961 1217 1018 1285 τὸν
1039 1219 1188 1305 Χριστόν
1210 1213 1313 1299 εῦθῦς
1333 1224 1433 1288 ‘avv-

149 1381 160 1393 ,
207 1321 327 1408 ῆπτεν·
349 1310 447 1400 οὗτος
469 1314 606 1407 ἀρχηγὸς
626 1323 685 1409 τῆς
705 1319 789 1406 ζωῆς
811 1319 940 1399 ἐστιν’),
964 1319 998 1387 έν
1010 1321 1104 1407 δίτῷ
1120 1315 1295 1408 εὐαγγελίῳ
1311 1317 1433 1408 όμολο·

208 1431 273 1506 γεῖ·
307 1420 347 1488 σὺ
375 1417 406 1489 εί
433 1416 635 1506 όΧριστός,
671 1416 689 1486 5
715 1420 787 1500 υίὸς
807 1425 866 1488 τοῦ
888 1424 972 1488 θεοῦ
994 1425 1053 1488 τοῦ
1077 1423 1240 1504 ζῶντοςἿ,
1274 1423 1309 1491 έν
1332 1425 1370 1493 δὲ
1391 1429 1431 1512 τῇ

209 1521 369 1610 ἐπιστολῇ
393 1546 494 1611 φησιν
516 1518 615 1589 αὐτὸν
638 1522 823 1589 ἐπίσκοπον
846 1525 990 1608 ψυχῶνἽ
1013 1525 1067 1590 καί
1089 1523 1202 1609 κύριον
1224 1525 1374 1607 &mom
1396 1551 1432 1595 τε

208 1626 262 1689 καὶ
292 1619 436 1710 ἀγγέλων
463 1625 533 1691 οκαὶ
563 1623 732 1708 δυνάμεων
740 1628 763 1703 ⁵)
793 1619 886 1691 εἶναι.
931 1623 1034 1690 πάλιν
1061 1649 1099 1692 τε
1118 1626 1263 1706 Παῦλος,
1288 1623 1307 1692 5
1330 1629 1432 1714 λέγων

208 1722 313 1811 ἀνδρα
338 1724 374 1792 ἐκ
395 1723 717 1811 σπέρματοςΔαβίδ
738 1720 823 1793 εἶναι
843 1724 902 1791 τὸν
923 1725 1086 1812 Χριστόν,
1117 1716 1214 1806 οὗτος
1235 1727 1430 1796 ἐπέστελλεν

204 1821 367 1912 Ἑβραίοις
387 1833 463 1911 μέν·
486 1825 523 1906 ὃς
545 1822 591 1894 ὢν
613 1822 815 1913 ἀπαύγασμα
836 1830 895 1914 τῆς
917 1825 1014 1914 δόξης
1027 1827 1084 1895 καί
1095 1827 1259 1915 χαρακτὴρ
1273 1833 1334 1917 τῆς
1346 1826 1433 1897 ύπο-

208 1927 357 2007 στάσεως
385 1923 530 2009 cahom),
557 1929 803 2016 Φιλιππησίοις
826 1929 877 1995 δέ·
907 1925 944 2007 ὃς
966 1927 999 1995 ἐν
1021 1931 1134 2018 μορφῇ
1157 1933 1240 1997 θεοῦ
1263 1926 1429 2018 ὑπάρχων,

208 2024 266 2113 οῦχ
287 2025 462 2117 ἁρπαγμὸν
483 2027 627 2117 ἡγήσατο
649 2029 688 2096 τὸ
710 2025 795 2097 εἶναι
817 2024 875 2096 ἶσα
896 2031 1006 2115 θεῷ’).
1044 2028 1083 2096 τὸ
1106 2031 1142 2098 δὲ
1164 2031 1269 2116 λέγειν
1291 2029 1432 2120 ἀρχηγὸν

206 2133 279 2218 ’τῆς
307 2132 390 2219 ζωῆς
416 2134 470 2198 καὶ
498 2131 570 2198 υἱὸν
597 2135 656 2198 τοῦ
684 2135 769 2198 θεοῦ
790 2133 845 2197 καί
868 2124 1072 2216 ἀπαύγασμα
1092 2133 1146 2198 καί
1166 2131 1355 2222 χαρακτῆρα
1376 2134 1432 2201 καὶ

207 2227 265 2299 ἶσα
290 2237 363 2318 θεῷ
391 2237 444 2301 καί
466 2233 579 2320 κύριον
599 2236 653 2300 καί
677 2232 862 2300 ἐπίσκοπον
885 2235 1013 2317 ψυχῶν,
1036 2229 1091 2298 ςτί
1112 2227 1153 2299 ἀν
1175 2234 1226 2320 ε’ίη
1250 2234 1377 2319 ἕτερον,
1408 2229 1429 2321 ῆ

205 2329 260 2401 ότι
281 2333 315 2402 ἓν
337 2333 467 2419 σώματι
488 2333 585 2420 λόγος
604 2324 643 2421 ἦν
666 2337 759 2414 θεοῦ,
783 2330 830 2400 δι’
855 2324 894 2400 οὗ
915 2333 958 2399 τὰ
978 2333 1090 2400 πάντα
1111 2333 1246 2420 έγένετο,
1269 2334 1327 2401 καὶ
1342 2335 1431 2403 ἔστιν

110 2494 114 2511 ,
207 2430 394 2523 ἀδιαίρετος
414 2439 474 2502 τοῦ
495 2435 633 2523 πατρός,
657 2431 702 2514 ὦς
724 2434 797 2502 ίστι
816 2433 855 2500 τὸ
878 2429 1082 2520 ἀπαύγασμα
1102 2433 1188 2522 πρὸς
1209 2435 1248 2501 τὸ
1271 2439 1366 2524 5539,-

120 2560 197 2606 νοω.
290 2543 320 2606 9.
366 2536 435 2604 Καὶ
454 2536 634 2615 Διονύσιος
654 2542 765 2603 τοίνυν
786 2534 880 2621 παρὰ
899 2539 966 2602 τιῦν
988 2530 1186 2603 ἀποστόλων
1200 2536 1431 2621 τοῦτομαθὼν

205 2647 403 2728 πεποίηκεν·
436 2640 551 2730 ἐπειδὴ
578 2639 639 2727 γὰρ
668 2634 781 2724 είρπευ
809 2634 1033 2724 ῆΣαβελλίου
1061 2638 1203 2724 αἵρεσις,
1236 2633 1429 2725 ἠναγκάσθη

204 2740 262 2829 τῆν
285 2741 448 2830 τοιαύτην,
471 2741 564 2808 καθὰ
585 2751 761 2829 προεῖπον,
786 2739 965 2827 ἐπιστολὴν
986 2738 1131 2827 γράψαι,
1154 2740 1274 2807 καὶτὰ
1296 2735 1430 2827 ἀνθρω-

204 2850 312 2924 πίνως
332 2843 388 2911 καὶ
410 2838 548 2923 εῦτελιῦς
569 2842 728 2931 περὶτοῦ
751 2845 920 2931 11σωτῆρος
941 2841 1095 2929 εἰρημένα
1108 2843 1211 2928 ῥῖψαι
1224 2836 1293 2908 κατ’
1311 2839 1429 2922 αῦτιῦν,

204 2946 261 3012 ἵνα
288 2945 425 3025 τούτους
455 2941 696 3029 ἀποσχοινίσας
718 2943 775 3011 διὰ
796 2943 838 3010 τὰ
860 2939 1061 3029 ἀνθρώπινα
1082 2946 1141 3010 τοῦ
1162 2943 1207 3030 μῆ
1230 2944 1334 3030 λέγειν
1359 2944 1430 3010 υίὸν

206 3041 291 3113 εἶναι
317 3046 375 3113 τὸν
397 3052 542 3133 πατέρα,
568 3031 788 3132 εῦκολωτέραν
811 3039 924 3123 αὐτοῖς
944 3042 1168 3130 κατασκευάσῃ
1190 3043 1250 3130 τὴν
1271 3043 1352 3132 περὶ
1373 3049 1431 3132 τῆς

204 3147 366 3234 θεότητος
393 3151 451 3213 τοῦ
481 3148 554 3214 υίοῦ
577 3147 807 3227 διδασκαλίαν,
839 3142 919 3213 ὅταν
942 3141 1041 3212 αὐτὸν
1063 3144 1097 3213 έν
1118 3156 1193 3223 ταῖς
1215 3144 1332 3226 ἀλλοις
1354 3145 1430 3214 έπι-

204 3250 340 3328 στολαῖς
368 3244 438 3315 ἀπὸ
466 3251 532 3315 τῶν
553 3253 690 3337 γραφῶν
712 3251 788 3336 λέχη
811 3246 925 3334 λόγον,
954 3253 1092 3335 σοφίαν,
1123 3245 1276 3331 δύναμιν,
1307 3241 1430 3332 ἀτμίδα

202 3349 259 3418 καί
287 3345 490 3436 ἀπαύγασμα
518 3353 577 3417 τοῦ
599 3349 735 3435 πατρός.
780 3349 829 3417 ἰἒν
850 3353 929 3435 γοῦν
950 3359 1025 3429 ταῖς
1047 3348 1242 3428 ἐπιστολαῖς
1261 3352 1322 3437 τῆς
1342 3345 1430 3418 ἀπο-

203 3455 317 3539 λογίας
336 3455 476 3519 τοιαῦτα
496 3454 598 3538 λέγων
620 3451 883 3542 παῤῥησιάζεται
904 3451 938 3519 έν
958 3454 1001 3539 τῆ
1021 3457 1136 3519 πίστει
1156 3453 1210 3518 καί
1224 3453 1266 3538 τῆ
1282 3450 1330 3531 είς
1343 3458 1430 3538 Χρι-

204 3555 283 3623 στὸν
305 3551 462 3643 εῦσεβείᾳ.
508 3551 617 3642 όίςπερ
647 3545 704 3622 οῦν
733 3549 771 3621 οῦ
793 3559 1026 3642 κατηγορητέοι
1047 3552 1081 3620 σί
1102 3548 1287 3621 ἀπόστολοι
1310 3551 1368 3619 διὰ
1388 3552 1431 3620 τά

203 3652 404 3742 ἀνθρώπινα
426 3657 556 3746 ῥήματα
583 3656 743 3745 περὶτοῦ
764 3663 877 3742 κυρίου
900 3657 965 3733 (καὶ
987 3653 1048 3741 γάρ
1070 3651 1256 3740 ἅνθρωπος
1276 3659 1389 3740 γέγονε
1409 3645 1429 3719 5

201 3758 333 3845 κύριος),
357 3753 442 3826 ἀλλὰ
462 3758 541 3826 ικαί
560 3761 688 3845 μᾶλλον
709 3757 885 3844 θαύματος
906 3755 996 3837 ἀξιοι
1018 3755 1074 3823 διὰ
1095 3755 1153 3842 τῆν
1168 3755 1358 3841 οἰκονομίαν
1373 3753 1430 3822 καὶ

273 3949 363 4010 nm
384 3949 408 4010 ε,
429 3951 467 4002 ιε.
537 3948 783 4010 2)οιιιο.16,26.
854 3947 880 4006 ει
901 3948 921 3997 1.
941 3947 1003 3996 οειι.
1023 3945 1107 4008 κισ.
1176 3946 1203 4007 ι)
1223 3944 1256 3995 ιε.
1278 3945 1301 4006 ι,
1320 3944 1345 3996 ε.
1403 3943 1429 4006 5)

202 4017 237 4067 lh.
256 4015 281 4079 ε,
300 4015 340 4068 22.
410 4019 436 4077 ε)
455 4019 527 4069 nem.
548 4018 570 4077 ι,
590 4017 613 4067 υ.
683 4017 709 4078 η
728 4017 790 4067 ιω.
810 4014 834 4076 2,
853 4016 881 4088 ο.Ι

206 4188 212 4200 ,
236 4167 257 4201 ι.
277 4143 305 4200 ln
323 4152 392 4202 deest
409 4155 433 4202 in
445 4153 523 4202 Felck.
535 4138 559 4203 δ.
578 4167 651 4202 anon.
667 4151 719 4201 Μαι
734 4158 791 4215 post
875 4166 896 4201 c.
917 4141 1002 4198 αῦτὸῦ
1020 4149 1088 4199 deest
1106 4150 1130 4199 in
1149 4148 1246 4199 Tauria.

202 4211 287 4269 αὐτὸν
304 4221 401 4269 Tauria.
420 4210 479 4269 τόθ’
501 4211 545 4268 ύτι
562 4211 576 4267 5
594 4212 682 4283 λόγος.
719 4220 788 4269 colb.
875 4218 898 4267 δ.
916 4219 1014 4268 Τιαιύο.
1033 4217 1103 4267 (ΞοΙί).
1122 4217 1161 4267 Fr.
1174 4216 1191 4264 Ι.
1211 4213 1344 4264 συνεῖπεν.
1382 4215 1427 4264 Ιετ.

202 4278 261 4336 οὔθ’
273 4279 412 4352 ὅτιλύγος.
436 4289 508 4338 Anio.
528 4279 543 4336 5
562 4289 585 4337 in
604 4287 716 4366 ofunibns
735 4287 789 4364 ¹aliis
840 4283 978 4365 ⁰⁹⁷in
1006 4285 1063 4400 διὲκ.
1082 4292 1107 4335 τι
1125 4284 1181 4362 εδίῑί
1199 4281 1345 4361 συνῆπτεν.
1376 4280 1427 4360 '5⁰¹

202 4371 261 4435 mag.
286 4366 383 4436 ητιειιε
406 4357 463 4418 fleg.
487 4356 589 4418 legunt,
621 4368 645 4403 m
675 4354 789 4404 ommbus
840 4354 938 4432 Τεοτιο.
957 4347 1033 4432 ωμολ
1049 4363 1100 4417 γει.
1129 4345 1428 4430 Ιιοιδεωῦευυεοιυζων·

511 4480 543 4540 ι
839 4420 1113 4550 πλείω
1131 4434 1155 4469 ¹⁰
1171 4418 1413 4469 υνυς
