2948 5092
538 249 648 295 omnm
663 251 701 294 ir.
717 253 834 297 eornm
847 238 1009 300 munos·
1182 236 1185 241 ’
1294 249 1356 312 609

123 409 158 464 et
181 402 297 465 inutilia
319 410 389 463 sunt
409 401 459 462 illa
478 401 610 473 nomina,
632 401 692 463 uisi
714 402 792 465 forte
814 403 881 483 quis
904 404 992 474 dieat,
1015 407 1111 486 ipsum
1126 410 1220 472 Deum
1235 414 1444 494 sapienwffi

123 504 200 565 tiam
229 503 326 583 ipsam
355 511 384 564 et
405 501 533 564 Verbum
566 501 665 580 ipsum
695 521 774 565 esse.
820 505 907 576 Quod
929 506 955 568 si
977 510 1171 586 oonoedatur,
1200 531 1270 575 rere
1291 515 1358 593 ipsa

126 605 241 691 suimet
261 613 347 683 pater
367 611 398 664 et
418 602 497 663 filius
520 602 591 675 erit,
614 611 699 681 pater
719 603 864 679 videlieet,
887 606 1097 689 eumjsapiens
1122 612 1240 687 dieitur,
1263 614 1355 690 filius,

124 725 196 768 cum
220 705 375 785 sapientia.
417 704 505 782 Atqui
528 722 563 764 ea
585 704 615 763 in
636 703 700 765 Deo
722 722 785 765 non
808 713 880 766 suut
893 717 934 783 ⁴ut
955 708 1091 786 qualitas.
1117 713 1235 793 ,Apage
1256 715 1356 795 igitur,
1378 743 1384 759 ·

124 807 158 867 id
182 806 335 885 indignum
356 805 430 867 beo.
474 804 516 865 Ex
539 804 588 864 bis
611 805 692 866 enim
712 805 857 879 efficitur,
879 806 973 869 Deum
996 829 1033 871 ex
1054 813 1186 875 essentia
1208 823 1238 875 et
1260 815 1357 894 quali·

125 916 189 968 tate
218 906 417 986 compositum
445 923 525 966 esse.
569 905 723 984 Siquidem
753 907 853 971 omnis
877 908 1001 986 qualitas
1024 911 1054 972 in
1077 914 1209 976 essentia
1231 923 1294 989 eet,
1323 934 1358 978 ao

124 1008 255 1088 proinde
277 1008 374 1069 divina
396 1007 505 1079 unitas,
528 1024 604 1085 quae
625 1006 777 1069 individua
800 1017 857 1082 est,
880 1012 1046 1089 composita
1060 1013 1215 1089 videbitur,
1240 1025 1358 1096 utpote

125 1112 158 1173 in
182 1110 344 1173 essentiam
365 1117 396 1171 et
417 1108 554 1180 accidens
577 1107 681 1171 divisa.
725 1108 776 1170 Sio
796 1108 896 1188 itaque
920 1112 1093 1174 temerarios
1110 1114 1203 1177 hosce
1217 1117 1357 1180 homines

124 1213 363 1290 interrogemus:
396 1209 487 1270 Filius
519 1208 664 1288 sapientia
692 1217 724 1271 et
743 1210 874 1271 Verbum
896 1211 950 1273 Dei
978 1232 1053 1295 esse⁸
1076 1216 1261 1293 praedicatus
1291 1226 1356 1295 est;

124 1331 258 1392 quomm
279 1300 368 1392 igriur
391 1310 480 1372 modo
504 1310 534 1370 id
556 1311 621 1389 ipse
644 1307 715 1373 est?
736 1310 792 1372 ,δι
818 1321 853 1374 ut
875 1313 1016 1392 qualitas,
1044 1315 1075 1377 id
1103 1316 1263 1379 absurdum
1285 1335 1357 1381 esse

125 1415 187 1476 iam
218 1412 416 1474 ostendimus.
461 1411 494 1472 Si
521 1429 593 1472 vero
623 1410 690 1490 ipse
710 1409 815 1489 Deus,
835 1414 966 1499 ‚pientia
993 1415 1058 1496 ipsa
1081 1426 1143 1492 eet,
1172 1427 1253 1480 certe
1274 1419 1357 1498 quod

124 1513 198 1576 inde
226 1513 349 1575 absurdi
372 1513 521 1592 sequitur,
550 1512 662 1574 dictum
684 1530 702 1574 a
724 1512 764 1575 Sa
878 1523 934 1576 est.
979 1515 1180 1589 Quamobrem
1201 1519 1354 1582 fatendum

122 1623 182 1687 est,
205 1633 274 1677 eum
297 1623 435 1694 tanquam
455 1614 547 1681 fetum
569 1612 692 1692 proprie
714 1631 750 1675 ex
771 1613 839 1692 ipso
861 1615 949 1677 Patre
971 1635 1039 1680 esse
1061 1618 1141 1680 iuxta
1161 1618 1236 1681 lucie
1252 1614 1354 1682 exem-

119 1716 217 1796 plum.
261 1715 300 1777 Ut
321 1715 399 1777 enim
422 1713 458 1775 ab'
480 1713 548 1791 igne
568 1712 618 1774 lux
642 1713 748 1788 oritur,
770 1714 810 1775 ita
833 1715 963 1778 Verbum
985 1737 1021 1778 ex
1042 1718 1104 1779 Deo
1128 1727 1184 1794 est,
1207 1719 1358 1798 Sapientia

123 1837 163 1881 ex
186 1816 327 1897 Sapiente
349 1826 379 1878 et
400 1834 435 1875 ex
456 1815 546 1875 Patre
568 1813 673 1876 Filius.
717 1813 780 1878 Hac
802 1816 882 1878 enim
903 1817 1019 1879 ratione
1041 1819 1139 1880 unitas
1161 1820 1313 1882 individua
1327 1828 1358 1884 et

119 1919 242 1998 integra
260 1925 372 1992 manet.
393 1917 518 1996 eiusque
540 1915 619 1978 filius
641 1915 771 2023 Verbum
792 1936 855 1978 non
877 1918 986 1998 aliquid
1008 1929 1056 1982 est
1077 1922 1210 1984 essentia
1231 1939 1356 1984 vaouum

121 2020 172 2082 rel
201 2038 263 2082 non
291 2018 476 2091 subsistens,
508 2016 562 2079 sed
589 2036 660 2079 rere
689 1998 851 2133 *tiele
879 2028 936 2083 eat.
978 2021 1115 2100 Alioquin
1138 2023 1199 2084 uisi
1221 2023 1294 2086 baec
1314 2022 1356 2086 ita

122 2140 198 2183 esse
219 2120 407 2193 concedatur,
429 2137 501 2180 sane
523 2117 692 2198 quioquid
684 2126 750 2200 ipre
769 2094 880 2183 dieitur
901 2121 1081 2200 cogitatione
1102 2133 1131 2185 et
1155 2124 1243 2185 verbo
1266 2133 1388 2193 tenusr
1393 2149 1440 2193 aio

122 2223 251 2295 existet3
273 2240 349 2302 quae
370 2219 517 2282 sententia
540 2219 566 2281 si
590 2228 636 2280 est
657 2219 850 2299 repudianda,
873 2220 964 2300 igitur
984 2242 1087 2285 verum
1102 2224 1232 2286 Verbum
1247 2244 1354 2289 essen-

122 2325 196 2386 tiale
230 2332 286 2384 est.
335 2321 468 2402 Namque
496 2330 530 2382 ut
550 2338 620 2381 rere
642 2321 731 2382 Pater
752 2330 815 2396 est,
837 2322 878 2384 ita
899 2341 968 2385 vere
990 2334 1038 2385 est
1061 2324 1222 2404 Sapientia.
1271 2325 1355 2389 Unde

122 2425 262 2499 affinitur,
283 2431 318 2486 ut
337 2423 397 2485 duo
421 2423 482 2483 siut
502 2421 591 2483 Pater
613 2430 643 2483 et
656 2421 760 2497 Filius,
782 2441 845 2486 non
866 2443 938 2485 vero
961 2425 1050 2499 idem,
1073 2434 1106 2486 ut
1128 2427 1281 2489 contendit
1296 2427 1354 2487 Sa-

120 2525 257 2602 neutum.
270 2525 325 2588 sed
345 2523 434 2586 Pater
455 2531 617 2603 patemest,
641 2530 672 2584 et
690 2523 783 2586 Filius
805 2524 893 2586 iilius.
938 2525 1034 2588 Unum
1057 2534 1155 2588 autem
1177 2537 1262 2600 suut,
1286 2527 1354 2606 quia

120 2629 217 2691 Filius
239 2626 388 2690 essentiae
401 2625 499 2686 Patris
520 2626 628 2703 natura
648 2624 727 2687 titius
749 2634 797 2687 est
816 2626 1037 2706 propriumque
1055 2628 1120 2688 eius
1136 2627 1265 2690 Verbum
1288 2628 1353 2690 exi·

121 2731 187 2792 stit.
230 2728 264 2789 ld
285 2727 430 2789 Dominus
451 2727 519 2805 ipse
539 2724 653 2789 aiebat:
675 2725 737 2808 ιρι
760 2737 789 2790 et
803 2727 898 2803 Peter
918 2747 1014 2790 uuum
1035 2747 1151 2791 eumue.
1194 2729 1256 2792 Neo
1273 2728 1354 2791 enim

120 2830 254 2892 Verbum
284 2837 453 2907 separatum
481 2826 608 2891 aPatre
630 2836 692 2900 est,
715 2846 772 2889 neo
794 2845 923 2906 unquam
944 2829 1034 2891 Pater
1055 2830 1121 2890 siue
1143 2829 1353 2892 nationesne

120 2931 221 2994 Verbo
251 2929 307 2992 ruit
332 2928 378 2990 vet
407 2936 464 2991 est
507 2926 638 2990 Verbum
667 2928 860 3007 igitur-Deus
884 2939 948 3004 est,
976 2948 1032 2992 neo
1052 2930 1142 2992 Pater
1164 2931 1231 2993 sine
1252 2929 1350 2992 Verbo

122 3042 187 3109 est;
209 3032 290 3094 unde
312 3031 400 3092 dixit:
423 3031 485 3111 Epo
507 3035 541 3111 ia
562 3029 657 3092 Patre
679 3040 714 3092 ιι
730 3028 824 3091 Pater
847 3034 881 3091 in
901 3050 947 3092 me
969 3042 1026 3093 eat.

208 3137 239 3199 3.
282 3133 441 3201 Praeicea
455 3131 593 3193 Christus
610 3130 738 3192 Verbum
753 3129 807 3192 Dei
830 3139 893 3206 est3
914 3149 987 3192 num
1009 3148 1080 3210 ergo
1103 3149 1139 3192 ex
1162 3149 1195 3193 se
1216 3132 1282 3211 ipso
1298 3149 1353 3193 ax·

119 3235 209 3311 stitit,
232 3234 399 3312 deindeque
421 3232 552 3294 existens
574 3250 641 3294 oum
656 3231 744 3294 Patre
765 3241 813 3294 est
834 3232 1001 3311 copulatus,
1023 3250 1061 3294 an
1075 3250 1146 3294 vero
1161 3232 1241 3295 Deus
1255 3233 1354 3313 ipsum

119 3337 193 3403 ierit
215 3348 245 3397 et
267 3336 314 3398 sui
336 3335 430 3413 ipsius
453 3333 581 3396 Verbum
604 3331 785 3414 appellavit?
829 3333 862 3394 Si
884 3334 1014 3412 primum
1036 3334 1230 3408 coucedatur,
1252 3334 1283 3394 id
1305 3341 1353 3396 est

119 3440 148 3502 si
173 3440 274 3518 seipso
298 3437 409 3498 exstitit
431 3445 460 3497 et
482 3443 529 3496 est
550 3435 724 3511 Deus,=duo
746 3435 836 3514 igitur
858 3444 945 3498 erunt
965 3435 1122 3516 principia,
1144 3454 1200 3498 neo
1221 3435 1271 3497 ille
1292 3435 1352 3497 Pa·

119 3541 177 3602 tris
207 3538 348 3620 proprius
378 3538 448 3611 erit,
483 3545 513 3598 et
533 3536 643 3598 merito
666 3536 802 3616 quidem,
835 3545 960 3617 utpote
981 3538 1032 3617 qui
1054 3556 1115 3600 nou
1137 3538 1233 3617 ipsius
1254 3535 1354 3598 Patris

121 3642 178 3704 aed
207 3641 254 3702 sui
284 3639 378 3719 ipsius
409 3640 458 3701 sit.
503 3637 590 3711 Quod
613 3638 640 3703 si
662 3640 847 3700 extrinsecus
870 3640 964 3701 iaetus
988 3648 1051 3712 est,
1079 3658 1130 3701 ree
1154 3648 1253 3700 creata
1274 3645 1354 3699 uerte

119 3745 189 3806 erit.
234 3742 338 3802 Restat
358 3740 474 3821 itaque,
497 3747 529 3802 ut
551 3757 621 3807 etun
641 3759 678 3802 ex
699 3739 767 3821 ipso
788 3739 851 3801 Deo
875 3758 944 3802 esse
966 3740 1119 3816 dieamus;
1143 3740 1223 3820 quod
1246 3739 1272 3800 si
1294 3756 1348 3799 ve·

119 3862 189 3907 rum
212 3853 267 3916 est
291 3840 394 3903 *aliud
416 3858 489 3905 saue
512 3841 600 3903 suerit
621 3840 670 3915 id,
693 3841 773 3920 quod
796 3851 844 3904 est
866 3859 902 3903 ex
924 3840 1040 3920 aliquo,
1074 3849 1104 3902 et
1134 3840 1212 3903 aliud
1241 3839 1288 3910 id,
1317 3857 1356 3901 ex·

120 3963 183 4025 quo
208 3953 265 4018 est,
288 3962 322 4007 ao
342 3943 469 4024 proinde
491 3941 643 4006 fatendum
665 3951 714 4006 ost
734 3943 794 4006 duo
807 3942 896 4027 epse.
940 3942 1015 4004 Nam
1037 3942 1064 4004 si
1080 3943 1138 4005 duo
1153 3959 1214 4002 non
1231 3938 1351 4015 inerint,

190 4196 208 4229 ¹*
225 4198 267 4248 Sic
285 4198 325 4247 bie
343 4205 366 4247 et
383 4210 438 4246 mox
451 4198 567 4248 Graecum
586 4197 662 4246 secuti
681 4194 814 4256 reddimus,
833 4209 881 4244 non
901 4197 971 4257 otius,
991 4204 1018 4246 ut
1036 4194 1116 4246 soient
1134 4193 1201 4258 loqui
1219 4192 1244 4242 in
1262 4190 1353 4242 sobolis

120 4265 250 4329 Tbeologi.
286 4266 343 4315 Vide
361 4280 435 4329 supra
452 4280 508 4352 paq
527 4262 586 4314 553.
606 4262 642 4328 [p.
661 4264 720 4315 rut.
739 4263 788 4314 bui
807 4259 858 4329 ed]
876 4278 942 4314 uum
962 4264 987 4313 4.

117 4403 221 4484 Seguer.
245 4400 318 4451 basii
343 4408 367 4449 et
388 4399 478 4462 Anatis.
497 4391 613 4465 optata.
647 4397 711 4448 Editi
763 4399 819 4461 qiic.
835 4393 872 4464 μὴ
893 4388 977 4447 nitori
996 4410 1045 4445 του
1061 4390 1176 4460 πατρός
1213 4393 1240 4444 In
1259 4390 1312 4442 aliis
1330 4398 1353 4444 et
1465 4423 1470 4430 ·

116 4464 263 4538 νᾳέστηκε.
299 4467 375 4517 Panlo
395 4476 451 4531 port
468 4469 525 4531 [ιιι.
543 4468 617 4518 Baait.
628 4467 710 4521 etti·
763 4468 868 4518 aditione
887 4467 1004 4517 Commet.
1022 4462 1072 4513 τοῦ
1090 4465 1166 4514 deest

151 4557 345 4603 nimiruum.
355 4565 427 4600 nora.
440 4566 489 4601 ιιι.
1075 4547 1146 4599 ιι
