2948 5092
95 242 161 311 ne
489 253 516 297 ε.
531 248 686 313 maman
707 224 931 295 εκευιτυιεεουι

10 404 151 475 numm*
172 402 241 488 πρὸ
263 401 388 467 τοότιον
409 395 430 488 ἡ
452 397 517 484 ζωὴ
537 395 631 485 ἡμῶν
653 398 876 482 τεθεμελίωτο
897 395 954 463 καί
968 392 1151 484 ἡτοίμαστο
1166 398 1202 466 ἰν
1223 406 1327 484 ’Χρι-

97 507 166 591 στῶ
191 498 305 590 Ἰησοῦ.

185 610 234 669 77.
285 596 334 669 Οῦ
362 602 399 668 δί
420 599 482 686 γὰρ
505 595 581 667 οῦδὲ
603 598 638 667 ἐν
661 597 750 686 ἰόλλῳ
771 600 1025 684 θεμελιωθῆναι
1046 597 1104 686 τὴν
1127 599 1213 687 ζωὴν
1231 599 1325 687 ἡμῶν

97 705 251 790 ἔπρεπεν,
274 697 295 790 ἢ
317 701 351 785 ἐν
373 705 420 788 τῷ
442 706 541 787 κυρίῳ
563 704 611 786 τῷ
633 698 701 786 πρὸ
722 699 853 767 αἰώνων
873 699 953 780 όντι,
977 694 1018 767 δι’
1036 690 1075 766 οῦ
1087 703 1143 766 καί
1160 701 1194 768 ολ
1209 703 1324 782 αἰῶνες

96 803 270 892 γεγόνασιν
280 809 310 884 ²),
333 796 374 868 ἵν’
399 797 445 881 ῶς
466 801 501 868 ἐν
522 795 612 887 αότῷ
635 795 736 888 αότῆς
758 799 858 889 οόσης
880 801 1076 888 δυνηθῶμεν
1089 804 1144 867 καλ
1160 797 1258 888 ἡμεῖς
1275 803 1323 869 αἰ-

98 904 200 973 ῶνιον
228 905 473 992 κληρονομῆσαι
501 900 595 991 ζωήν.
632 896 783 988 ιἀγαθὸς
810 901 872 989 γὰρ
901 897 1039 980 όθεός·
1069 895 1201 986 όγαθὸς
1222 905 1260 971 δέ
1281 899 1323 971 ῶν

97 999 150 1074 όιὲἰ
171 1008 271 1074 τοῦτο
292 1003 500 1092 βεβούληται,
522 1001 693 1089 γινώσκων
713 1000 772 1092 τὴν
793 998 954 1090 ἡμετέραν
975 996 1103 1090 ἀσθενῆ
1126 1003 1230 1090 φύσιν
1249 1005 1322 1092 χρή-

96 1106 219 1189 ζουσαν
238 1108 298 1191 τῆς
318 1101 397 1191 παρ’
423 1101 524 1171 αἰτοῦ
544 1108 708 1192 βοηθείας
728 1106 840 1172 τεκαὶ
863 1109 1036 1192 σωιηρίας.
1072 1107 1127 1172 καί
1151 1101 1265 1193 ῶςπερ
1286 1102 1322 1173 όν

96 1208 130 1276 τό
149 1231 203 1285 τις
223 1201 419 1292 ἀρχιτέκτων
442 1204 559 1293 σοφός,
573 1209 786 1292 προθέμενος
799 1205 907 1273 οἰκίαν
921 1204 1118 1289 οἰκοδομεῖν,
1132 1206 1323 1292 βουλεύεται

96 1304 185 1393 ἅμα,
214 1307 270 1375 ίνυ
292 1306 350 1376 ἰόν
370 1330 457 1375 ποτε
476 1305 533 1377 καί
553 1308 672 1396 φθαρῇ
692 1304 779 1391 μετὰ
798 1305 838 1373 τὸ
858 1312 1017 1392 γενέσθαι
1037 1305 1192 1394 οταύτην,
1222 1306 1323 1374 πόλιν

96 1403 341 1497 όνανεῶσηται,
364 1411 463 1476 τοῦτο
486 1408 523 1475 δὲ
543 1406 782 1494 βουλευόμενος
802 1406 1039 1493 προετοιμάζει
1059 1410 1113 1475 καλ
1137 1409 1260 1476 δίδωσι
1279 1410 1323 1496 τῷ

96 1510 308 1598 ἐργασαμένῳ
330 1509 411 1599 *τὴν
434 1509 482 1588 εἰς
503 1503 686 1577 ἀνανέωσιν
705 1510 932 1597 παρασκευήν,
955 1507 1156 1597 καὶγίνεται
1178 1510 1324 1597 πρὸτῆς

75 1611 203 1690 οἰκίας
229 1606 249 1698 ἡ
280 1614 339 1697 τῆς
368 1606 582 1690 ἀνανεώσεως
602 1610 879 1699 προπαρασκευή·
906 1609 964 1676 τὸν
987 1605 1087 1677 αότδν
1108 1610 1238 1696 τρόπον
1259 1609 1324 1697 πρὸ

93 1707 187 1800 ἡμῶν
218 1707 238 1800 ἡ
267 1714 344 1798 ’τῆς
375 1706 535 1797 ἡμετέρας
567 1717 734 1801 σωτηρίας
760 1705 942 1791 ἀνανέωσις
968 1712 1189 1795 θεμελιοῦται
1216 1711 1254 1780 ἐν
1278 1717 1322 1797 τῷ

8 1834 85 1882 μου.
94 1815 252 1900 Χριστῷ,
284 1807 325 1880 ἵν’
349 1811 385 1879 ἰν
412 1806 502 1898 αὐτῷ
529 1815 585 1880 καί
607 1806 868 1902 Ιοἰνακτισθῆναι
895 1813 1102 1901 δυνηθῶμεν.
1137 1816 1193 1880 καλ
1222 1809 1322 1903 ἡμὲν

94 1913 197 2000 βουλὴ
224 1911 282 1980 καὶ
307 1909 330 2001 ἦ
356 1911 525 1999 πρόθεσις
551 1912 621 2001 πρδ
646 1916 707 1981 τοῦ
728 1913 850 1993 αἰῶνος
870 1911 1078 2001 ἡτοιμάσθη,
1111 1912 1149 1979 τὸ
1173 1915 1212 1981 δί
1233 1913 1324 2000 ίργυν

54 2011 62 2037 “
94 2020 234 2102 γέγονεν,
257 2010 314 2083 ὅτε
334 2010 354 2099 ἡ
376 2021 469 2100 χρεία
491 2009 642 2102 όπῄτησε
662 2018 716 2082 καί
739 2013 946 2104 ’ἐπεδήμησεν
964 2011 983 2081 ό
998 2015 1123 2102 σωτήρ·
1146 2010 1249 2094 αι’πός
1262 2013 1321 2101 γὰρ

96 2111 115 2181 ό
136 2115 248 2204 κύριος
271 2109 343 2182 ἇντλ
366 2115 502 2184 πάντων
522 2111 603 2203 ἡμῖν
624 2116 659 2184 ἰν
674 2126 747 2196 τοῖς
764 2111 920 2203 οόρανοῖς
932 2117 1111 2203 γενήσεται,
1134 2117 1324 2202 ιτιροςλαμ·

95 2217 207 2303 βόνων
228 2212 315 2305 ἡμᾶς
337 2216 385 2295 εἰς
405 2217 465 2301 τὴν
487 2215 623 2285 αἰώνιον
639 2216 732 2307 ζωήν.
762 2215 855 2306 ἤρκει
868 2219 928 2302 μὲν
944 2209 1003 2286 οῦν
1016 2222 1121 2285 ταῦτα
1134 2217 1224 2303 πρὸς
1239 2211 1324 2284 όπό·

95 2318 197 2398 δειξιν
226 2321 286 2384 τοῦ
308 2316 355 2404 μὴ
378 2312 465 2386 εἶναι
483 2326 606 2404 κτίσμα
625 2318 683 2386 τὸν
704 2321 764 2386 τοῦ
787 2322 870 2386 θεοῦ
893 2318 1006 2404 λόγον,
1035 2316 1120 2385 ἀλλὰ
1140 2321 1195 2385 καί
1219 2312 1324 2404 όρθην

94 2414 181 2488 εἰναι
202 2418 261 2505 τὴν
281 2422 342 2485 τοῦ
363 2419 464 2506 ῥητοῦ
488 2419 647 2487 διάνοιαν.
685 2418 803 2506 ἐπειδη
827 2421 863 2488 δέ
878 2419 1136 2507 διερευνώμενον.
1151 2418 1211 2486 11τὸ
1226 2416 1325 2505 ῥητόν

94 2516 201 2608 ὀρθὸν
223 2520 290 2604 ἔχει
310 2520 525 2604 πανταχόθεν
545 2518 604 2587 τόν
625 2524 718 2603 νοῦν,
741 2516 931 2589 ἀκόλουθον
952 2524 1006 2588 καί
1028 2523 1146 2587 τοῦτον
1167 2520 1227 2588 τὸν
1249 2522 1325 2588 νοῦν

94 2621 233 2690 εἰπεῖν’
253 2622 335 2702 ἰὀως
366 2621 401 2689 ἐκ
422 2623 558 2689 πολλῶν
580 2608 790 2708 όντραπῶσιν
812 2623 846 2690 οἰ
867 2617 1011 2709 όνόητοι.
1047 2628 1140 2707 χρεία
1163 2622 1199 2688 δὲ
1221 2620 1324 2687 πόλιν

92 2726 160 2791 τῶν
181 2729 447 2810 προειρημένων·
469 2720 632 2811 περὶγὰρ
654 2725 714 2809 τῆς
735 2718 838 2810 αὐτῆς
857 2730 1044 2810 παροιμίας
1064 2722 1121 2789 καί
1141 2725 1201 2811 τῆς
1222 2717 1323 2809 αὐτῆς

94 2831 218 2914 σοφίας
246 2824 316 2892 ἐστὶ
344 2823 385 2890 τὸ
413 2830 639 2909 προκείμενον.
677 2817 737 2891 οόκ
765 2825 891 2911 εἴρηκεν
913 2819 1139 2895 έαυτὸν.εἰναι
1159 2827 1200 2911 τῇ
1224 2823 1323 2912 φόσει

92 2933 215 3010 κτίσμα
248 2921 266 2990 ό
301 2923 415 3012 λόγος,
449 2918 519 2992 ἀλλ’
545 2925 578 2992 ἐν
600 2930 800 3010 παροιμίαις
822 2927 929 3014 εἰρηκε
950 2925 989 2992 τὸ
1010 2925 1122 3011 κόριος
1144 2925 1254 2992 έκτισό
1273 2949 1323 3011 με,

92 3028 146 3095 καί
178 3026 278 3115 δῆλόν
301 3025 391 3093 ἰστιυ
420 3022 474 3093 ότι
495 3030 573 3094 νοῦν
593 3051 669 3093 τινα
691 3020 731 3093 οῦ
751 3028 923 3115 παρρησίᾳ
944 3022 1030 3094 ἀλλὰ
1050 3030 1168 3094 τοῦτον
1189 3052 1325 3114 κεκρυμ·

92 3134 192 3213 μένον
221 3134 390 3215 σημαίνει,
422 3123 536 3196 όντινα
563 3130 618 3196 καί
639 3123 727 3216 ἡμᾶς
748 3128 888 3196 δυνατόν
911 3127 1032 3215 εόρείν,
1062 3128 1093 3195 εί
1114 3131 1324 3214 περιέλοιμεν

93 3228 134 3296 τὸ
161 3228 316 3314 κάλυμμα
343 3232 403 3316 τῆς
424 3237 617 3316 παροιμίας.
657 3235 709 3309 τίς
729 3229 791 3316 γὰρ
814 3225 942 3298 όκοόων
963 3234 1021 3318 τῆς
1044 3231 1245 3317 δημιουργοῦ
1268 3252 1321 3296 ου

95 3337 185 3418 φίας,
208 3330 332 3416 ῑκόριος
355 3330 462 3398 ἐ’κτισέ
482 3356 524 3418 με
546 3326 645 3420 ἀρχὴν
669 3326 755 3399 όδῶν
778 3327 879 3398 αὐτοῦ
887 3334 909 3411 ²)
926 3331 1125 3419 φαοκοόσης,
1149 3327 1207 3397 οόκ
1223 3325 1324 3409 εὐθὺς

94 3431 184 3520 ζητεῖ
211 3430 270 3518 τὴν
298 3431 464 3513 διάνοιαν,
499 3432 709 3519 λογιζόμενος
734 3435 811 3511 πῶς
839 3432 976 3500 δύναται
1003 3428 1023 3519 ἡ
1046 3433 1201 3512 κτίζουσα
1221 3432 1325 3513 κτίζε-

94 3538 198 3616 σθαις
231 3539 282 3611 τίς
304 3527 449 3613 όκοόσας
469 3538 528 3602 τοῦ
549 3534 748 3621 μονογενοῦς
768 3534 842 3600 υἱοῦ
863 3537 923 3601 τοῦ
939 3537 1023 3602 θεοῦ
1045 3535 1197 3618 λέγοντος
1224 3529 1324 3621 ἀρχὴν

94 3630 181 3701 ὁδῶν
204 3633 321 3704 ἑαυτὸν
343 3636 517 3717 κτίζεσθαι
538 3630 596 3703 οῦκ
618 3635 733 3722 ἐρευνᾷ
755 3632 813 3702 τὸν
835 3637 930 3716 νοῦν,
963 3633 1144 3718 θαυμάζων
1166 3637 1243 3712 πῶς
1269 3632 1323 3700 δυ’-

163 3808 187 3869 1)
206 3809 279 3860 Hebr.
300 3810 324 3872 1,
343 3808 366 3859 2.
436 3810 462 3871 2)
481 3812 549 3860 Ριοι.
568 3808 593 3869 8,
612 3807 652 3859 22.

126 3942 149 3977 ε.
176 3928 277 3990 ὃεςυει.
302 3936 326 3978 ει
349 3928 455 3977 Felckm.
473 3928 497 3978 4.
521 3920 551 3976 ἰν
567 3924 682 3992 Χριστῷ
734 3926 833 3987 Seguer.
859 3925 957 3976 Gobler.
982 3941 1009 3974 ac
1027 3925 1132 3975 Felckm.
1152 3925 1175 3973 1.
1193 3917 1324 3972 τοῦτοδὲ

88 3986 186 4055 Ἰησοῦ.
222 3996 247 4046 ln
271 3996 326 4046 aliis
351 4005 374 4045 ει
397 3996 468 4045 editis
491 3997 559 4045 deest
580 3986 680 4057 Ἰησοῦ.
732 3987 905 4110 βουλόμενος.
933 3993 996 4042 Editi
1013 4002 1038 4042 ει
1054 3993 1095 4042 alii
1113 3990 1196 4040 τοῦτο
1214 3987 1247 4042 δὲ
1262 3993 1323 4056 βου-

91 4062 185 4113 lbidem
209 4063 307 4113 Gobler.
332 4072 355 4112 τι
374 4064 477 4113 Felckm.
499 4064 520 4114 1.
539 4052 615 4113 οῦδὲ..
624 4056 681 4129 γὰρ
761 4052 882 4127 υόμενος.

90 4123 121 4182 έν
139 4123 219 4194 ἄλλῳ.
245 4131 297 4180 Μαι
310 4131 382 4180 iidem
394 4139 416 4180 et
426 4132 526 4193 Seguer.
538 4129 682 4180 acFelckm.
767 4130 790 4179 δ.
818 4130 917 4191 Soguer.
936 4127 1026 4189 Αυχίίε.
1052 4127 1150 4177 Gobler.
1174 4124 1283 4177 Ἑείείειυ.
1302 4126 1322 4176 1.

91 4189 149 4277 §j
168 4190 254 4277 512th
271 4192 364 4264 κυρίῳ.
391 4189 635 4263 Αίίίεῑεδίιίελμὴ
653 4188 683 4247 ἰν
734 4186 1089 4257 ε14.τὴνείεόνανέωσιν.
1112 4195 1204 4245 {nuliis
1218 4203 1242 4245 ει
1255 4195 1325 4244 edilis

91 4278 267 4384 τῳλιῦίὶρολίἰει.
286 4342 310 4383 ει
327 4332 432 4383 Felckm.
455 4332 475 4383 l.
498 4324 605 4398 όιγαθός
626 4326 682 4398 γὰρ
733 4255 1322 4406 λὶςεἰοίἰιίιαῦιίόόκεῦόῦιωλΙῦοίῦίἰδιΡῦίοόίῦίί

92 4392 192 4453 δθείιε
208 4391 249 4467 ῶν
266 4392 318 4457 όεί,
337 4397 428 4449 τοῦτο.
732 4395 969 4468 προπαρασκευιῑν.
1004 4400 1056 4449 Mox
1080 4398 1181 4461 Seguer.
1206 4388 1322 4446 ἇνανευν

127 4483 148 4518 ε.
166 4464 273 4520 Fuluia.
290 4468 315 4520 ί.
332 4462 471 4529 τοιαότην.
507 4469 559 4519 Mox
577 4468 641 4520 idem
659 4475 683 4519 et
734 4480 802 4522 σεως
817 4462 1038 4543 προπαρασκενιί.
1065 4466 1164 4519 ῦοίιίιτ.
1177 4466 1285 4517 ῖιλτίιυ.
1301 4464 1322 4514 1.
