2948 5092
513 274 669 319 ammon.
686 275 802 319 concas
815 274 952 321 munos.
1282 263 1346 329 dil

121 446 251 492 carmus
273 431 375 490 scaete·
393 439 424 490 et
443 424 630 487 immaculati
647 428 680 487 in
703 435 864 505 conspectu
886 428 951 488 οηιο
973 428 1006 487 in
1021 431 1158 497 cantate,
1181 430 1234 508 qui
1249 440 1431 508 proaem

120 532 283 593 destinavit
303 546 360 590 nos
382 533 414 591 in
437 528 626 606 adoptionem
644 543 703 606 per
724 525 826 587 lesum
850 526 1003 588 Christum
1024 532 1056 588 in
1077 532 1186 607 ipsum.

203 632 255 694 ib
301 628 460 702 Quomodo
483 645 553 707 ergo
577 645 633 688 nos
655 625 744 706 elegit
765 633 921 704 ammonam
943 645 1097 698 essemus,
1128 627 1201 700 uisi,
1225 636 1258 690 ut
1279 629 1345 709 ipse

120 732 210 806 dixit,
239 732 272 792 iu
300 731 367 817 ipso
394 730 557 791 fuissemus
584 725 788 808 praesignati?
825 726 883 800 Qut
904 746 976 789 vero
997 728 1060 791 lieri
1083 728 1197 808 potuit,
1224 737 1258 791 ut
1277 748 1345 804 nos,

118 834 293 913 priusquam
313 830 452 893 homines
482 836 668 902 crearentur,
702 827 732 889 iu
761 828 952 907 adoptionem
974 829 1252 908 praedestinaverit,
1287 830 1347 895 uisi

119 936 185 1016 ipse
207 933 300 996 illius
322 940 391 994 ante
413 950 517 994 aarum
538 930 677 993 fundatus
698 937 797 1001 esset,
826 937 965 1009 suscepta
986 931 1084 993 nostri
1104 932 1199 1010 gratia
1220 931 1344 1011 dispeu-

119 1031 264 1098 satlcne‘l
291 1034 343 1095 Vel
365 1032 527 1113 quomodo,
548 1042 583 1095 ut
604 1030 726 1095 subiicit
745 1030 1027 1110 Apostolua,·sorte
1049 1050 1153 1095 sums
1171 1035 1345 1112 praedesti-

118 1140 200 1209 ssati,
223 1134 285 1197 nisi
306 1135 371 1215 lpse
393 1134 538 1196 Dominus
559 1141 627 1195 ante
648 1150 753 1195 aetum
774 1131 915 1195 lundatus
937 1133 1051 1205 luisset,
1074 1132 1115 1195 ita
1135 1140 1169 1196 ut
1189 1133 1248 1213 ipsi
1268 1152 1345 1214 pro-

118 1237 251 1318 positum
274 1235 362 1298 luerit
382 1252 502 1296 omnem
523 1233 795 1297 iudiciiadrersum
810 1250 867 1295 nos
882 1232 933 1297 lati
949 1242 1062 1296 sortem
1077 1253 1167 1297 earne
1181 1234 1345 1314 suscipere,

119 1359 179 1420 quo
199 1356 260 1400 nos
281 1338 422 1417 deinceps
445 1336 496 1397 lilii
518 1335 550 1397 in
572 1335 638 1416 ipso
661 1333 869 1397 efficere-uri
913 1334 1071 1408 Quomodo
1099 1336 1170 1399 item
1192 1354 1267 1409 nos,
1293 1334 1345 1415 qasl

118 1440 253 1503 nondum
274 1456 403 1511 mamus,
425 1437 478 1499 sed
500 1444 635 1516 tempore
648 1431 835 1510 exstitimus,
858 1445 927 1499 ante
948 1437 1344 1518 aeternatcmporasccepi-

118 1562 202 1615 mus,
226 1541 285 1603 uisi
306 1541 414 1620 gratia,
442 1556 518 1618 quae
538 1539 575 1600 ad
597 1557 654 1600 uos
674 1537 825 1618 persenit,
856 1537 888 1600 in
909 1535 1037 1599 llomiuo
1058 1539 1167 1601 luisset
1186 1538 1344 1620 seposiut

119 1644 195 1707 lliuc
223 1643 273 1705 ille
303 1643 334 1704 iu
361 1640 486 1714 iudicio,
516 1658 583 1702 cum
610 1639 816 1720 unnsquisque
836 1657 893 1720 pro
915 1638 980 1702 suis
1001 1639 1086 1701 lactis
1108 1641 1275 1704 mercede·
1296 1649 1433 1727 salman,

119 1752 311 1826 οοοορωωω,
343 1743 438 1805 dicet:
478 1741 579 1805 Venite
610 1742 758 1804 denedicti
786 1740 889 1803 Patris
913 1744 986 1814 mei,
1016 1742 1170 1823 possidete
1197 1754 1346 1825 paratust

118 1849 204 1911 nodis
232 1864 361 1926 repauso
387 1863 407 1906 o
435 1846 649 1906 cruentatione
680 1843 796 1905 mundi.
839 1841 997 1915 Quomodo
1030 1843 1120 1923 igitur
1151 1843 1199 1907 rel
1226 1844 1257 1906 ln
1284 1862 1344 1925 quo

119 1958 276 2028 antequa·
298 1963 435 2008 essemus
456 1953 590 2024 paratum
613 1952 675 2018 est,
698 1942 755 2005 nisi
779 1943 811 2004 in
831 1942 969 2018 Domino,
993 1945 1043 2024 qui
1064 1954 1132 2007 ωηο
1153 1963 1257 2009 aenum
1278 1964 1347 2009 eam

120 2050 160 2112 nb
182 2066 303 2111 causam
325 2046 464 2109 lundatus
485 2054 548 2118 est,
577 2057 610 2107 ut
630 2063 687 2108 nos
710 2063 802 2125 super
822 2044 920 2124 ipsum
942 2053 1082 2125 tanquam
1103 2046 1246 2109 aedificati
1267 2047 1345 2111 ritae

120 2161 149 2214 et
170 2149 299 2231 gratiss,
321 2165 395 2228 quae
418 2146 455 2209 ab
478 2146 528 2209 illo
551 2147 663 2219 oritur,
686 2146 765 2209 velut
785 2147 845 2227 apti
867 2146 981 2226 lapides
1001 2148 1161 2228 participes
1184 2146 1346 2237 essemusl

121 2255 154 2316 ld
175 2261 277 2315 autem
299 2268 335 2311 eo
357 2252 465 2312 lactum
488 2257 545 2321 est,
568 2257 712 2328 quantum
733 2249 783 2328 pie
802 2256 905 2329 potest
924 2249 1064 2327 eogimi,
1086 2258 1128 2324 ut,
1149 2251 1345 2330 quemadmo-

122 2357 189 2419 dum
211 2353 283 2426 dixi,
307 2371 323 2414 a
345 2359 441 2413 morte
462 2350 641 2429 temporaria
663 2349 779 2412 excitati
795 2358 939 2430 perpetuo
961 2350 1244 2431 viveropossimus,
1266 2351 1347 2431 quod

125 2457 212 2518 nobis
244 2470 431 2533 nequaquam
463 2451 614 2524 licuisset,
647 2451 696 2530 qui
725 2450 836 2513 lumeni
869 2469 973 2513 sumus
1005 2452 1160 2527 homines,
1191 2453 1249 2514 nisi
1278 2460 1347 2514 ants

121 2575 222 2620 aevum
243 2555 333 2616 nobis
356 2573 425 2634 spes
447 2553 524 2615 ritae
545 2561 575 2614 et
596 2552 700 2616 salutis
722 2552 752 2614 ln
774 2552 894 2615 Christo
916 2562 999 2615 esset
1019 2562 1201 2633 praeparata.
1244 2555 1347 2633 ltaque

121 2661 184 2721 iure
212 2657 323 2719 merito
350 2656 479 2717 Verbum
508 2655 538 2715 in
562 2663 694 2716 nostram
717 2654 840 2716 veniens
862 2672 980 2716 carnem
1002 2657 1033 2717 in
1054 2674 1148 2734 eaque
1167 2655 1345 2736 principium

121 2760 231 2822 riarum
261 2756 292 2819 in
321 2774 412 2835 opera
443 2774 496 2817 sua
526 2763 658 2816 creatum
690 2755 746 2817 bae
776 2755 909 2828 ratione,
943 2764 975 2817 ut
1003 2764 1067 2817 erat
1092 2756 1124 2817 in
1151 2756 1219 2836 ipso
1246 2756 1345 2818 Patris

122 2861 267 2934 volontas,
290 2858 439 2930 landatur,
462 2857 550 2917 sicuti
573 2863 836 2918 commemoratum
859 2864 914 2931 est,
937 2866 1004 2920 ante
1025 2875 1129 2919 aerum
1145 2865 1175 2918 et
1189 2865 1346 2937 antequam

123 2971 197 3024 terra
219 2962 306 3023 lieret
326 2967 357 3020 et
377 2968 495 3020 montes
517 2957 733 3020 collocarentur
754 2959 911 3035 lentusque
939 2958 1133 3032 scaturirent,
1161 2976 1199 3019 ne
1222 2959 1346 3033 scilicet,

123 3081 186 3125 eum
214 3072 313 3133 terra,
346 3068 464 3121 montes
490 3077 650 3138 rerumque
681 3057 885 3139 apparentium
912 3057 1023 3137 ligures
1046 3059 1076 3118 in
1098 3059 1157 3119 fine
1178 3060 1347 3138 praesentis

124 3165 181 3226 aeri
209 3161 434 3244 praeterierint,
467 3178 525 3222 nos
554 3160 690 3222 similiter
717 3168 750 3222 ut
764 3159 824 3222 ,illa
851 3168 999 3222 vetustate
1030 3162 1260 3235 conliecrcmur,
1293 3163 1348 3225 scd

123 3267 219 3345 potius
240 3272 276 3325 ut
297 3264 384 3326 etiam
407 3271 510 3343 postea
537 3263 635 3324 rivere
668 3263 850 3334 valeremus,
884 3270 988 3342 utpote
1021 3262 1071 3340 qui
1099 3261 1187 3323 nobis
1209 3271 1277 3325 ante
1298 3283 1347 3327 res

124 3367 182 3431 illas
203 3374 408 3446 praeparatam
431 3366 550 3444 inipso
574 3364 669 3426 Verbo
692 3363 853 3426 habeamus
876 3353 1038 3425 seeundum
1061 3362 1236 3426 electionem
1259 3366 1346 3428 vitam

125 3481 151 3530 et
176 3468 416 3530 benedictionem
450 3466 621 3547 spiritalem.
667 3465 718 3528 Sic
745 3466 824 3528 enim
852 3465 941 3530 vitam
970 3464 1091 3527 minime
1118 3467 1227 3529 lluxam
1248 3466 1348 3530 licebit

154 3771 174 3803 e.
193 3756 267 3816 Sego.
286 3754 499 3804 centecimum.
515 3755 602 3804 bell.
614 3749 708 3820 κυρίῳ.
760 3753 872 3802 omittunt
899 3749 967 3810 ζωῆς
989 3748 1043 3802 καί.
1085 3754 1176 3805 lbidem
1201 3758 1300 3817 Seguer.
1324 3749 1349 3805 εἰ

127 3821 181 3872 Editi
200 3821 282 3871 etalii
301 3820 422 3887 Χριστῷ.
761 3812 854 3872 οὕτως.

155 3894 170 3938 t.
193 3890 297 3951 Sepuer.
311 3890 408 3939 Gobler.
426 3898 450 3939 et
468 3889 571 3937 Felclsm.
585 3889 606 3936 l.
624 3880 708 3943 τάξιν.
795 3888 810 3937 l.
829 3889 928 3947 Segusa.
948 3888 1044 3938 Goblsr.
1064 3896 1087 3936 et
1110 3888 1215 3937 Felclsm.
1236 3883 1349 3936 1.er

126 3955 191 4007 basil.
208 3950 308 4022 sptem
343 3957 389 4005 llil
406 3965 430 4006 st
448 3956 504 4005 editi
522 3952 628 4021 πρᾶξιν.
759 3950 928 4021 προείρηται.
947 3954 991 4004 llil
1002 3964 1025 4004 et
1037 3949 1226 4023 editixndcirrep
1235 3948 1348 4025 εἴρηται.

155 4057 177 4104 Β,
195 4042 296 4104 Smer,
316 4048 340 4089 οι
363 4039 418 4103 ῃοο,
437 4032 706 4107 ἐποικοδομούμενοι,
795 4037 827 4074 m.
851 4025 892 4073 Sic
914 4024 1015 4085 Segusa.
1039 4023 1263 4102 penten-letenna.
1283 4023 1306 4102 l.
1324 4022 1349 4074 le

126 4109 164 4158 ηο
182 4119 206 4160 a
223 4109 281 4158 sain
299 4100 533 4173 οἰκοδομούμενοι.
761 4090 834 4170 ηρε
872 4096 901 4142 n
923 4091 981 4152 fles·
1004 4083 1064 4142 troc
1088 4083 1214 4170 {mosoc
1256 4090 1301 4169 ana
1325 4098 1350 4142 et

156 4194 179 4243 h·
197 4192 298 4255 sesnes·
313 4191 529 4243 Goblfflelckm·
551 4194 573 4242 ¹·
592 4201 615 4242 et
632 4193 656 4242 4.
676 4184 712 4246 ὥς
763 4160 836 4209 odino
861 4158 978 4210 Commel.
1002 4155 1141 4220 συντελειᾳ
1165 4172 1213 4207 του
1238 4151 1347 4212 olores.

126 4273 152 4322 ys
168 4255 294 4327 μετρίως,
331 4260 358 4309 ιο
377 4259 431 4309 „1555
450 4269 474 4310 ep
491 4262 563 4310 eduis
605 4262 711 4311 ‘deest'
763 4229 863 4288 Seguer.
882 4227 938 4276 ibid.
956 4220 1138 4275 κατὰταῦτα.

127 4328 214 4379 lbidem
232 4328 330 4379 Gobler.
343 4335 367 4376 et
378 4326 484 4378 Fslolsm.
499 4332 521 4378 1.
539 4320 571 4377 ἕω
586 4328 710 4394 ρχεσθαι.
764 4292 1234 4426 ΑιῃῖὶῃῗίξιὸἑῇῗξὲᾆξιῖωίὲρἘπ’
1254 4292 1350 4412 {him

158 4415 173 4463 i.
192 4413 233 4463 Sis
250 4427 310 4463 mss.
344 4415 373 4462 dt
390 4412 448 4462 editi
467 4409 567 4475 (eiam
587 4416 711 4464 mendose.
763 4434 862 4492 303„st
881 4429 979 4481 00pr
998 4439 1020 4479 οο
1038 4428 1179 4481 pelam,
1197 4419 1265 4479 m&
1280 4421 1351 4494 μοοὰ

155 4494 296 4560 assigner.
315 4496 415 4549 Goblsr.
432 4496 586 4549 Felelrmanul
606 4501 628 4550 l.
647 4499 712 4549 etl.
764 4507 809 4548 etc.
844 4498 888 4546 Alii
906 4506 931 4547 st
947 4498 1005 4547 editi
1021 4487 1088 4544 ἀλλὰ
1103 4490 1150 4546 καὶ
1165 4489 1238 4564 μοι’
1253 4506 1299 4547 etc.
