2948 5092
490 261 597 304 enarro
614 262 656 304 111.
673 261 788 303 conrnn
802 261 935 305 caunos.
1242 253 1302 314 571

76 415 188 477 Paulus
213 414 348 494 scripsit:
388 414 527 476 Christus
555 414 613 474 net
639 417 738 474 virtus
761 425 792 475 ct
813 414 871 475 Dei
892 419 1055 496 sapientia,
1087 435 1173 493 quem
1195 437 1389 497 quaesoeaoo.

77 536 274 598 progressum
296 517 409 596 accepit
430 513 604 594 Sapientia?

167 724 217 785 52.
262 720 405 780 Homines
434 718 552 797 uiridem
581 726 683 795 utpote
705 701 793 779 creati
817 719 847 779 in
869 719 976 781 virtute
998 722 1137 800 progredi
1161 732 1189 783 et
1211 724 1304 802 proli-

78 841 149 882 cere
171 831 307 902 possunt.
352 821 426 881 Hinc
447 821 550 880 Enoch
571 819 730 880 translatus
754 829 814 894 est,
843 821 1019 901 lliopsesque
1048 826 1209 885 crescendo
1232 843 1303 904 per-

77 925 242 995 ficiebatur,
266 932 296 984 et
316 923 398 984 Isaac
421 922 600 1000 proficiendo
623 939 746 999 magnus
769 931 814 982 est
836 924 969 995 ellectus,
992 925 1153 1004 Apostolus
1175 928 1245 987 item
1268 927 1304 988 ad

78 1045 115 1086 ea
138 1044 212 1104 quae
234 1025 333 1103 priora
357 1034 427 1084 sunt
450 1043 482 1084 se
504 1031 629 1083 testatur
651 1023 817 1085 extendere.
863 1024 975 1103 Singuli
999 1026 1111 1087 scilicet
1133 1028 1303 1089 ulteriorem

77 1137 148 1189 ante
171 1148 203 1189 se
232 1127 368 1207 gradum,
402 1145 459 1204 quo
488 1125 754 1204 progrederentur,
786 1125 928 1188 habuere.
972 1129 1009 1188 nt
1036 1128 1088 1188 Dei
1116 1129 1223 1203 Filius,
1253 1120 1303 1208 qui

77 1230 198 1309 quidem
222 1229 304 1289 solus
327 1229 390 1308 ipse
414 1238 467 1299 cst,
492 1246 618 1306 peronam
641 1246 674 1288 se
695 1236 796 1305 potest
817 1228 999 1290 extendere?
1029 1229 1136 1291 Omnia
1158 1231 1302 1309 siquidem
1311 1254 1388 1300 neon

78 1332 110 1392 in
133 1350 200 1392 eum
223 1329 389 1391 contuendo
411 1328 584 1407 proliciunt,
618 1328 682 1408 ipse
704 1348 792 1402 vero,
827 1349 892 1392 cum
915 1332 998 1392 solus
1026 1333 1080 1403 sit,
1111 1331 1140 1392 in
1169 1334 1234 1421 solo
1257 1341 1304 1394 est

76 1434 177 1506 Patre,
201 1452 216 1493 a
239 1451 297 1511 quo
321 1451 381 1491 non
403 1431 483 1522 ultra!
500 1430 696 1509 progreditur,
720 1431 772 1491 sed
796 1450 916 1508 semper
938 1432 967 1492 in
990 1451 1026 1493 eo
1050 1442 1158 1494 manet.
1202 1434 1303 1513 ltaque

76 1534 233 1596 hominurn
256 1544 303 1597 est
330 1535 489 1613 prolicere,
523 1542 552 1593 at
579 1532 631 1593 Dei
660 1532 768 1604 Filius,
800 1535 868 1612 quia
897 1534 970 1594 nibil
993 1555 1051 1614 quo
1074 1536 1303 1614 progrederetur

76 1637 211 1711 baberet,
234 1656 300 1698 cum
322 1637 352 1697 in
375 1637 461 1696 Patre
484 1634 522 1695 sit
543 1637 707 1713 perlectus,
730 1635 861 1714 seipsum
883 1654 937 1715 pro
961 1635 1049 1696 nobis
1071 1637 1247 1707 humiliavit,
1271 1647 1304 1700 ut

76 1757 134 1800 nos
163 1739 194 1798 in
223 1739 287 1798 eius
316 1737 479 1798 bumilitate
509 1738 600 1815 magis
630 1724 765 1799 crescere
786 1756 958 1817 possemus.
1002 1738 1087 1799 Aliud
1110 1748 1207 1800 autem
1230 1739 1302 1802 nibil

76 1849 125 1903 est
147 1842 360 1902 incrementum
381 1848 528 1912 nostrum,
551 1859 636 1917 qnam
660 1849 691 1900 ut
712 1858 728 1900 a
750 1839 850 1913 rebus,
873 1859 948 1918 quae
969 1858 1075 1901 sensus
1099 1849 1227 1913 movent,
1250 1861 1301 1904 rc·

75 1944 216 2005 cedamus
239 1951 269 2004 et
289 1943 325 2002 ad
347 1943 443 2020 ipsum
466 1943 637 2003 accedamus
653 1941 799 2014 Verbunr;
823 1942 1060 2021 quandoquidem
1077 1950 1107 2003 et
1122 1943 1186 2004 eius
1201 1944 1300 2005 bumi-

74 2046 144 2107 litas
173 2044 244 2104 nibil
273 2044 351 2104 aliud
380 2052 441 2115 est,
471 2063 557 2122 quam
580 2043 658 2123 quod
681 2063 798 2105 carnem
820 2051 954 2105 nostram
977 2045 1097 2123 accepit.
1141 2044 1208 2104 Non
1231 2063 1301 2125 crgo

75 2146 206 2207 Verbum
230 2155 261 2207 ut
282 2146 408 2207 Verbum
431 2146 557 2224 proficit,
580 2163 643 2207 cum
666 2147 827 2224 perlectum
852 2146 893 2207 sit
913 2166 948 2207 ex
970 2148 1101 2226 perlecto
1123 2146 1210 2207 Patre
1233 2147 1301 2208 nul-

73 2249 161 2328 laque
185 2247 304 2308 omnino
326 2266 359 2308 re
383 2258 481 2327 egeat,
505 2248 559 2308 sed
580 2249 681 2326 potius
702 2247 767 2308 aliis
789 2247 964 2326 proficiendi
987 2249 1026 2308 sit
1047 2266 1148 2335 causa.
1193 2248 1300 2310 Verum

73 2343 124 2413 hlc
146 2352 234 2412 etiarn
256 2350 385 2410 humano
408 2370 492 2412 more
521 2351 615 2411 dictus
644 2358 690 2411 est
715 2351 879 2429 prolicere,
914 2350 1052 2429 quoniam
1080 2350 1233 2410 bominum
1262 2350 1313 2410 sit

72 2455 231 2534 prolicere.
266 2453 340 2514 Hinc
362 2461 445 2514 caute
467 2454 625 2513 admodum
647 2451 832 2532 Evangelista
856 2461 980 2514 aetatem
1002 2472 1069 2513 cum
1089 2445 1328 2531 progressione¹

74 2554 244 2625 coniunxit,
268 2554 414 2632 siquidem
436 2555 513 2616 nulla
537 2563 583 2615 est
604 2553 690 2614 Verbi
713 2563 743 2615 et
763 2554 816 2615 Dei
838 2562 934 2624 aetas,
965 2555 1018 2615 sed
1041 2563 1151 2615 aetates
1173 2555 1209 2615 ad
1232 2573 1301 2616 cor·

63 2675 150 2735 ,pora
172 2656 332 2735 pertinent.
376 2657 418 2716 dd
448 2675 556 2735 corpus
586 2657 675 2735 igitur
703 2664 816 2735 spectat
845 2656 1013 2717 huiusmodi
1035 2674 1301 2738 progressus,co

73 2757 154 2817 enim
177 2758 350 2836 proficiente
372 2759 402 2819 in
425 2759 490 2837 ipso
512 2759 624 2838 pariter
652 2758 835 2820 cernentium
865 2758 958 2820 oculis
987 2757 1159 2837 proficiebat
1186 2757 1301 2836 patela-

73 2859 133 2918 ctio
156 2858 339 2920 divinitatis.'
371 2860 487 2932 Quanto
510 2879 600 2939 porro
623 2860 807 2922 manifestius
823 2860 960 2921 divinitas
976 2879 1010 2921 se
1025 2859 1195 2939 explicabat,
1219 2866 1300 2921 tanto

72 2960 169 3038 magis
202 2960 278 3039 apud
313 2979 416 3021 omnes
447 2962 581 3022 homines
614 2962 705 3040 gratia
735 2962 800 3023 eius
828 2970 966 3040 tanquam
988 2960 1117 3022 bominis
1141 2960 1299 3022 crescebat.

72 3062 148 3123 Nam
169 3062 265 3123 inlans
289 3063 406 3141 quidem
429 3062 613 3142 gestabatur,
642 3083 719 3143 puer
740 3073 836 3126 autem
860 3064 953 3125 lactus
974 3061 1117 3124 remansit
1138 3062 1168 3122 in
1190 3061 1299 3141 templo

72 3164 219 3243 ipsosque
241 3165 411 3226 sacerdotes
434 3165 470 3226 de
491 3166 556 3244 lege
579 3165 780 3245 interrogavit.
816 3165 934 3226 Sensim
951 3174 1048 3227 autem
1063 3173 1216 3226 crescente
1230 3182 1300 3225 cor·

72 3285 149 3348 porc
172 3273 202 3327 et
223 3265 319 3327 Verbo
343 3268 473 3346 seipsum
497 3268 527 3328 in
543 3287 578 3328 eo
593 3269 796 3347 patefaciente,
819 3268 915 3347 primo
931 3268 1038 3328 Petrus
1060 3266 1225 3345 deindeque
1247 3266 1298 3329 alii

74 3387 142 3430 eum
166 3387 234 3429 rere
255 3369 362 3429 Filium
384 3368 436 3429 Dei
460 3338 528 3429 es¹se
551 3370 738 3442 cantitentur,
762 3370 950 3449 quantumvis
972 3368 1072 3430 ludaei
1094 3386 1161 3430 cum
1184 3378 1299 3430 veteres

74 3479 138 3532 turn
160 3471 229 3530 novi
254 3469 303 3531 isti
324 3471 402 3532 ultro
425 3470 561 3532 claudant
583 3471 696 3545 oculos,
720 3491 757 3532 ne
779 3472 906 3545 videant,
930 3471 1009 3550 quod
1032 3470 1134 3532 blein
1157 3470 1300 3550 sapientia

109 3624 133 3673 d.
152 3623 224 3672 basil.
241 3618 400 3688 repondente.
436 3625 522 3685 Regius
543 3625 564 3675 l.
583 3627 661 3687 prima
746 3626 768 3674 b.
788 3628 844 3687 lleg.
858 3625 879 3674 l.
898 3627 997 3687 Seguer.
1017 3625 1113 3675 Gobler.
1125 3635 1148 3674 et
1161 3624 1265 3675 Feleltm.
1278 3624 1301 3675 l.
1402 3662 1404 3666 .

73 3707 146 3741 mano
165 3684 308 3757 προκύψῃ,
328 3693 370 3742 sed
389 3693 493 3741 secundo
513 3687 658 3757 προκόψει,
709 3693 858 3758 μετρεῖται.
896 3693 958 3742 Εάἰιί
977 3693 1067 3757 aliique
1083 3685 1264 3759 μεμήτρηται.

72 3768 100 3810 nt
118 3761 191 3809 ceteri
211 3770 233 3808 et
248 3761 312 3809 editi.
349 3761 399 3809 bloi
419 3761 473 3819 lteg.
486 3760 507 3809 l.
519 3769 542 3810 et
560 3762 660 3823 Seguer.
746 3762 761 3809 i.
787 3763 828 3810 Sic
845 3768 946 3824 uterquc
964 3761 1022 3823 lleg.
1043 3762 1144 3823 Seguer.
1162 3762 1300 3810 Goblerisn.

72 3821 173 3876 ἑαυτοῦ
189 3820 308 3892 βαθμόν.
337 3829 392 3889 fleg.
404 3826 426 3875 2.
437 3819 528 3874 αὐτῶν
539 3821 660 3894 βαθμόν.
711 3828 816 3877 Felelm.
837 3828 859 3878 l.
879 3836 902 3877 et
920 3829 944 3877 5.
978 3831 1007 3878 At
1025 3829 1064 3877 alii
1084 3828 1300 3878 steditlocomm.

71 3897 137 3946 Editi
156 3904 179 3945 et
197 3897 237 3945 elii
255 3887 339 3943 αὐτοῦ
355 3889 476 3959 ῥαθμόν.
711 3886 859 3961 ἀνθρώπῳ.
932 3898 934 3903 ’

107 3981 130 4014 e.
148 3964 188 4013 Sic
206 3964 262 4025 ltcg.
274 3965 295 4013 1.
306 3966 404 4024 Segner.
418 3964 514 4014 Gobler.
525 3972 547 4012 et
556 3963 661 4014 Felelrm.
745 3964 768 4011 lt.
790 3965 845 4026 fleg.
859 3964 881 4012 l.
900 3964 999 4024 Seguer.
1019 3963 1117 4014 Goblcr.
1128 3970 1153 4012 et
1162 3962 1266 4012 Felclrm.
1278 3962 1301 4012 l,
1411 3959 1414 3968 '

75 4034 97 4082 l.
134 4036 163 4080 et
174 4032 214 4080 alii
224 4040 248 4081 et
260 4033 315 4081 editi
334 4024 382 4079 οὐκ
393 4018 472 4097 εἶχεν,
485 4024 542 4080 ἐπεὶ
552 4027 658 4084 τέλειος.
712 4024 810 4079 ἑαυτὸν
826 4026 857 4080 ἐν
873 4022 954 4096 adep.
991 4021 1224 4082 toretmundum
1240 4023 1301 4080 lav·

71 4100 166 4150 ibidem
186 4099 273 4161 lleg.2.
294 4100 364 4149 basil.
384 4108 406 4148 et
426 4101 562 4149 retourne.
582 4086 662 4159 iste
712 4097 761 4163 τῷ.
799 4100 877 4150 Ceteri
895 4107 918 4147 et
936 4099 993 4149 editi
1010 4091 1109 4148 ἑαυτὸν
1125 4092 1220 4164 ἑαυτῷ.

71 4166 113 4232 τῷ
130 4169 223 4232 πατρί.
259 4167 321 4217 Editi
347 4177 417 4233 atquc
443 4168 483 4217 olii
510 4160 549 4215 ὢν
571 4161 602 4216 ἐν
623 4165 662 4233 τῷ
746 4169 763 4217 Ι.
782 4160 1078 4231 Reg.l,etSegoer.ecl
1096 4148 1301 4221 vicissatim

70 4229 167 4314 πατρί.
713 4236 850 4287 Goblerian.
869 4244 892 4285 et
910 4236 1014 4287 ielckm.
1036 4235 1065 4312 ¹2.
1075 4227 1122 4283 καὶ
1138 4229 1197 4284 νέοι
1214 4217 1298 4286 οὗτοι

106 4305 125 4354 l.
144 4318 178 4362 ην
196 4304 301 4353 deletum
320 4311 357 4353 cst
374 4303 397 4352 in
412 4304 467 4366 fleg.
479 4304 502 4353 l.
712 4303 757 4353 llil
782 4313 805 4354 et
823 4304 878 4354 editi
896 4296 1016 4352 natatu
1034 4315 1113 4350 ovem.
1152 4300 1225 4352 Panlo
1243 4311 1301 4368 pest

106 4386 131 4433 g.
149 4373 190 4421 Sic
208 4373 264 4435 lleg.
286 4371 306 4420 l.
331 4379 354 4419 et
376 4372 475 4432 Segucr.
511 4373 539 4420 ln
563 4371 617 4422 eliis
639 4379 663 4421 et
713 4373 769 4434 lleg.
784 4372 805 4420 l.
825 4362 868 4420 ὅτι
884 4363 915 4421 ἒν
933 4382 966 4420 σο
994 4365 1022 4434 ig
1039 4362 1211 4436 προκόπτειν.
1247 4368 1300 4423 stoa

70 4431 194 4490 editioni
274 4447 290 4488 ι.
326 4438 378 4488 llox
399 4439 459 4509 lteg.
479 4440 500 4489 l.
521 4448 545 4490 et
562 4440 663 4504 Segner.
713 4441 776 4489 idem
795 4448 819 4490 st
836 4442 934 4503 Segoer.
953 4452 1003 4499 την
1017 4433 1124 4505 σοφίαν
1138 4427 1299 4509 «deiunge-

68 4500 120 4556 aet
135 4500 194 4573 γὰρ
234 4493 440 4571 ἶεόαγγελιπῆς.
712 4502 894 4559 elmenh
917 4507 1015 4559 dilect
1030 4507 1102 4560 utto
1118 4496 1298 4570 euwain
