2948 5092
465 194 755 269 omrmmconrna
768 225 904 271 masos.
1124 154 1173 205 ’θ
1212 208 1291 280 '391

72 378 76 383 ’
147 378 204 442 ou
244 374 328 439 lhos
348 374 438 456 igitur
457 392 534 455 quae
555 383 616 439 tarn
635 364 752 438 crebro'
764 376 902 439 iactitatis
920 378 1027 453 verba,
1056 378 1152 443 Filiam
1175 400 1226 444 res
1249 392 1382 447 amnuit

69 489 187 551 meum,
214 495 286 541 rara
306 476 479 539 nullomodo
502 485 587 550 suut,
611 475 664 538 sed
684 495 802 541 merum
823 487 941 541 vostrae
962 480 1072 545 mentis
1093 491 1295 547 commeatum

66 590 121 654 cst,
140 596 260 658 rosqm
279 577 423 641 Salomon
444 578 512 659 ipse
533 578 681 658 increpat,
709 579 790 658 quod
811 598 903 661 saepe
923 581 1002 644 illius
1025 584 1200 646 auctoritate
1221 586 1296 649 lalse

64 681 146 745 uui
179 679 309 744 fueritin
351 679 456 760 Neque
487 679 566 742 cuim
596 679 712 755 demto,
743 680 851 744 Filium
877 701 942 745 rem
968 691 1096 747 meatem
1123 705 1208 761 csse,
1240 688 1296 753 sod

64 785 154 847 lotum
176 786 210 845 st
229 781 408 862 sapientiam
429 781 494 856 liei,
515 788 550 844 ut
571 800 608 844 ex
627 781 676 845 his
697 783 762 845 eius
783 783 883 847 verbis
904 783 1015 848 clarum
1038 793 1100 848 est:
1128 788 1212 851 Deus
1233 787 1296 851 So-
1419 825 1423 833 ι

61 889 176 968 pirano
203 883 351 965 {sawt
379 893 511 960 terreas,
541 890 589 945 et:
621 881 779 964 Sapientis
805 885 975 967 oedificoua't
1002 887 1062 951 ridi
1081 891 1144 969 apri
1164 890 1293 955 doenum.

64 986 140 1060 Quin
161 986 255 1049 etiam
278 983 379 1060 locus,
401 1003 491 1064 quem
511 984 561 1047 laic
582 983 793 1066 expendimus,
821 995 949 1050 reanum
970 988 1060 1069 plane
1080 990 1213 1054 conlutat
1232 991 1293 1053 irn-

63 1088 212 1168 pictntem.
254 1085 330 1150 Nun
358 1086 502 1166 scriptum
532 1095 595 1148 ost:
631 1086 779 1150 Dumium
809 1092 924 1172 camur
951 1108 997 1153 me
1023 1093 1145 1155 initium
1172 1095 1295 1157 cium

64 1208 191 1269 morum
215 1193 251 1276 iao
279 1207 374 1270 opero
401 1207 469 1252 suo.
512 1187 606 1268 Igitur
632 1187 659 1250 si
686 1187 752 1268 ipse
773 1198 820 1265 est
846 1199 914 1253 ante
942 1191 1059 1266 omnia,
1090 1192 1163 1255 dicit
1193 1200 1294 1259 autern

10 1364 17 1379 Ι
65 1296 176 1355 monuit
197 1311 254 1365 osc,
276 1308 339 1353 uou
360 1299 394 1353 ut
416 1308 507 1370 opera
528 1289 642 1364 luciam,
665 1289 720 1353 sed
740 1295 774 1355 irc
795 1311 907 1373 operc3
928 1293 974 1355 vel
988 1293 1029 1368 id,
1052 1294 1133 1374 quod
1147 1295 1205 1359 ista
1218 1311 1293 1357 roca

65 1396 178 1458 monuit
205 1391 404 1474 significatur,
437 1392 505 1472 ipso
535 1400 582 1454 est
607 1392 773 1473 posterius,
802 1394 847 1457 rel
876 1395 942 1476 ipse
970 1394 1113 1475 oporibus
1139 1396 1293 1476 posterior

63 1494 226 1569 adnuitur,
257 1494 367 1575 quippe
395 1494 446 1573 qui
466 1493 531 1569 illa,
564 1512 632 1557 cum
654 1502 769 1557 creatur
790 1495 873 1576 ipsc,
906 1499 964 1560 iam
987 1504 1056 1558 autc
1078 1497 1292 1562 coexistentia

62 1597 201 1677 reperiat,
223 1608 255 1659 et
274 1615 403 1677 quorum
426 1615 515 1659 causa
535 1596 615 1658 idem
635 1595 701 1677 ipse
722 1605 849 1661 creetur.
893 1599 976 1673 Quae
997 1599 1025 1663 si
1046 1618 1115 1662 vera
1136 1607 1217 1675 sunt,
1239 1604 1377 1680 quimus

61 1699 258 1779 potesllleri.
281 1707 314 1760 ut
334 1698 401 1778 ipse
424 1699 465 1760 sit
486 1706 555 1759 autc
576 1696 699 1762 omnini
722 1697 879 1773 Quomodo
899 1718 994 1781 porro
1009 1692 1178 1781 omuia'per
1191 1699 1292 1782 ipsum
1329 1726 1332 1731 ·

61 1803 133 1865 uon
161 1808 236 1863 sunt
262 1809 293 1863 ct
319 1800 351 1863 iu
379 1800 446 1881 ipso
479 1799 664 1863 constituta?
706 1801 838 1883 Namque
865 1804 1029 1866 secundum
1056 1823 1111 1866 vos
1132 1811 1201 1866 aute
1222 1822 1292 1867 eum
1345 1806 1348 1811 ’

62 1903 241 1966 mutorum
268 1921 377 1983 opera,
409 1922 535 1982 quomm
565 1920 653 1966 causa
675 1904 741 1983 ipsc
762 1913 809 1966 est
831 1913 948 1967 creatus
971 1905 1059 1967 etad
1081 1924 1156 1985 quac
1178 1903 1293 1969 missus

60 2004 123 2067 init.
156 2006 268 2067 Verum
288 2022 352 2067 non
373 2004 413 2066 ita
436 2023 470 2065 se
491 2023 542 2066 res
565 2004 670 2080 habet3
691 2005 780 2068 absit.
815 2006 902 2069 Falsa
923 2007 997 2069 haec
1012 2015 1060 2069 est
1072 2006 1293 2069 haereticorum

60 2107 216 2169 smuritia.
258 2105 321 2168 Nec
343 2106 421 2168 cuim
436 2106 490 2167 Dei
504 2106 634 2170 Verbum
656 2125 705 2170 res
729 2116 776 2170 est
798 2117 905 2182 creata,
928 2110 982 2171 sed
1004 2116 1121 2171 creator
1140 2108 1207 2189 ipse
1228 2116 1293 2183 est3
1378 2106 1382 2115 '

60 2216 130 2271 tuuc
150 2215 251 2270 autern
272 2206 423 2288 proverbii
444 2208 541 2269 instar
561 2209 618 2271 ait:
655 2209 805 2273 numam
835 2214 951 2273 creauit
976 2229 1038 2283 me,
1068 2229 1135 2273 curn
1163 2217 1293 2273 creatam

61 2309 156 2372 induit
182 2328 320 2383 mem,
352 2318 386 2371 ut
411 2310 501 2371 etiam
528 2327 563 2372 ex
591 2311 650 2373 hoc
677 2313 743 2391 ipso
772 2312 839 2375 loco
861 2320 962 2392 potest
981 2311 1115 2400 intelligi.
1159 2310 1292 2375 Tametsi

61 2413 138 2474 euim
160 2411 253 2498 Filius
277 2422 324 2474 est
345 2421 376 2473 et
396 2411 491 2473 licum
512 2411 602 2474 habet
628 2421 760 2493 patrem,
791 2432 858 2476 cum
879 2413 1022 2494 proprius
1045 2413 1109 2475 eius
1133 2411 1174 2473 sit
1195 2412 1290 2482 letusa

60 2523 157 2576 umen
179 2512 297 2575 Patrem
319 2513 379 2575 hoc
399 2513 432 2574 in
451 2513 519 2575 locu
541 2510 695 2577 dominum
717 2514 882 2594 appellavit,
904 2533 965 2575 nou
987 2514 1055 2593 quia
1071 2530 1176 2575 servus
1200 2518 1291 2583 esset,

61 2615 111 2676 sed
144 2615 215 2695 quia
247 2613 327 2676 servi
360 2616 486 2677 sormam
519 2615 641 2695 accepit
697 2615 814 2695 Quippe
846 2615 1113 2696 quemadmodum,
1144 2623 1292 2693 quatenus

59 2716 188 2778 Verbum
208 2724 259 2778 est
280 2736 314 2779 ex
338 2717 435 2790 Patre,
458 2717 552 2780 licum
575 2717 788 2808 convenienter
809 2725 924 2798 patrem
946 2717 1089 2797 appellat,
1111 2733 1239 2793 namque
1260 2713 1292 2775 id

59 2819 213 2899 proprium
241 2819 294 2880 lilii
323 2829 369 2880 est
397 2837 466 2898 erga
499 2827 632 2899 patrem;
663 2819 705 2881 ita
737 2838 805 2882 cum
835 2838 910 2899 opus
940 2818 1021 2880 venit
1047 2816 1239 2879 absoluturus
1262 2822 1293 2877 et

59 2919 134 2982 servi
167 2921 297 2981 formam
328 2921 457 3001 accepit,
491 2921 609 2983 Patrem
641 2919 795 2983 domiuum
822 2921 921 2984 dicere
945 2939 1012 2981 eum
1035 2917 1158 2981 omnino
1179 2916 1290 2979 decuit.

58 3021 235 3084 Huiusmodi
267 3041 358 3101 porro
387 3021 549 3085 discrimen
578 3041 650 3085 suos
681 3022 748 3102 ipse
777 3022 941 3103 discipulos
970 3020 1108 3083 distincte
1130 3017 1291 3080 admodum

58 3124 137 3187 ltisoe
159 3123 312 3204 Evangelii
333 3124 433 3186 verbis
456 3123 571 3185 docuit:
603 3124 757 3204 Confiteor
780 3126 849 3200 lidi,
879 3124 987 3196 Potor,
1011 3121 1133 3184 deinde:
1162 3119 1291 3183 Domum

60 3227 132 3290 coeli
153 3239 181 3290 et
204 3236 318 3289 terroe.
362 3226 494 3305 Namque
517 3234 548 3286 et
569 3224 664 3287 Dnum
686 3225 734 3287 sui
756 3225 852 3306 ipsius
867 3224 985 3287 Patrem
1008 3242 1076 3285 esse
1101 3229 1237 3295 testatur,
1260 3228 1291 3283 ct

58 3329 183 3391 eundem
206 3346 307 3390 rerum
330 3337 494 3389 creatarum
516 3322 671 3389 dominum
694 3327 839 3408 appellum
867 3326 907 3389 ita
935 3335 969 3387 ut
990 3345 1026 3387 ex
1047 3325 1194 3387 hocloco
1216 3340 1288 3402 pcr-

59 3431 192 3510 spicuum
214 3429 264 3503 sit,
288 3449 355 3492 eum
378 3448 443 3492 cum
462 3436 598 3490 naturam
614 3437 742 3491 creatam
758 3429 881 3509 accepit,
904 3436 976 3490 tunc
989 3427 1108 3489 Patrem
1122 3424 1289 3515 appellasse

59 3531 220 3594 dominum.
265 3530 344 3603 Quin
375 3531 463 3593 etiam
496 3531 575 3592 idem
608 3531 769 3595 discrimen
797 3532 827 3594 in
856 3530 976 3593 Daridis
999 3529 1134 3591 oratione
1164 3534 1286 3589 sanctus

59 3632 186 3697 declarat
207 3632 352 3712 Spiritus,
380 3633 425 3694 sic
453 3632 483 3692 in
506 3631 631 3694 Psalmis
653 3632 796 3713 loquens:
830 3633 879 3694 ua
901 3636 1061 3712 imperium
1084 3636 1168 3693 tuum
1186 3645 1286 3710 puero

60 3745 117 3807 tuo,
141 3744 172 3797 et
193 3734 312 3796 anirum
333 3734 386 3812 soc
406 3733 505 3814 filium
527 3733 658 3796 ancillae
680 3746 759 3799 tuuc.
804 3733 957 3812 Siquidem
980 3733 1054 3794 alius
1077 3739 1125 3793 est
1146 3728 1288 3792 naturalis

61 3845 86 3895 et
105 3854 197 3898 verus
219 3833 273 3896 Dei
300 3835 409 3909 Filius,
444 3844 474 3895 et
503 3834 552 3897 alii
575 3822 646 3897 sunt
674 3836 795 3899 ancillae
822 3835 925 3909 liberi,
959 3834 1053 3914 qualis
1082 3840 1127 3894 est
1154 3830 1291 3893 videlicet

1392 2782 1406 2815 q

88 4073 108 4108 s.
134 4055 176 4106 Sic
193 4054 294 4117 Sequar.
313 4056 436 4119 duplicas.
456 4064 479 4106 et
496 4055 602 4107 Felclm.
620 4054 645 4107 l.
696 4047 757 4103 uini
774 4046 892 4122 μορφὴν
908 4045 1041 4117 λαβόντα,
1068 4043 1164 4116 κόρων
1188 4040 1289 4113 ὄνομά-

57 4123 82 4174 lt
95 4122 149 4173 νῦν
164 4124 236 4174 obest
253 4124 283 4174 ab
300 4123 354 4173 aliia
372 4133 396 4174 ct
413 4125 493 4175 editis.
697 4119 753 4180 ζειν
770 4131 816 4172 etc.
848 4122 928 4172 Ceteri
946 4134 1004 4171 mss.
1024 4129 1049 4169 nt
1065 4116 1288 4169 intercalabatur.

87 4195 103 4243 t.
128 4193 231 4255 segnem
249 4184 300 4250 τὴν
317 4181 414 4239 δούλου
430 4185 554 4260 μορφήν.
583 4190 647 4242 Editi
730 4192 754 4240 h.
779 4189 870 4252 duplic.
894 4198 918 4239 et
941 4189 998 4251 lies.
1016 4181 1067 4235 τὸν
1082 4176 1201 4234 πιστόν.
1237 4181 1290 4234 Mox
1361 4250 1364 4256 ¹

58 4261 136 4310 etalii
153 4252 207 4321 triv
223 4258 274 4308 τοῦ
291 4251 398 4308 δούλου.
559 4297 562 4303 .
697 4256 796 4320 Sequar.
809 4258 899 4335 etlieq.
916 4249 962 4304 καὶ
977 4248 1033 4323 γὰρ
1051 4249 1097 4303 arni
1114 4247 1144 4303 ἐν
1156 4249 1198 4317 τῇ.
1225 4249 1289 4327 Editi
1410 4309 1414 4317 Ι

85 4342 108 4390 ι.
127 4328 169 4378 Sic
187 4327 288 4389 Sequor.
308 4328 407 4378 dubles.
426 4324 532 4378 Felclm.
554 4328 576 4375 l.
588 4325 645 4377 etl.
697 4333 721 4374 et
733 4326 773 4375 alii
790 4317 837 4372 aori
853 4339 909 4389 γαρ
921 4317 952 4372 ἕν
967 4321 1010 4389 τῇ.
1036 4323 1127 4371 lhidem
1146 4321 1289 4382 Sequerran.

55 4395 192 4447 terrimo
211 4402 235 4445 ct
253 4394 294 4445 alil
317 4392 400 4445 τοῦτο
424 4389 479 4460 γὰρ
497 4387 544 4443 καὶ
561 4385 642 4441 ἴδιον.
696 4393 755 4456 lieu.
773 4390 878 4443 Felclm.
898 4393 923 4442 4.
942 4401 966 4441 et
983 4392 1007 4440 5.
1025 4383 1076 4449 τὴν
1088 4378 1175 4465 oriris
1187 4379 1289 4462 diopro-

55 4464 112 4516 lbid.
132 4462 242 4514 Folclm.
261 4462 285 4513 2.
304 4464 418 4514 eruditio
437 4464 555 4514 Commel.
574 4453 647 4512 ἴδιον
697 4453 759 4528 priv.
781 4458 861 4512 Ceteri
873 4459 965 4513 eruditi
980 4448 1291 4520 αὖτὴντηνδιαῳοραν.
1393 4520 1397 4525 ¹
