2948 5092
445 256 591 302 rrrsrona
606 259 626 301 1.
642 259 679 304 sn
695 259 892 308 srmrrousrr.
1175 319 1176 322 ,
1221 254 1283 317 737

51 410 183 492 amplius
206 408 263 470 dici
286 408 472 471 Christianus
501 409 559 471 ulla
587 411 702 471 ratione
731 412 850 490 poterit.
896 414 996 494 ltaque
1024 415 1153 477 Trinitas
1184 427 1369 483 sanctarena

49 523 85 578 et
105 514 237 594 perlecta
259 518 322 584 est,
356 530 431 591 quae
458 511 487 570 in
510 510 597 572 Patre
626 520 654 572 et
675 510 749 573 Filio
779 523 808 574 et
830 514 940 594 Spiritu
971 525 1074 577 sancto
1104 519 1285 596 agnoscitur,

47 613 188 695 nihilque
210 613 337 675 alienum
364 613 409 673 vel
440 611 623 674 extrinsecus
645 613 806 676 admixtum
828 614 932 690 habet,
962 635 1059 697 neque
1088 638 1123 679 ex
1151 629 1287 683 creatore

49 725 84 779 et
106 735 141 778 re
163 722 260 777 creata
283 702 409 788 constat,
433 713 486 775 sed
510 722 570 775 tota
593 715 711 776 creandi
736 724 766 776 et
788 716 931 779 efficiendi
950 718 978 779 vi
992 719 1125 798 praedita
1148 729 1203 794 est,
1228 718 1286 784 sibi

48 836 175 899 quoque
204 815 310 879 similis
339 824 370 877 et
398 814 548 876 individua
576 823 624 876 est
644 819 766 889 natura,
795 836 913 898 unaque
942 820 1007 881 eius
1037 829 1084 882 est
1107 821 1235 884 efficacia
1257 830 1307 885 et*
1365 879 1371 885 .

46 921 141 983 actio.
185 917 259 979 Nam
281 918 369 979 Pater
393 916 599 997 perverbum
625 917 657 978 in
679 909 810 997 Spiritu
825 930 927 983 sancto
951 923 1050 984 omnia
1072 923 1157 997 iacit,
1189 942 1287 1004 eoque

44 1022 146 1087 modo
174 1027 293 1082 sanctae
322 1018 474 1080 Trinitatis
502 1019 601 1081 unitas
631 1028 776 1082 servatur.
821 1022 865 1083 lta
893 1042 971 1085 unus
992 1023 1071 1086 Deus
1099 1025 1131 1085 in
1152 1024 1285 1086 Ecclesia

45 1122 249 1207 praedicatur,
273 1121 323 1200 qui
339 1129 492 1202 estsuper
508 1126 617 1198 omnia,
640 1133 670 1186 et
687 1143 746 1205 per
770 1130 871 1187 omnio
892 1136 922 1189 et
942 1129 975 1188 ivr
992 1127 1138 1189 omatibus.
1182 1126 1286 1209 Super

48 1230 158 1291 omnio
178 1223 297 1305 quidem
319 1232 352 1284 ut
368 1223 464 1297 Pater,
488 1231 520 1284 ut
534 1223 712 1305 principium
729 1235 759 1287 et
773 1227 855 1300 tons,
870 1247 929 1308 per
951 1233 1052 1291 ennio
1073 1246 1154 1302 vero,
1177 1246 1370 1309 nempe-m.

48 1326 275 1410 perverbum,
306 1329 339 1387 io
369 1326 504 1388 omnibus
534 1325 662 1406 denique
691 1327 722 1389 in
744 1328 857 1408 Spiritu
880 1338 993 1391 sancto.
1038 1330 1132 1393 Porro
1154 1328 1285 1391 Trinitas

47 1447 118 1493 uon
138 1428 369 1491 nominetenus
393 1436 423 1488 et
444 1427 507 1488 sola
530 1427 689 1491 verborum
714 1430 814 1510 specie
837 1439 885 1517 est
907 1430 1051 1506 Trinitas,
1084 1431 1136 1492 sed
1166 1450 1234 1492 vere
1255 1438 1286 1493 et

45 1530 156 1610 reipsa
177 1529 278 1592 existit
299 1528 440 1625 Trinitas.
484 1528 558 1590 Nam
581 1529 667 1592 sicuti
689 1550 758 1593 vere
782 1541 828 1593 est
848 1532 946 1608 Pater,
969 1532 1009 1593 ita
1033 1540 1145 1593 etvere
1161 1540 1207 1593 est
1221 1531 1285 1593 eriis

46 1631 201 1700 terbum.
230 1630 310 1711 quod
338 1638 368 1691 et
395 1631 495 1710 ipsum
524 1650 614 1711 super
645 1633 743 1695 omnia
772 1641 819 1695 est
839 1633 929 1696 [teus.
973 1634 1034 1696 Nee
1061 1634 1133 1696 item
1155 1633 1284 1714 Spiritus

49 1741 176 1796 unctus
196 1751 258 1794 non
281 1732 396 1806 existit,
426 1733 479 1794 sed
511 1734 612 1813 utique
639 1753 710 1796 vere
739 1743 787 1796 est
818 1743 847 1797 et
875 1736 982 1798 existit.
1027 1736 1088 1798 Nec
1114 1736 1162 1796 his
1185 1735 1285 1798 minus

47 1833 164 1914 aliquid
192 1834 285 1896 sentit
306 1833 453 1895 Catholica
474 1833 622 1910 Ecclesia,
650 1854 689 1898 ne
716 1836 879 1898 hodiernos
902 1836 1028 1899 ludaeos
1051 1836 1179 1916 Caiphae
1206 1837 1286 1900 haud

47 1935 206 2000 absimiles
229 1943 258 1997 et
280 1935 438 1997 Sabellium
463 1935 621 2015 sequatur,
650 1956 707 2000 nee
734 1938 780 1999 bis
810 1938 880 1999 item
902 1937 970 2017 plus
993 1938 1103 2018 aliquid
1126 1937 1284 2000 commini-

47 2037 157 2111 scitur,
180 2055 217 2098 ne
238 2036 268 2097 in
292 2037 510 2099 multitudinem
533 2039 658 2100 deorum
680 2038 840 2101 Gentilium
863 2039 1042 2102 devolvatur.
1087 2039 1146 2100 Sed
1163 2048 1196 2100 ut
1209 2039 1287 2101 hanc

49 2157 124 2201 esse
142 2137 235 2199 ‘fidem
257 2137 408 2200 Ecclesiae
430 2138 603 2219 intelligant,
631 2158 683 2202 eos
706 2140 823 2202 discere
847 2159 954 2221 operae
975 2139 1104 2220 pretium
1127 2148 1184 2212 est,
1207 2159 1285 2219 quo·

47 2259 124 2304 nam
138 2239 229 2302 modo
251 2239 396 2303 Dominus
418 2241 539 2303 mittens
557 2242 718 2322 Apostolos
734 2243 842 2304 iisdem
858 2242 1051 2323 praeceperit,
1073 2250 1106 2303 ut
1120 2241 1199 2303 istud
1215 2243 1286 2302 iun-

50 2341 225 2405 damentum
247 2341 277 2402 in
299 2340 433 2405 Ecclesia
455 2344 599 2406 iacerent:
627 2342 762 2417 Bootes,
787 2344 896 2424 inquit,
924 2341 1026 2407 docete
1048 2362 1151 2406 omnes
1172 2352 1285 2423 gentes,

40 2446 244 2529 ,baptizantes
268 2462 317 2506 eoa
330 2447 373 2527 >irs
395 2450 516 2508 nombre
536 2446 641 2510 Patris
664 2457 693 2508 et
708 2447 781 2510 Filii
802 2457 831 2509 et
845 2446 983 2526 Spiritus
1007 2450 1114 2508 eoacti.
1157 2442 1287 2504 Profecti

47 2564 126 2609 vero
148 2543 282 2625 Apostoli
303 2545 344 2606 ita
367 2546 432 2608 sine
455 2546 545 2608 dubio
568 2549 742 2623 docuerunt,
766 2557 853 2627 atque
876 2547 949 2607 haec
972 2548 1037 2626 ipsa
1051 2543 1231 2628 praedicatio
1254 2542 1285 2604 in

48 2646 224 2709 universam
245 2644 417 2720 Ecclesiam,
441 2667 516 2727 quae
539 2649 594 2711 sub
617 2650 697 2712 caelo
720 2660 776 2722 est,
799 2648 993 2730 permanavit.

139 2852 190 2913 29.
236 2849 309 2912 Cum
332 2849 422 2929 igitur
442 2849 522 2911 istud
544 2851 614 2912 fidei
635 2851 859 2911 fundamentum
889 2849 996 2911 habeat
1017 2848 1165 2920 Ecclesia,
1196 2846 1285 2909 nobis

47 2951 163 3013 iterum
184 2951 225 3012 illi
246 2951 430 3032 respondere
452 2970 490 3012 ne
513 2960 686 3031 graventur:
721 2951 891 3013 Trinitasne
920 2960 966 3014 est
993 2970 1031 3012 an
1059 2947 1209 3011 dualitas?
1253 2946 1286 3013 si
1363 2992 1366 2997 ,

48 3052 179 3114 dualitas
202 3062 269 3127 est,
291 3071 346 3133 per
368 3071 416 3114 me
438 3052 507 3114 licet
529 3053 673 3132 Spiritum
695 3052 785 3113 rebus
808 3052 913 3115 creatis
936 3052 1095 3131 adiungite.
1138 3050 1175 3111 At
1197 3049 1224 3113 si
1245 3048 1287 3111 ita

50 3163 118 3227 est,
149 3154 224 3215 iides
247 3163 343 3216 vestra
367 3153 424 3215 iam
447 3173 507 3215 non
530 3155 629 3253 esqin
651 3154 746 3216 [lenm
770 3172 878 3227 unum,
911 3154 961 3233 qui
990 3154 1030 3214 sit
1059 3159 1154 3234 super
1177 3154 1285 3222 omitia,

43 3275 110 3339 per
132 3260 233 3318 omnio
255 3264 284 3317 et
305 3261 338 3319 ivr
362 3257 508 3318 omuibus.
553 3255 614 3318 Nec
636 3255 714 3318 enim
737 3260 769 3317 ire
793 3255 930 3318 omuibus
953 3254 1112 3327 babebitis,
1139 3252 1164 3315 si
1187 3251 1284 3334 Spiri-

49 3366 117 3419 tum
140 3375 157 3418 a
179 3356 328 3419 divinitate
350 3358 495 3436 separetis
517 3366 547 3419 et
568 3358 603 3419 ab
627 3377 661 3420 ea
684 3357 817 3419 alienum
837 3356 960 3419 faciatis.
1003 3358 1110 3418 Vestra
1132 3355 1203 3417 item
1224 3353 1285 3415 ini·
1317 3439 1323 3447 .

52 3457 158 3532 tiatio,
187 3477 273 3538 quam
295 3477 437 3538 peragere
461 3459 661 3535 arbitramini,
686 3459 773 3520 srita
797 3458 932 3534 sentitis,
955 3477 1016 3519 non
1037 3467 1099 3519 tota
1122 3466 1153 3519 et
1173 3457 1288 3537 integra

50 3561 106 3621 det
126 3560 156 3621 in
180 3559 341 3622 divinitatis
363 3579 484 3633 nomen,
509 3562 618 3641 quippe
640 3580 706 3624 cum
728 3581 792 3622 rem
815 3568 941 3622 creatam
964 3560 1022 3640 ipsi
1036 3558 1233 3631 admisceatis,
1257 3563 1287 3618 et

49 3661 135 3725 velut
155 3661 256 3723 Ariani
279 3681 313 3747 ac
334 3662 466 3724 Gentiles
489 3681 554 3724 rem
577 3671 703 3727 creatam
725 3681 785 3723 una
807 3681 874 3724 cum
888 3661 962 3735 Deo,
986 3661 1037 3741 qui
1057 3680 1121 3722 eam
1142 3678 1198 3738 per
1211 3676 1286 3738 pro-

50 3897 111 3931 του.
148 3881 193 3930 Alii
210 3897 264 3931 vero
284 3891 307 3932 et
326 3883 382 3931 editi
402 3881 490 3932 babent
508 3895 542 3929 τι.
699 3883 721 3932 1.
741 3883 841 3943 Seguer.
868 3880 966 3933 Gobler.
992 3888 1015 3929 et
1033 3879 1137 3928 Teiclrm.
1158 3877 1179 3926 1.
1198 3876 1287 3926 babent

86 3952 105 4000 i.
123 3950 164 3999 Sic
182 3950 238 4013 lieg.
258 3951 280 4000 l.
298 3950 397 4011 Seguer.
416 3950 488 3998 Basti.
508 3950 606 3999 Gobler.
623 3958 647 4001 et
696 3943 728 3997 τὸ
754 3946 881 3996 τοιοῦτον
904 3940 982 4012 ὑμῶν
1006 3956 1051 3996 etc.
1092 3946 1136 3994 dlii
1161 3953 1239 3993 autem
1264 3952 1312 4001 et,

49 4018 160 4068 Telrlrm.
181 4018 217 4077 1.,
237 4019 276 4082 qui
296 4019 367 4068 iidem
388 4020 448 4066 inira
468 4018 557 4065 babent
574 4014 645 4064 solt·
697 4018 754 4066 editi
781 4030 826 4063 vot
851 4007 922 4064 οὕτω
948 4010 978 4062 τὸ
1003 4007 1081 4080 ὑμῶν
1105 4022 1150 4062 etc.
1186 4013 1242 4074 fleg.
1262 4011 1286 4062 2.

50 4084 116 4151 σθῇ.
153 4085 214 4134 Editi
234 4095 257 4135 et
276 4086 314 4134 elii
333 4099 366 4135 nt
387 4081 463 4150 tniop
483 4093 506 4134 et
526 4086 586 4134 inira
599 4098 645 4132 κα·
696 4080 830 4151 ὑμέτερον
848 4100 891 4149 pro
910 4077 996 4148 ὑμῶν.

49 4149 211 4219 τακυλισθῇ.
255 4154 346 4203 ibidem
367 4100 428 4214 iieg.
449 4154 471 4202 i.
497 4161 520 4202 et
543 4154 644 4215 Seguer.
732 4154 746 4202 i.
766 4155 806 4202 Sic
825 4153 881 4215 lteg.
899 4153 920 4202 1.
935 4153 1034 4212 Seguer.
1054 4147 1127 4226 basil.
1147 4145 1243 4224 Gobler.
1263 4152 1287 4194 et

47 4217 135 4271 πλέον
154 4222 249 4281 babent,
268 4221 307 4270 alii
328 4230 350 4271 et
364 4222 420 4271 editi
429 4217 529 4268 πλεῖον.
549 4221 606 4283 Reg.
620 4221 644 4270 2.
696 4221 802 4271 Felcim.
815 4220 835 4269 l.
870 4227 898 4274 at
916 4220 955 4268 alii
975 4226 997 4265 et
1010 4210 1284 4269 εᾶίῑίαποξενιζοντες.

48 4306 98 4357 pro
116 4281 307 4348 noiudto'rqra
325 4290 397 4338 habet
415 4283 573 4336 πολυθείαν.
696 4289 770 4338 Paulo
789 4296 844 4352 post
862 4288 934 4336 iidem
954 4277 1098 4351 ὁλόκληρος
1116 4283 1220 4342 babent,
1246 4281 1286 4331 alii

87 4359 251 4421 glutientes
277 4354 309 4404 τό
334 4366 357 4406 et
381 4354 429 4405 voti
454 4366 490 4407 ter
515 4364 645 4421 sequentes
697 4366 720 4406 et
739 4357 795 4406 editi
814 4348 971 4418 ὄλᾶκληρως·
1319 4354 1329 4370 ”

48 4427 167 4479 omittunt
184 4425 241 4486 fleg.
260 4433 284 4474 et
301 4427 401 4486 Seguer.
730 4425 753 4473 ir.
773 4425 813 4474 Sic
832 4424 926 4486 Regi.
946 4423 1045 4482 Seguer.
1058 4415 1287 4494 Gobler3etuTelei·
1366 4469 1370 4480 ,

87 4496 113 4546 b.
132 4493 205 4544 ussit.
222 4484 286 4559 παρ’
302 4486 375 4560 ὑμῖν.
411 4494 465 4545 bloi
482 4491 647 4556 idemettteg.
697 4492 779 4543 manni
800 4492 822 4541 t.
856 4492 901 4542 atti
920 4498 999 4540 autern
1018 4496 1042 4538 et
1059 4488 1115 4538 editi
1134 4496 1209 4550 aurp.

90 4583 219 4625 trunam
231 4591 284 4625 ors.
295 4591 367 4625 noer.
382 4591 430 4623 err.
1049 4570 1082 4623 tt
