2934 5078
378 326 390 343 ,
477 253 623 299 massora
636 253 658 296 1.
672 254 711 297 ru
726 204 925 300 omasum.
1232 243 1295 308 att.

65 407 211 480 bibimus,
233 404 383 468 Christum
406 424 464 467 una
485 403 625 467 bibimus.
668 404 800 484 Namque
816 405 953 469 bibebant
976 406 1010 468 dc
1032 407 1170 487 spiritaii
1191 406 1380 472 cocae-neca.

67 519 179 590 queutc
199 520 299 588 petru.
342 507 436 569 Petro
457 518 557 568 cutem
578 514 646 568 crat
668 506 818 570 cbristus.
862 507 1019 569 Praeterea
1042 515 1076 569 ut
1090 507 1227 571 Christus
1243 529 1295 572 ve·

29 588 41 604 ⁰
66 630 120 673 rus
143 618 191 671 ost
211 608 313 679 Filius,
336 609 377 670 ita
398 627 454 669 nos
478 606 622 687 Spiritum
643 607 820 688 accipientes
842 607 894 670 otii
916 608 1070 671 efficimur.
1113 610 1184 673 Noto
1209 615 1295 684 onim,

65 713 182 791 inquit,
206 714 363 792 accepistis
386 712 529 790 spirituas
553 706 710 773 immistis
733 713 845 771 iterum
866 713 899 772 in
921 714 1043 782 tinore,
1067 713 1120 773 sed
1140 716 1296 793 accepistis

11 872 25 881 .
64 815 221 896 Spiritum
242 813 425 892 adoptionis.
471 809 544 872 Cum
571 818 669 873 autem
696 810 809 889 Spiritu
841 811 892 873 iiiii
922 811 974 873 Dei
1003 813 1163 887 efficium,
1196 813 1290 876 moui„

64 917 181 978 festum
202 920 249 1009 opt
269 932 326 974 nos
347 913 378 973 in
401 912 520 974 Christo
542 911 621 974 idios
642 912 696 974 boi
718 912 868 992 appellari.
912 914 985 976 Num
1008 926 1154 997 quotquot
1176 934 1297 996 recepe·

65 1027 146 1080 runt
168 1034 254 1085 mm,
277 1016 357 1076 dedit
380 1014 442 1076 iliis
463 1024 644 1094 potestatem
662 1013 745 1095 filios
767 1013 826 1077 Det
845 1014 923 1095 ficri.
967 1015 1081 1078 Deinde
1102 1016 1296 1095 quemadmo-

65 1120 140 1182 dum
162 1118 268 1190 Pater‚
296 1117 340 1177 uti
361 1116 449 1178 docet
470 1114 595 1188 Paulus,
625 1114 709 1178 solus
740 1124 786 1177 cst
812 1115 948 1195 sapiens,
977 1118 1022 1179 sic
1048 1117 1113 1180 eius
1134 1117 1227 1179 Filius
1250 1126 1298 1179 cst

64 1220 225 1301 sapientia.
271 1218 411 1281 Christus
434 1208 513 1278 enim
535 1217 594 1279 ost
611 1221 713 1281 uirtus
735 1229 763 1280 ct
778 1216 837 1280 oet
857 1222 1014 1298 supientia.
1058 1219 1098 1281 Ut
1118 1219 1188 1280 item
1202 1218 1295 1281 Filius

64 1331 115 1384 est
137 1319 294 1400 sapientia,
316 1318 356 1380 ita
377 1338 433 1380 nos
455 1317 567 1398 Spiritu
589 1319 751 1398 sapientiae
768 1327 897 1399 ,accepto
920 1320 1026 1382 Filium
1048 1320 1192 1382 habemus
1213 1328 1244 1381 et
1264 1320 1296 1382 ia

63 1424 177 1487 eodem
198 1422 348 1500 sapientes
371 1421 524 1482 efficimur.
570 1420 621 1483 Sic
646 1421 725 1483 enim
754 1422 896 1502 scriptum
930 1432 978 1484 est
999 1422 1030 1483 in
1051 1422 1171 1485 Psalmo
1193 1431 1295 1484 oente-

63 1527 148 1589 simo
169 1522 395 1604 quadragesimo
418 1521 537 1602 quinto:
559 1520 709 1585 domiuus
730 1524 823 1604 sciuit
846 1525 1034 1606 compeditos,
1056 1524 1204 1588 Dominus
1227 1541 1296 1587 cuo-
1384 1585 1389 1593 ,

64 1647 117 1691 cos
142 1630 294 1706 sopientes
317 1625 423 1704 efficit.
468 1624 541 1685 Cum
555 1623 680 1704 insuper
695 1624 826 1704 Spiritus
840 1624 928 1687 nobis
951 1626 1046 1699 datur,
1069 1626 1199 1707 Accipite
1214 1612 1294 1687 enim

63 1728 220 1808 Spiritum
242 1736 389 1797 sunctum,
412 1720 564 1804 inquiebat
578 1725 721 1799 Salvator,
744 1725 824 1787 fleus
846 1725 886 1788 ita
908 1726 939 1787 in
961 1723 1133 1801 nobis‘est3
1156 1726 1201 1788 sic
1215 1725 1295 1787 enim

63 1828 190 1909 scripsit
210 1827 355 1889 ioannes:
378 1827 414 1888 Si
434 1827 592 1907 diiiqomus
613 1831 749 1900 iuoicem
772 1828 854 1891 Deus
876 1833 908 1890 iot
929 1829 1016 1891 uobis
1033 1838 1143 1890 mouet.
1187 1828 1227 1890 is
1240 1826 1296 1891 boc
1312 1856 1329 1881 ο

62 1933 290 2009 coquoscimus,
319 1932 462 2008 quonium
489 1932 522 1990 iu
543 1947 577 1991 co
598 1948 752 1992 memus
775 1940 803 1992 ct
824 1933 888 2010 ipss
908 1933 942 1991 iu
963 1930 1068 2005 uobis,
1096 1934 1240 2011 quonium
1261 1929 1379 1999 densae

62 2031 190 2113 Spiritu
212 2049 267 2092 suo
291 2031 371 2091 dcdit
392 2029 490 2092 uobis.
534 2029 667 2110 Cumque
687 2030 766 2092 Deus
788 2030 819 2091 in
841 2030 928 2092 nobis
951 2039 1007 2104 est,
1029 2029 1122 2092 Fiiius
1145 2038 1226 2092 certe
1241 2028 1293 2092 iti·
1401 2021 1404 2025 ’

61 2133 135 2195 dem
158 2132 188 2193 in
210 2130 299 2194 nobis
322 2139 379 2206 est,
400 2132 468 2210 ipso
490 2131 565 2193 Filio
588 2131 718 2195 dicente:
741 2133 803 2212 iiqo
825 2145 855 2196 ct
869 2133 962 2195 Pater
983 2138 1134 2195 veniemus
1157 2143 1186 2194 ct
1206 2150 1296 2195 mou-

61 2238 181 2298 sionem
208 2235 291 2313 opud
318 2252 386 2295 eum
413 2235 569 2314 sociemus.
615 2232 757 2296 Similiter
785 2241 818 2294 ut
838 2234 930 2296 Filius
959 2244 1007 2295 cst
1038 2235 1095 2294 vita
1118 2234 1224 2295 eodem
1245 2242 1294 2296 te·
1336 2311 1339 2320 Δ

61 2345 180 2398 stante:
201 2335 263 2414 Sqo
285 2353 352 2397 sum
374 2340 448 2411 oito,
471 2335 515 2396 sic
537 2335 625 2397 etiam
647 2335 678 2397 in
695 2335 809 2415 Spiritu
831 2335 970 2396 vivificari
992 2335 1127 2409 dicimur,
1150 2335 1295 2415 quemod-

62 2437 188 2500 modum
209 2436 317 2498 Pardus
340 2437 395 2498 ait:
430 2437 492 2512 Qui
518 2441 679 2500 suscitavit
700 2434 801 2499 lesum
824 2438 978 2499 Christum
999 2456 1019 2498 c
1040 2442 1186 2509 mortuis,
1216 2439 1296 2499 uici-

61 2540 169 2622 ficcdit
191 2548 220 2601 ct
241 2538 386 2600 scortatio
407 2557 542 2620 corpora
563 2549 667 2601 oestro
684 2556 743 2619 pcr
766 2537 983 2601 iuiobitoutcm
1004 2542 1069 2600 cius
1092 2536 1242 2617 Spiritum
1262 2540 1296 2598 is

61 2641 160 2703 cobis.
204 2638 297 2700 Nobis
326 2658 418 2718 porro
448 2640 478 2701 in
499 2640 613 2720 Spiritu
641 2638 731 2701 sitam
763 2638 976 2718 accipientibus
1005 2639 1071 2718 ipse
1100 2637 1236 2699 Christus
1263 2636 1294 2698 in

62 2742 154 2804 nobis
176 2741 275 2803 virere
303 2741 425 2814 dicitur,
455 2751 489 2803 ut
517 2761 552 2803 ex
579 2741 628 2803 bis
655 2741 756 2804 verbis
784 2723 881 2821 patet}
911 2741 1033 2804 Christo
1061 2741 1200 2820 confisus
1228 2758 1296 2802 sitos

62 2849 160 2908 cruci.
207 2843 277 2904 Viuo
299 2853 400 2906 cutem
420 2848 481 2905 ium
502 2862 565 2906 uon
587 2862 654 2923 eqo,
677 2847 753 2906 oioit
774 2862 846 2906 uero
868 2847 901 2905 iu
923 2861 969 2905 nte
986 2843 1136 2905 Christus.
1172 2840 1294 2924 Etnrr·

62 2964 130 3021 sus,
154 2944 404 3026 quemadmodum
424 2945 518 3007 Filius
541 2964 615 3025 quac
636 2944 761 3007 iaciebat
782 2964 872 3026 opera
894 2945 1012 3006 Patrem
1034 2963 1121 3006 suum
1143 2943 1240 3004 iacere
1254 2941 1294 3003 ita

62 3046 244 3134 testabatur:
266 3047 361 3109 Pcter
382 3053 416 3109 iu
437 3066 483 3109 mc
503 3067 629 3110 mausus
651 3052 715 3128 ipsc
735 3048 811 3126 fucit
832 3065 936 3126 opero.
983 3047 1100 3109 Credite
1121 3044 1202 3115 mibi,
1225 3047 1296 3125 quic

62 3169 117 3232 cqo
139 3152 173 3210 iu
195 3148 288 3210 Putre
311 3158 340 3209 ct
361 3148 455 3210 Pctcr
475 3152 509 3210 in
529 3168 575 3210 otc
597 3158 652 3211 cst.
696 3149 836 3230 Alioquin
860 3159 991 3229 propter
1021 3166 1114 3228 opcrc
1135 3151 1204 3226 ipso
1227 3162 1295 3207 crc-

62 3253 125 3315 ditc
147 3249 235 3320 nubi,
265 3248 309 3310 sic
336 3268 410 3327 quas
432 3248 464 3310 in
485 3249 593 3311 virtute
614 3248 742 3330 Spiritus
765 3248 873 3310 Paulus
902 3248 1049 3311 efficiebat
1070 3247 1180 3310 Christi
1203 3264 1295 3326 opera

61 3371 133 3415 csse
157 3349 296 3411 docebat:
319 3350 389 3412 Non
410 3355 488 3413 caim
505 3352 629 3424 audebo,
651 3351 757 3431 inquit,
779 3351 893 3433 oiiquid
915 3351 1000 3433 ioqui
1012 3370 1126 3421 corum,
1150 3368 1224 3431 quoe
1235 3366 1296 3429 ptr
1327 3337 1329 3343 ¹

60 3472 109 3514 mc
131 3470 196 3514 nou
218 3450 313 3531 efficit
337 3451 533 3518 Christusin
556 3454 751 3516 obedicutiom
774 3452 927 3526 Gentium,
958 3453 1048 3515 oeric
1073 3462 1101 3514 et
1122 3469 1229 3532 opere,
1264 3453 1296 3511 iu

61 3557 181 3617 virtute
205 3556 362 3633 siquorum
385 3565 413 3617 et
431 3555 653 3634 prodiqiorum,
675 3559 708 3616 iu
730 3558 844 3617 uirtute
866 3555 1002 3635 Spiritus
1026 3556 1134 3615 suncti.

150 3857 204 3919 20.
249 3853 322 3915 Cum
350 3854 440 3934 igitur
462 3873 496 3917 ea
519 3855 559 3917 sit
579 3856 611 3917 in
632 3865 732 3922 sancta
755 3854 898 3916 Trinitate
928 3853 1097 3917 coniunctio
1126 3864 1156 3916 st
1186 3853 1293 3929 unitas,

58 4008 155 4072 iuqtic
190 4008 253 4057 Editi
273 4016 295 4056 et
315 4003 420 4057 oiiiotut'
436 4009 558 4058 abiiciunt.
593 4009 655 4060 ibid.
741 4010 757 4059 i.
782 4009 823 4059 Sic
845 4008 901 4077 lieu.
921 4007 944 4056 2.
976 4016 1000 4057 et
1026 4010 1132 4060 Graecos
1155 4007 1295 4068 Scripturas

59 4080 97 4126 sic
122 4075 213 4125 babent
238 4075 336 4126 Gobier.
363 4085 386 4125 et
410 4076 514 4126 Feicirm.
535 4077 556 4127 l.
583 4068 654 4126 οὕτω
707 4085 793 4127 tortus.
829 4077 886 4138 ch.
906 4076 927 4126 l.
952 4077 1051 4137 Segucr.
1076 4084 1100 4125 ct
1126 4075 1183 4124 editi
1202 4065 1294 4124 αὐτοῦ.

57 4137 117 4261 tt
136 4137 545 4262 cruentemus
705 4144 884 4262 titoni
900 4144 1144 4261 tretecor

58 4249 150 4330 ma
169 4281 226 4329 editi
244 4282 364 4329 omittunt.
390 4228 475 4330 gi’ouio
489 4227 654 4344 postgGobier:
719 4226 810 4342 92&
828 4281 925 4329 abesto
945 4281 1001 4340 tieg.
1023 4279 1043 4326 i.
1063 4246 1086 4327 ct
1103 4278 1202 4338 Sequor.

58 4357 83 4399 st
107 4348 258 4425 felcimqi.
290 4339 361 4425 pisto
385 4341 440 4413 γὰρ
466 4343 513 4396 καὶ
532 4339 654 4408 'Iocutus
740 4349 882 4424 iubent.
902 4356 926 4397 et
943 4348 1087 4423 Septimium
1102 4346 1196 4423 'habeut
1213 4337 1294 4424 ἐξιῇ

56 4429 183 4484 γραφει·
203 4409 253 4464 tao
268 4429 323 4481 γαρ
343 4408 494 4482 ἀγαπῶμεν
512 4425 557 4468 etc.
706 4408 890 4483 t‘tys'qscpoudc
934 4416 977 4464 itu
1002 4424 1024 4464 et
1051 4415 1107 4463 editt
1125 4428 1207 4463 rocem
1227 4426 1294 4479 uytq

94 4501 119 4536 s.
136 4486 196 4550 licq.
214 4484 238 4535 2.
257 4482 472 4550 ooosoopor'tpou.
706 4488 826 4536 omittunt.
861 4484 915 4534 dior
932 4483 1021 4533 ibidem
1039 4483 1095 4546 iicq.
1112 4481 1133 4532 l.
1151 4484 1294 4546 Sequoriau.
