2948 5092
409 272 923 318 arrsromosuscasrrssrcarnm
939 274 1057 319 arnoni.
1305 263 1346 330 69

125 424 229 498 ,‚ridit,
257 422 408 487 diabolica
432 431 589 496 sanaem,
616 441 676 484 non
705 431 802 485 auum
831 442 966 487 veromm
989 424 1099 487 Christi
1121 424 1430 505 discipulorumrast

124 527 189 600 „rei
210 544 337 600 eorum,
368 525 479 604 quibus
501 523 661 587 Salvatoris
684 524 839 604 disciplina
861 525 964 606 placet.
1008 526 1046 588 Hi
1069 525 1148 587 enim
1171 527 1347 592 Trinitatem

123 628 262 709 „quidem
285 646 348 689 non
370 628 509 706 ignorant
528 625 560 687 in
582 625 679 688 divina
699 625 851 705 Scriptura
872 627 1050 705 praedicari,
1073 635 1135 691 tres
1157 635 1255 692 autem
1278 646 1346 694 esse

123 729 222 803 „ileos
253 746 312 789 nee
339 728 371 788 in
398 734 499 788 vetere
525 744 581 788 nec
606 726 638 787 in
665 745 742 788 novo
771 726 961 789 Testamento
991 728 1103 791 doceri.
1153 729 1219 792 Non
1247 730 1344 794 miuus

122 829 233 902 „etiam
255 828 298 890 illi
321 828 458 908 culpandi
480 835 559 901 sunt,
582 829 632 908 qui
647 827 753 890 l'ilium
769 847 844 909 opus
867 847 936 890 esse
959 830 1128 892 existimant
1143 839 1173 892 et
1185 830 1345 903 [lominum

122 931 251 1005 ‚sactum
275 948 343 991 esse
365 930 513 1002 senoina,
540 930 625 1009 quasi
647 929 784 994 videlicet
805 948 895 991 unum
919 939 1001 992 esset
1023 951 1058 993 er
1080 933 1145 1004 hia,
1178 950 1253 1010 quae
1274 951 1346 996 rere

121 1034 219 1104 ‚saeta
240 1039 324 1105 sunt,
346 1049 415 1092 cum
437 1031 532 1092 divina
555 1030 707 1110 Scriptura
728 1031 811 1093 illum
833 1032 965 1110 genitum
986 1051 1073 1107 esse,
1096 1040 1129 1093 ut
1149 1032 1244 1094 eidem
1268 1048 1428 1096 con-rasa.

121 1133 222 1203 „venit
245 1133 453 1211 congruitque,
476 1150 537 1192 non
559 1139 656 1193 autem
678 1133 835 1194 lomratum
858 1141 888 1195 et
908 1134 1015 1194 iactum
1030 1151 1097 1193 esse
1112 1114 1251 1195 testetur.¹
1277 1134 1345 1199 Non

120 1233 216 1306 „ieris
240 1232 348 1311 igitur,
371 1233 424 1295 sed
447 1251 560 1294 summa
583 1242 630 1295 est
651 1233 802 1314 impietas,
824 1233 981 1295 [lominum
1003 1233 1101 1313 aliquo
1123 1234 1213 1295 modo
1236 1252 1343 1313 manu·

120 1336 254 1403 „iactum
276 1333 387 1397 dicere.
430 1334 505 1396 Nam
532 1335 558 1394 si
587 1334 681 1395 factm
710 1343 756 1395 est
782 1334 890 1407 Filius,
923 1334 977 1396 luit
1004 1334 1159 1414 aliquando
1188 1353 1254 1396 cum
1282 1354 1345 1398 non

120 1443 241 1509 „esset3
265 1435 347 1515 atqui
368 1435 425 1496 luit
446 1454 573 1514 semper,
597 1435 622 1496 si
645 1434 744 1514 utique
766 1435 858 1499 sitin
881 1436 976 1505 Patre,
1000 1444 1034 1496 ut
1055 1436 1121 1515 ipse
1143 1435 1290 1509 declarat,
1314 1443 1345 1498 et

119 1538 167 1607 „si
190 1536 331 1598 Christus
360 1536 460 1614 ipsum
489 1537 528 1598 sit
547 1535 698 1615 terbum,
725 1537 869 1616 sapientia
899 1546 928 1598 et
948 1537 1052 1598 virtus.
1096 1536 1177 1599 Haec
1198 1536 1344 1615 siquidem

119 1638 295 1710 „dissimum
318 1654 386 1698 esse
409 1637 524 1699 divinae
545 1637 649 1699 literae
670 1638 796 1712 docent,
818 1646 851 1699 ut
871 1638 955 1700 vohis
978 1646 1057 1699 certe
1080 1657 1141 1699 non
1163 1639 1248 1712 latet;
1270 1638 1344 1701 haec

119 1748 240 1810 ..autem
265 1738 370 1800 eadem
392 1739 515 1799 virtutes
537 1738 590 1800 Dei
612 1746 697 1813 sunt3
725 1757 760 1800 ac
780 1739 905 1818 proinde
927 1740 953 1801 si
975 1741 1069 1820 lactus
1093 1748 1138 1801 ost
1158 1739 1264 1813 Filius,
1288 1739 1344 1801 luit

119 1857 213 1918 „ergo
236 1839 405 1918 aliquando,
429 1857 496 1901 urm
518 1839 592 1901 haec
611 1857 672 1900 non
695 1849 805 1902 essent.
849 1841 944 1920 igitur
965 1850 1081 1920 tempus
1103 1840 1168 1914 luit,
1191 1859 1256 1902 cum
1277 1839 1344 1901 sine

119 1939 188 2011 „nis
211 1948 296 2001 esset
318 1939 415 2012 Deus3
444 1941 522 2018 quod
549 1940 766 2021 perabsurdum
794 1949 850 2002 est
895 1941 954 2003 Sed
982 1941 1052 2020 quid
1078 1939 1213 2020 pluribus
1236 1940 1273 2001 de
1295 1940 1341 2003 his

120 2041 218 2119 „apud
245 2057 302 2100 ros
335 2040 499 2114 disseram,
531 2040 611 2102 viros
634 2041 746 2120 Spiritu
774 2042 897 2121 plenos,
930 2041 1037 2121 quibus
1064 2042 1166 2121 utique
1192 2041 1343 2121 explomta

121 2149 223 2213 „sunt
246 2159 324 2218 quae
345 2139 474 2202 absurda
497 2149 661 2221 sequuntur
679 2160 714 2203 ex
728 2141 846 2204 illorum
862 2144 1018 2218 sententia,
1041 2143 1091 2223 qui
1106 2141 1212 2203 Filium
1233 2141 1342 2204 iactum

121 2260 211 2312 „esse
232 2240 435 2314 contendunt,
467 2241 503 2302 ad
531 2261 607 2321 quae
634 2261 705 2304 sane
735 2261 796 2304 non
818 2244 981 2305 attendisse
1002 2244 1074 2305 mihi
1096 2244 1231 2305 ridentur
1252 2242 1341 2304 huius

122 2342 293 2422 „opinionis
317 2341 418 2412 duces,
441 2349 528 2421 atque
550 2341 660 2404 idcirco
684 2361 702 2403 a
722 2342 844 2406 veritate
865 2363 992 2423 prorsus
1014 2345 1179 2419 aberrasse,
1206 2343 1255 2423 qui
1279 2343 1340 2405 sci-

122 2443 209 2513 „liret
229 2452 335 2504 eontra
356 2451 486 2504 mentem
508 2442 624 2505 divinae
646 2452 676 2504 et
697 2444 887 2523 propheticae
902 2444 1071 2525 Scripturae
1089 2445 1163 2506 haec
1184 2444 1271 2505 verba
1288 2463 1341 2505 ex-

122 2543 266 2622 „pliosntz
290 2542 438 2605 Dominus
463 2548 576 2607 creauit
597 2562 642 2606 me
660 2548 847 2624 principium
869 2550 990 2608 viarum
1011 2564 1147 2607 suorum.
1176 2545 1340 2626 Nessum,

123 2654 174 2714 „ut
193 2644 299 2715 scitis,
323 2662 382 2705 una
403 2655 449 2705 est
471 2644 645 2722 significatio
667 2644 748 2705 verbi
772 2650 895 2710 creavit.
938 2647 1012 2707 Nam
1033 2646 1091 2706 hoc
1112 2646 1143 2705 in
1164 2645 1230 2706 loco
1253 2662 1341 2706 creu-

123 2751 186 2816 ‚.oit
207 2745 288 2805 idem
311 2751 359 2804 est
380 2763 414 2805 ac
434 2745 575 2823 praefecit
596 2745 736 2825 operibus
759 2745 879 2825 abipso
901 2747 995 2818 lactis,
1018 2746 1113 2818 lactis,
1136 2747 1264 2823 inquam,
1286 2763 1342 2824 per

122 2846 239 2924 „ipsum
261 2844 380 2906 Filium.
425 2846 488 2906 lloe
509 2853 606 2908 autem
627 2844 750 2909 verbum
773 2852 889 2908 creauit
908 2847 957 2908 hic
978 2846 1198 2926 intelligendum
1219 2863 1280 2906 non
1295 2853 1343 2907 est

124 2990 138 3016 „
146 2963 196 3022 pro
219 2948 312 3024 serit:
336 2944 481 3023 siquidem
503 2948 601 3008 lacere
624 2955 652 3007 et
674 2963 775 3007 creare
797 2947 874 3008 inter
896 2966 929 3008 se
948 2947 1097 3008 diffamat.
1133 2946 1209 3007 Hinc
1223 2946 1339 3025 Moyses

124 3046 172 3115 .‚in
192 3064 301 3124 magno
323 3044 546 3107 deuteronomii
574 3047 703 3108 carmine
732 3046 786 3107 ait:
816 3046 967 3129 Numquid
994 3066 1057 3109 uon
1083 3051 1148 3128 ipse
1178 3056 1223 3108 est
1248 3058 1341 3127 peter

124 3158 220 3218 ‚‚tuus‚
245 3149 301 3227 qui
317 3147 455 3225 possedit
476 3157 504 3209 te
527 3156 555 3209 et
575 3148 648 3225 feeit
661 3160 699 3212 ‚te
721 3160 749 3211 et
773 3151 886 3210 creauit
909 3146 960 3210 te?
1004 3147 1053 3209 Sic
1074 3148 1162 3209 etiam
1177 3147 1244 3209 illos
1260 3155 1339 3209 recte

124 3247 208 3325 „quis
230 3245 333 3325 possit
354 3264 528 3325 coarguere:
564 3246 789 3327 Opraecipites
818 3248 1025 3327 temerariique
1046 3249 1200 3321 homines,
1229 3265 1340 3326 ergone

124 3348 215 3415 „lacta
236 3365 289 3408 res
312 3355 358 3407 est
378 3347 594 3426 primogenitus
617 3346 713 3407 omnis
736 3357 902 3421 creaturae,
936 3348 986 3427 qui
1008 3367 1044 3410 ex
1065 3357 1150 3409 utero
1173 3356 1240 3409 ante
1262 3347 1339 3409 luci-

124 3448 237 3516 „ierum
261 3447 380 3525 genitus
402 3456 458 3521 est,
481 3448 531 3527 qui
553 3456 586 3508 ut
607 3447 755 3526 Sapientia
778 3447 863 3509 dicit:
891 3450 968 3511 Ante
989 3466 1090 3511 omues
1114 3449 1204 3511 colles
1226 3468 1272 3509 me
1292 3453 1340 3529 qi·

124 3545 229 3624 „positi
274 3546 407 3625 denique
427 3547 596 3627 Scripturae
618 3548 734 3609 divinae
755 3547 856 3610 multis
879 3549 908 3609 in
940 3548 1013 3610 locis
1041 3547 1173 3627 genitum
1200 3567 1269 3609 eum
1291 3547 1339 3608 di·

123 3656 225 3720 „cunt‚
249 3665 396 3725 nusquam
417 3666 487 3709 vero
509 3649 635 3721 iactum3
664 3647 828 3727 exquibus
850 3656 951 3727 aperte
973 3648 1187 3710 conducuntur
1208 3648 1281 3708 ialsa
1303 3646 1340 3707 de

124 3745 260 3816 „domini
280 3746 473 3825 generatione
495 3749 611 3830 opinari
633 3748 674 3821 hi,
698 3748 748 3827 qui
770 3748 897 3809 divinam
919 3748 983 3810 eius
1005 3756 1092 3829 atque
1106 3746 1340 3826 inexplicabilem

126 3848 364 3924 ,uenerationem
390 3848 547 3910 laudonem
575 3848 685 3910 audent
705 3848 811 3910 dicere.
855 3849 958 3928 ltaque
979 3847 1160 3911 admirabilis
1183 3846 1340 3926 divinaque

127 3947 241 4017 „unitas
263 3947 294 4009 iu
316 3955 377 4010 tres
399 3948 565 4012 divinitates
586 3967 648 4010 non
670 3957 717 4010 est
738 3948 911 4029 separanda,
934 3967 1030 4029 neque
1048 3947 1182 4009 factionis
1196 3945 1339 4008 vocabulo

156 4146 173 4179 e
190 4133 230 4181 Sic
254 4132 310 4195 aeg.
336 4140 363 4183 ut
380 4140 403 4183 et
420 4135 491 4196 exigit
508 4149 604 4184 seusus.
639 4134 700 4182 Editi
753 4134 896 4182 Parisieusis
919 4124 988 4182 ἄντί.
1025 4134 1137 4183 Ceterum
1162 4123 1196 4179 ἂν
1213 4124 1260 4178 lari
1276 4130 1340 4179 idem

130 4198 197 4247 etalii
214 4191 239 4248 ai
257 4192 297 4248 dl.
754 4200 792 4248 hic
814 4202 932 4260 significat
957 4216 985 4250 sc
1009 4190 1081 4249 ἄντί.
1118 4201 1169 4248 lior
1193 4191 1225 4245 τὸ
1248 4191 1342 4245 κτίσαι

158 4296 178 4344 d.
192 4298 232 4348 spe
249 4299 306 4361 aeg.
340 4300 386 4349 pm
406 4314 462 4349 ,m
481 4308 504 4350 et
522 4301 578 4350 edlu
592 4301 704 4351 ominum
754 4267 818 4331 quod
836 4267 905 4316 abest
922 4268 952 4316 ab
970 4267 1134 4316 eddommel.
1152 4266 1301 4314 restituimus
1312 4279 1341 4314 cx

132 4372 222 4423 “a
467 4358 484 4426 a
590 4353 616 4434 r.

160 4465 233 4518 esic
255 4480 315 4517 mss.
339 4473 365 4519 et
387 4466 427 4519 ed.
450 4468 568 4520 Commel.
602 4466 631 4520 dt
648 4467 705 4521 edit.
790 4468 807 4517 ῐ.
826 4468 883 4530 aar.
900 4475 924 4520 ct
941 4468 1014 4522 unit.
1030 4459 1128 4530 ψευδῆ·
