2948 5092
199 219 261 281 570
595 228 622 273 ε.
636 226 789 271 ιτειαιειι
803 226 1027 271 mammem
1106 245 1109 249 -

113 374 220 468 τιναῆ
241 380 324 467 μηδὲ
345 383 468 465 σοφίαν
485 370 568 443 εἶναι
583 376 640 441 τὸν
655 374 727 441 υἱὸν
742 375 846 459 λέγειν
861 374 1087 459 τολμάτωσαν.
1119 371 1140 464 ἡ
1155 377 1185 445 εἰ
1200 386 1312 466 σοφία
1326 380 1427 462 ἐστίν,

199 477 244 560 ὡς
266 476 359 548 εἶπεν
380 474 417 543 ·ό
431 478 590 561 Σολομὼν
612 476 667 543 καὶ
691 474 858 553 ὁΠαῦλος
880 467 1020 562 ἔγραψε·
1043 478 1193 564 Χριστὸς
1214 484 1303 548 θεοῦ
1327 482 1428 549 δῦνα-

197 609 255 669 μις
275 585 329 649 καὶ
351 583 435 649 θεοῦ
458 585 562 667 σοφία
570 583 600 658 ¹),
624 583 636 619 ¹¹
644 584 747 644 ποίαν
769 573 788 660 ἡ
812 581 916 663 σοφία
939 580 1112 668 προκοπὴν
1136 581 1315 666 ἐπεδέχετο
1322 614 1335 666 ,·

284 690 335 753 52.
372 681 576 767 ’Ἀνθρωποι
595 682 656 765 μέν
678 678 739 765 γάρ
760 683 922 762 κτίσματα
942 680 1154 766 τυγχάνοντες
1169 684 1427 752 ἑπεκτείνεσθαί

199 812 273 865 πως
301 787 355 852 καὶ
383 783 587 871 προκόπτειν
616 782 650 848 ἐν
673 777 777 868 ’ἀρετῇ
801 779 964 847 δύνανται.
999 777 1096 867 Ἑνὼχ
1116 787 1195 870 γοῦν
1217 783 1309 852 οὕτω
1331 812 1426 870 μετε·

198 894 291 976 τίθη,
315 890 370 955 καλ
391 889 522 973 Μωσὴς
544 880 691 964 αὐξάνων
714 883 905 963 ἐτελειοῦτο,
926 878 1032 951 Ἰσαὰκ
1053 887 1108 953 ςδὲ
1129 887 1338 973 προκόπτων
1361 889 1425 975 ἐγί-

199 1014 273 1059 νετο
294 995 403 1075 μέγας,
426 991 480 1055 καὶ
503 983 521 1053 ό
544 982 734 1064 ἀπόστολος
757 984 1008 1053 ἰπεκτείνεσθαι
1028 981 1104 1054 καθ’
1128 984 1255 1075 ἡμέραν
1275 1000 1353 1069 τοῖς
1369 991 1424 1075 έμ-

199 1098 352 1179 προσθεν
375 1091 518 1176 ἔλεγε-ν’).
557 1084 704 1175 εἶχεγὰρ
729 1087 863 1166 ἕκαστος
885 1091 951 1154 ποῦ
974 1088 1181 1176 λπροκόψει,
1210 1092 1351 1177 βλέπων
1379 1093 1424 1170 εἰς

114 1193 257 1261 Μίττὸν
290 1194 482 1279 ἔμπροσθεν
510 1186 610 1258 αὐτοῦ
637 1188 785 1273 βαθμόν.
823 1185 841 1255 ὃ
870 1190 905 1257 δὲ
927 1193 985 1256 τοῦ
1007 1195 1091 1258 θεοῦ
1112 1191 1186 1270 υίὸς
1209 1188 1228 1259 ό
1249 1193 1358 1279 μόνος
1380 1189 1423 1260 τόν

199 1297 267 1363 ποῦ
290 1289 373 1378 εἶχεν
396 1292 666 1374 ἐπεκτείνεσθαις
702 1290 894 1379 πάνταγὰρ
917 1291 965 1370 εἰς
986 1286 1086 1359 αῦτόν
1107 1295 1278 1380 βλέποντα
1298 1296 1424 1382 προκό·

199 1421 293 1477 πτει,
323 1391 422 1474 αὐτὸς
451 1396 487 1462 δέ
506 1394 609 1480 μόνος
632 1388 677 1460 τόν
699 1393 733 1460 ἓν
754 1395 801 1479 τῷ
822 1392 914 1480 μόνῳ
935 1401 1041 1491 πατρί
1062 1394 1167 1477 ἔστιν,
1199 1392 1257 1485 ἀφ’
1283 1388 1326 1464 οῦ
1348 1394 1422 1464 οὐδὲ

199 1497 436 1577 ἐπεκτείνεται,
466 1492 534 1564 άλλ)
559 1497 593 1565 ἐν
617 1491 705 1582 αῦτηῦ
726 1499 833 1580 μένων
855 1495 944 1564 ἐστὶν
966 1492 1027 1564 άεί.
1066 1493 1260 1585 ἀνθρώπων
1281 1502 1345 1584 μὲν
1368 1490 1422 1567 οῦν

113 1632 116 1645 ·
200 1599 271 1668 ἐστι
302 1599 341 1666 τὸ
369 1599 589 1687 προκόπτειν,
625 1594 643 1663 ό
673 1599 709 1665 δὲ
730 1600 791 1663 τοῦ
812 1601 895 1665 θεοῦ
917 1597 997 1678 υἱός,
1021 1599 1097 1666 ἐπεὶ
1117 1600 1327 1686 προκόπτειν
1349 1597 1421 1668 ὀῦκ

199 1696 265 1785 εἶχε
285 1703 410 1781 τέλειος
431 1696 477 1768 ὢν
499 1701 533 1768 ἐν
554 1703 601 1787 τῷ
623 1705 736 1786 πατρί,
761 1698 980 1768 ἐταπείνωσεν
1002 1700 1119 1769 ἑαυτὸν
1140 1698 1225 1787 ὑπὲρ
1240 1699 1347 1791 ἡμῶν,
1371 1705 1422 1770 ἵνα

199 1801 233 1870 ἐν
261 1806 308 1890 τῷ
338 1803 460 1872 ἐκείνου
489 1806 636 1889 ταπεινῷ
664 1804 790 1887 μᾶλλον
814 1798 910 1890 ἡμεῖς
930 1798 1071 1890 αὐξῆσαι
1092 1805 1300 1892 δυνηθῶμεν.
1346 1801 1423 1893 ἡδὲ

200 1904 337 1994 αὔξησις
356 1902 448 1994 ἡμῶν
470 1901 528 1972 οῦκ
550 1902 631 1992 άλλη
654 1912 705 1984 τίς
726 1904 832 1985 ἐστιν,
859 1900 882 1992 ἡ
902 1905 941 1971 τὸ
964 1903 1178 1994 ἆφίστασθαι
1198 1909 1260 1992 μὲν
1281 1912 1352 1975 τῶν
1374 1908 1424 1975 αι’·

108 2008 113 2021 '
201 2011 352 2095 σθητιῦν,
387 2007 434 2086 είς
461 2002 562 2074 αὐτὸν
590 2008 627 2074 δὲ
654 2006 712 2074 τὸν
741 2008 839 2092 λόγον
859 2012 1031 2094 γενέσθαι,
1065 2008 1138 2076 ἐπεὶ
1160 2010 1277 2076 καὶτὸ
1299 2010 1423 2079 ἐκείνου

198 2109 357 2178 ταπεινὸν
385 2106 480 2178 οὐδὲν
508 2109 618 2197 ἕτερόν
647 2109 753 2190 ἐστιν,
788 2103 809 2196 ἡ
836 2109 876 2177 τὸ
903 2111 1017 2196 λαβεῖν
1042 2110 1101 2198 τὴν
1122 2108 1284 2199 ἡμετέραν
1307 2112 1421 2200 σάρκα.

200 2208 258 2278 οῦκ
286 2209 351 2298 άρα
380 2208 397 2279 ὁ
427 2212 523 2299 λόγος
543 2203 597 2299 ίὴν
625 2203 647 2300 ἡ
674 2212 770 2299 λόγος
792 2208 927 2301 έστλνό
949 2213 1165 2300 προκόπτων,
1200 2211 1372 2296 ότέλειος
1392 2216 1425 2283 ίκ

198 2315 325 2398 τελείου
354 2309 399 2382 ιῦν
427 2320 485 2382 τοῦ
508 2314 650 2401 πατρός,
680 2311 698 2381 ὁ
721 2314 860 2403 μηδενὸς
882 2313 1051 2400 δεόμενος,
1081 2311 1166 2382 ἀλλὰ
1186 2316 1244 2383 καλ
1264 2317 1347 2398 τοῦς
1369 2317 1426 2385 άλ-

198 2416 278 2497 λννς
298 2417 346 2496 εἰς
367 2417 540 2511 προκοπὴν
556 2415 701 2503 ἀνάγων·
724 2413 809 2485 άλλὰ
822 2412 1047 2503 ἀνθρωπίνως
1062 2419 1190 2505 εἴρηται
1203 2422 1259 2486 καί
1275 2419 1426 2488 ἐνταῦθα

198 2519 257 2587 ’τὸ
279 2519 491 2608 προκόπτειν,
516 2521 592 2588 ἐπεὶ
613 2524 666 2587 καὶ
688 2524 754 2586 τῶν
777 2515 969 2606 ἀνθρώπων
992 2520 1062 2588 ἐστὶ
1084 2521 1187 2589 πάλιν
1209 2518 1229 2608 ἡ
1253 2522 1421 2608 προκοπή.

196 2622 254 2692 καὶ
280 2622 341 2710 γὰρ
369 2626 423 2690 καί
454 2620 472 2689 ὁ
495 2618 722 2709 εῦαγγελιστὴς
744 2619 850 2701 οῦτως
870 2621 953 2707 μετὰ
975 2618 1129 2708 ἀκριβοῦς
1149 2626 1208 2710 τῆς
1229 2624 1426 2712 παρατηρὴ-

198 2746 282 2804 αεως
310 2728 410 2812 λέγων
439 2728 479 2812 τῇ
507 2728 662 2811 προκοπῇ
686 2727 813 2812 συνῆψε
833 2723 891 2812 τὴν
913 2719 1057 2809 ἡλικίαν·
1086 2722 1182 2809 λόγος
1202 2725 1241 2791 δὲ
1263 2729 1320 2792 καὶ
1344 2724 1425 2804 θεὸς

196 2821 307 2915 ἡλικίᾴ
329 2823 368 2894 οῦ
390 2831 599 2913 ΙΙμετρεῖται,
633 2822 718 2893 ἀλλὰ
744 2829 811 2893 τῶν
838 2825 1001 2910 σωμάτων
1024 2826 1106 2893 εἰσὶν
1128 2826 1164 2891 αἱ
1184 2821 1324 2913 ἡλικίαι.
1363 2831 1422 2894 τοῦ

198 2932 351 3015 σώματος
380 2929 445 3016 άρα
472 2929 561 2997 ἐστὶν
589 2924 608 3015 ἡ
638 2927 809 3017 προκοπή·
839 2923 939 2995 αὐτοῦ
962 2927 1023 3014 γὰρ
1037 2924 1297 3015 ’προκόπτοντος
1321 2935 1423 3016 προέ-

197 3056 318 3100 κοπτεν
341 3033 374 3100 ἐν
397 3028 485 3119 αὐτῷ
507 3035 561 3099 καί
584 3028 604 3120 ἡ
628 3037 816 3119 φανέρωσις
835 3035 894 3118 τῆς
914 3029 1078 3118 θεότητος
1097 3041 1171 3108 τοῖς
1187 3026 1322 3116 ὁρῶσιν.
1355 3027 1423 3118 ὅσῳ

130 3221 131 3224 ἡ
198 3137 235 3203 δὲ
261 3131 281 3220 ἡ
309 3134 431 3221 θεότης
454 3131 720 3213 άπεκαλόπτετο,
748 3132 896 3220 τοσούτῳ
919 3134 1037 3200 πλεῖον
1057 3128 1077 3218 ἡ
1098 3131 1193 3217 χάρις
1213 3131 1356 3220 ηὔξανεν
1377 3129 1422 3213 ὥς

196 3232 397 3323 ’ἀνθρώπου
419 3235 513 3320 παρὰ
534 3240 640 3302 πᾶσιν
663 3230 868 3322 ἀνθρώποις.
905 3235 1043 3327 παιδίον
1057 3235 1193 3321 μὲνγὰρ
1209 3234 1420 3321 ἐβαστάζετο,

197 3348 281 3416 παῖς
303 3338 339 3419 δὲ
360 3337 532 3423 γενόμενος
553 3333 715 3421 ἀπέμενεν
744 3337 778 3405 έν
799 3340 847 3424 τῷ
871 3338 947 3423 ἱερῷ
970 3339 1024 3402 καλ
1045 3337 1122 3415 τοὺς
1145 3336 1252 3422 ἱερέας
1273 3333 1421 3425 ἀνέκρινε

197 3443 275 3526 περί
297 3441 356 3505 τοῦ
379 3437 496 3523 νόμον,
519 3434 587 3506 κατ’
613 3435 725 3525 ὀλίγον
747 3441 784 3506 δὲ
805 3442 865 3506 τοῦ
888 3439 1042 3524 σώματος
1063 3435 1263 3519 αῦξάνοντσς
1283 3439 1343 3508 καὶ
1363 3442 1420 3507 τοῦ

197 3541 295 3628 λόγου
329 3544 551 3629 φανεροῦντος
572 3542 710 3610 ὶὲαυτὸν
744 3540 777 3609 ἐν
805 3536 910 3629 αὐτῷ,
945 3537 1156 3627 ὁμολογεῖται
1183 3541 1304 3608 λοιπὸν
1328 3540 1420 3626 παρὰ

196 3646 256 3730 μὲν
276 3649 407 3731 Πέτρου
435 3648 586 3730 πρῶτον,
617 3639 689 3712 εἶτα
715 3642 771 3711 καὶ
798 3643 891 3730 παρὰ
919 3643 1072 3724 πάντων,
1106 3639 1159 3710 ότι
1187 3638 1327 3732 άληθῶς
1347 3643 1417 3722 ὐἱὸς

196 3750 281 3814 θεοῦ
303 3746 393 3815 ἐστιν
415 3736 519 3828 οὗτος,
543 3747 573 3815 εί
593 3745 650 3817 καλ
666 3741 821 3828 Ἰουδαῖοι
843 3747 927 3814 οἵτε
945 3747 1085 3813 παλαιοὶ
1108 3747 1177 3813 ικαί
1193 3746 1227 3813 οἱ
1241 3750 1313 3819 νέοι
1328 3734 1418 3813 οῦτοι

195 3850 353 3929 θέλοντες
374 3848 560 3935 καμμῦονσι
580 3846 658 3928 τοὺς
673 3842 889 3938 όφθαλμοῦς,
912 3848 967 3915 ἵνα
988 3847 1033 3935 μὴ
1053 3849 1225 3935 βλέπωσιν
1249 3842 1304 3915 ὅτι
1324 3845 1417 3914 τὸὲν

266 4057 291 4121 1)
312 4058 333 4109 1.
352 4058 408 4110 cor.
428 4059 451 4120 1,
469 4057 511 4110 τι
581 4057 607 4120 ν)
624 4024 736 4123 ειιιιρρζ
751 4056 775 4121 3,
795 4057 835 4108 ιι.

184 4239 187 4245 ·
230 4210 576 4277 ο.8ίιίίες.1.εί,8τςσιι·.
613 4210 645 4262 Δί
662 4204 677 4258 ὅ
694 4211 781 4262 inedi—
833 4210 905 4260 editio
924 4207 1042 4260 Commel·
1067 4209 1159 4259 omisso
1181 4201 1268 4256 ποίαν
1290 4199 1306 4268 ἡ
1331 4200 1413 4272 σοφία

195 4280 226 4330 tis
244 4283 320 4331 deest.
354 4282 445 4332 Ibidem
471 4280 567 4331 θαλίαι.
591 4288 614 4330 et
632 4281 736 4330 Felokm.
757 4278 780 4330 1.
831 4279 921 4328 habent
937 4270 1080 4343 προκοπὴν
1095 4267 1145 4324 σῦκ
1161 4269 1314 4341 ἐπεδέχετο.-

194 4341 242 4397 w!
259 4345 365 4402 Παῦλος
379 4342 493 4415 γράφει.
866 4363 887 4396 ι.
905 4348 946 4397 Sic
969 4354 1069 4410 uterque
1086 4345 1143 4407 fleg.
1161 4347 1262 4407 δεεσσε.
1280 4343 1352 4394 Βιιίί.
1369 4342 1410 4417 G«)-

162 4418 166 4426 '
197 4429 199 4434 ’
231 4418 254 4469 b.
271 4418 313 4468 Sic
330 4418 386 4480 fleg.
406 4416 428 4467 1.
451 4420 551 4481 δεεσσε.
574 4415 664 4479 Angli&
682 4415 780 4468 Gobler.
830 4414 1042 4481 blenetrelpssm.
1080 4460 1084 4465 .
1111 4413 1198 4477 λμίῐί
1217 4421 1242 4463 τι
1257 4402 1409 4481 εῦίιίἲτρπ

196 4491 220 4535 ιι
236 4484 341 4537 τηατ.
357 4485 423 4536 ιιι
439 4484 587 4537 aunum
604 4484 663 4545 μοι
695 4483 781 4534 τινα
831 4494 869 4532 τε.
905 4482 1033 4543 unm
1113 4466 1163 4532 .5.
1179 4473 1297 4547 ἐγένετο.
1336 4474 1372 4537 τι
