2934 5078
196 228 259 290 270
599 234 1031 282 wmauancfflnmcon

110 408 187 455 m
195 414 262 457 των
283 412 348 472 μου
371 385 460 456 ἐστίν
470 389 501 468 ¹),
524 385 581 454 ἵνα
600 385 645 472 μὴ
669 385 760 464 ξένον
780 408 833 463 τις
852 385 911 469 τῆς
933 383 1056 452 ἐκείνου
1077 382 1211 472 φύσεως
1224 379 1326 451 αάτὸν
1340 377 1423 448 ὕπο-

112 511 189 557 m.
198 489 306 578 λάβοι,
329 485 414 556 ἀλλά
434 489 554 574 μείζων
578 482 686 567 εἶπεν,
711 480 749 552 οά
770 491 908 573 μεγέθει
928 489 993 553 τινὶ
1016 482 1093 553 οὐδὲ
1112 485 1235 573 χρόνῳ,
1261 479 1348 552 ἀλλά
1367 482 1422 551 διά

196 592 256 681 τὴν
289 590 325 671 ἐξ
351 588 453 658 αὐτοῦ
481 592 540 656 τοῦ
568 588 697 676 πατρὸς
723 593 890 676 γέννησιν·
923 587 1009 676 πλὴν
1039 583 1093 655 ότι
1112 580 1167 655 καί
1190 587 1225 655 ἓν
1246 591 1294 674 τῷ
1318 585 1422 656 εἰπεῖν

196 694 316 779 μείζων
338 691 428 760 ἐστίν
450 691 555 771 ἔδειξε
575 690 680 758 πόλιν
700 689 760 778 τὴν
780 693 839 778 τῆς
861 683 976 770 οὖσίας
997 689 1156 778 ἰδιότητα.

273 785 333 862 59.
363 795 432 860 Καὶ
454 787 473 860 ό
496 787 685 873 ἀπόστολος
707 793 744 860 δὲ
766 786 866 872 αάτὸς
887 789 925 859 οά
946 792 1005 880 τὴν
1028 786 1144 860 οάσίαν
1157 793 1217 858 τοῦ
1229 789 1329 877 λόγου
1340 814 1423 878 προ-

144 953 148 960 ,
196 903 383 986 ηγουμίνως
403 905 593 983 ’συγκρῖναι
613 896 726 963 θέλων
745 895 832 982 πρὸς
848 893 890 962 τὰ
904 893 1021 982 γενητὰ
1032 893 1136 980 ἔλεγε·
1158 891 1308 981 τοσούτῳ
1319 899 1423 980 κρείτ-

196 1024 264 1067 των
284 997 457 1086 γενόμενος
477 999 544 1064 τῶν
567 991 726 1083 ἀγγέλων·
749 992 963 1083 1’ἀσύγκριτος
984 996 1055 1082 γόρ,
1078 996 1203 1081 μᾶλλον
1220 996 1257 1063 δὲ
1272 993 1355 1063 ἀλλο
1369 993 1424 1062 καί

197 1098 279 1170 ἀλλο
302 1099 406 1167 ἐστίν·
430 1093 514 1166 ἀλλά
535 1097 621 1185 πρὸς
642 1098 701 1184 τὴν
723 1097 878 1186 όνσαρκυν
902 1094 1081 1183 ἐπιδημίαν
1102 1099 1161 1164 τοῦ
1176 1095 1276 1184 λόγου
1290 1098 1424 1184 βλέπων

196 1204 251 1268 καί
272 1200 331 1287 τὴν
352 1198 428 1268 τότε
442 1197 526 1289 παρ’
552 1195 652 1268 αάτοῦ
670 1205 843 1287 γενομένην
860 1200 1059 1284 οἰκονομίαν,
1083 1196 1229 1288 ἠθέλησε
1244 1200 1354 1280 δεῖξαι
1367 1192 1424 1282 οάχ

197 1297 315 1388 όμυιον
337 1297 423 1370 είναι
445 1306 581 1370 ἢοῦτοι
601 1311 675 1381 τοῖς
695 1299 873 1388 πρότερον,
902 1301 958 1369 ἵνα
985 1296 1056 1387 όσῳ
1080 1304 1121 1388 τῇ
1150 1299 1252 1388 φύσει
1272 1301 1427 1390 διαφέρει

195 1406 254 1469 τοῦ
277 1405 604 1489 προαποσταλέντων
626 1399 710 1490 παρ’
735 1397 851 1484 αὐτοῦ,
880 1400 1030 1488 τοσούτῳ
1058 1405 1112 1469 καί
1140 1397 1286 1488 πλέυνῆ
1315 1395 1421 1489 ’παρ’

197 1498 298 1571 αὐτοῦ
320 1507 373 1571 καὶ
397 1499 445 1570 δι’
470 1499 571 1570 αάτοῦ
592 1509 746 1591 γενομένη
759 1504 854 1589 χάρις
868 1510 1022 1590 κρείττων
1043 1506 1102 1592 τῆς
1117 1497 1166 1570 δι’
1192 1497 1336 1590 ἀγγέλων
1352 1505 1425 1570 δια-

105 1646 109 1651 ·
196 1611 308 1682 κονίας
329 1610 470 1692 γίνηται.
494 1604 620 1672 δούλων
642 1607 703 1689 μὲν
723 1605 784 1691 γάρ
805 1595 845 1691 ἢν
867 1599 1023 1672 ἀπαιτεῖν
1044 1604 1146 1690 μόνον
1167 1603 1246 1684 τοὺς
1265 1604 1423 1692 καρπούς,

197 1705 272 1772 υἱοῦ
294 1705 331 1773 δὲ
351 1708 406 1772 καί
429 1705 594 1774 δεσπότου
607 1713 816 1792 χαρίσασθαι
832 1705 892 1786 τὰς
908 1701 1046 1794 όφειλάς
1067 1703 1140 1773 ’καὶ
1152 1712 1354 1792 μεταθεῖναι
1367 1705 1424 1773 τὸν

198 1804 388 1892 ἀμπελῶνα.
410 1810 465 1875 καὶ
487 1806 529 1874 τά
552 1807 777 1896 ἐπιφερόμενα
797 1812 876 1896 γοῦν
891 1807 984 1894 παρὰ
998 1810 1057 1874 τοῦ
1073 1802 1265 1875 ἀποστόλου
1280 1809 1424 1876 δείκνυσι

197 1907 256 1995 τὴν
287 1908 454 1996 διαφορὰν
476 1912 535 1975 τοῦ
557 1910 630 1976 υίοῦ
652 1909 739 1996 πρὸς
760 1908 802 1977 τὰ
822 1910 956 1997 ’γενητὰ
978 1910 1143 1994 λέγοντος·
1173 1909 1231 1976 διά
1251 1911 1352 1976 τοῦτο
1375 1909 1427 1977 δεῖ

198 2015 443 2096 περισσοτέρως
480 2016 650 2096 προςέχειν
684 2007 770 2098 ἡμᾶς
805 2023 878 2090 τοῖς
912 2006 1127 2090 ἀκουσθεῖσι,
1164 2010 1209 2096 μή
1243 2033 1329 2078 ποτε
1357 2035 1424 2077 πα-

198 2111 399 2198 ραῤῥυῶμεν.
417 2111 447 2179 εί
459 2110 521 2199 γὰρ
538 2108 556 2178 ό
572 2109 613 2179 δι’
632 2107 775 2198 ἀγγέλων
791 2115 949 2201 λαληθεὶς
964 2111 1060 2198 λόγος
1075 2111 1201 2197 ἐγένετο
1211 2116 1358 2197 βέβαιός,
1369 2108 1425 2178 καὶ

198 2214 294 2279 πᾶσα
326 2211 519 2306 παράβασις
555 2215 610 2280 καὶ
641 2213 791 2302 παρακοὴ
827 2215 941 2301 ἔλαβεν
975 2214 1101 2281 ἔνδικον
1133 2213 1424 2297 μισθαποδοσίαν,

197 2315 273 2391 πῶς
292 2307 388 2398 ἡμεῖς
409 2313 640 2402 ἐκφευξόμεθα
667 2314 861 2404 τηλικαύτης
883 2311 1103 2401 ἀμελήσαντες
1125 2321 1308 2402 σωτηρίας,
1328 2311 1352 2403 ἦ
1375 2339 1426 2394 τις

198 2406 298 2500 ἀρχὴν
326 2415 474 2500 λαβοῦσα
501 2417 682 2482 λαλεῖσθαι
703 2416 782 2483 ῑδιά
801 2420 859 2483 τοῦ
878 2422 1008 2502 κυρίου,
1038 2412 1107 2482 ἀπὸ
1127 2417 1193 2482 τῶν
1215 2412 1426 2483 ἀκουσάντων

198 2513 246 2594 είς
266 2511 353 2601 ἡμᾶς
373 2515 603 2605 ίβεβαιῶθη’).
637 2517 667 2585 εί
689 2519 726 2584 δὲ
747 2521 814 2585 τῶν
833 2520 975 2605 γενητῶν
991 2511 1039 2596 εἷς
1059 2505 1098 2602 ἦν
1121 2512 1139 2582 ό
1160 2515 1241 2597 υίὸς,
1265 2510 1305 2582 οὗ
1319 2523 1426 2604 κρείτ-

197 2641 263 2683 των
286 2610 394 2684 αδτῶν
415 2608 472 2706 ἦν,
500 2615 599 2686 ΙΙοὔτε
620 2618 654 2685 ἕν
676 2622 715 2707 τῇ
737 2623 891 2707 παρακοῇ
912 2618 951 2685 τὸ
973 2620 1085 2702 μεῖζον
1112 2621 1171 2706 τῆς
1192 2623 1357 2704 τιμωρίας
1378 2611 1423 2684 δι’

198 2711 298 2785 αὐτὸν
320 2713 486 2786 ἀπέκειτο.
510 2714 587 2787 οάδὲ
608 2720 669 2807 γὰρ
692 2721 726 2788 ἐν
748 2724 787 2808 τῇ
811 2721 960 2807 διακονίᾳ
982 2723 1048 2786 τῶν
1071 2713 1215 2805 ἀγγέλων
1235 2717 1310 2805 ἐνῆν
1324 2723 1427 2787 καθί-

196 2842 318 2887 καστον
341 2815 448 2888 αὐτῶν
470 2822 509 2888 τὸ
530 2823 643 2908 μεῖζον
664 2821 720 2889 καὶ
742 2822 877 2890 ἔλαττον
900 2820 934 2888 ἒν
954 2831 1027 2898 τοῖς
1049 2824 1325 2906 παραβαίνουσιν,
1350 2813 1424 2886 ἀλλ’

199 2915 247 3000 είς
267 2909 306 3006 ἦν
330 2916 348 2988 ό
370 2922 471 3008 νόμος
492 2921 547 2990 καὶ
568 2929 630 3009 μία
650 2920 768 3011 ἧκατά
781 2926 848 2990 τῶν
869 2912 1159 3008 ἱπαραβαινόντων
1176 2921 1310 2988 ἐκδικία.
1335 2921 1428 2989 ἐπει-

199 3019 239 3107 δὴ
262 3022 298 3088 δὲ
321 3017 378 3090 οάκ
401 3024 472 3091 ἔστι
493 3027 560 3091 τῶν
581 3028 722 3113 γενητῶν
746 3021 764 3089 ό
787 3023 892 3109 λόγος,
916 3019 991 3089 ἀλλ’
1022 3022 1094 3101 υίὸς
1114 3026 1172 3088 τοῦ
1195 3022 1341 3109 πατρὸς,
1371 3021 1427 3090 διά

131 3136 134 3142 “
198 3124 297 3188 τοῦτο
320 3119 389 3209 όσῳ
416 3119 572 3211 κρείττων
601 3121 700 3204 αὐτὸς
720 3124 840 3192 καὶτὰ
861 3120 910 3190 δι’
935 3117 1035 3190 αὐτοῦ
1064 3131 1235 3210 κρείττονα
1261 3125 1316 3190 καὶ
1339 3126 1427 3190 Ιιπα-

199 3223 405 3309 ρηλλαγμένα
427 3221 507 3304 ἐστί,
529 3226 678 3311 τοσούτῳ
701 3225 756 3293 καὶ
777 3222 797 3313 ἦ
818 3229 982 3312 1τιμωρία
1001 3231 1121 3311 χείρων
1133 3231 1273 3311 γένοιτο.
1298 3223 1427 3292 θεασά-

199 3328 340 3390 σθωσαν
362 3327 439 3410 γοῦν
461 3324 519 3410 τὴν
542 3324 599 3392 διὰ
620 3330 678 3393 τοῦ
701 3323 774 3393 υἱοῦ
792 3327 897 3412 χάριν,
921 3328 975 3393 καὶ
991 3324 1226 3411 ἕπιγνῶτωσαν
1240 3328 1297 3393 καὶ
1313 3325 1349 3394 ἐκ
1362 3329 1427 3393 τῶν

200 3423 302 3509 όργων
323 3425 589 3511 μαρτυρούμενον
611 3420 719 3506 αὐτόν,
745 3423 884 3494 ὅτιτῶν
905 3430 966 3511 μὲν
983 3430 1124 3514 γενητῶν
1141 3424 1240 3506 ἀλλος
1262 3426 1344 3510 ἐστί,
1367 3427 1429 3513 μό·

198 3547 255 3603 νος
277 3525 314 3591 δὲ
336 3520 435 3606 αὐτὸς
463 3526 552 3607 Ιυίὸς
580 3522 742 3614 ἀληθινὸς
765 3528 798 3595 ἒν
820 3530 868 3615 τῷ
891 3526 996 3614 πατρὶ
1016 3526 1072 3595 καὶ
1095 3525 1112 3594 ό
1135 3527 1245 3616 πατὴρ
1269 3528 1304 3597 ἐν
1327 3525 1426 3616 αάτῷ.

200 3620 218 3692 ό
241 3625 342 3712 νόμος
364 3627 401 3694 δὲ
423 3623 470 3695 δι’
488 3621 631 3715 ἀγγέλων
648 3628 805 3716 ἐλαλήθη,
828 3632 883 3696 καλ
899 3623 1017 3695 οὐδένα
1031 3630 1250 3711 τετελείωκε’γ
1274 3629 1428 3716 δεόμενος

269 3781 293 3842 λ)
312 3782 377 3832 loun.
399 3783 438 3844 14,
457 3783 498 3834 28,
568 3783 594 3846 2)
612 3784 685 3835 ssebr.
704 3784 729 3845 2,
750 3783 821 3834 1-3.
892 3785 917 3846 3)
937 3786 1009 3836 Hebr.
1029 3787 1054 3847 Ἰ,
1075 3786 1115 3835 19.

232 3931 253 3965 ι.
272 3916 372 3978 δεραει.
396 3926 420 3968 ει
437 3918 573 3969 Felckman.
592 3919 624 3968 5.·
637 3917 788 3986 συγκρῖναι.
840 3910 873 3967 ἵν’
893 3911 950 3984 όσῳ
968 3919 1002 3986 τῇ
1019 3912 1101 3984 ηόσει
1119 3913 1247 3985 διαφέρῃ.

178 3983 260 4034 ‹Editi
279 3991 303 4033 et
319 3983 360 4033 alii
379 3979 525 4051 διακρῖναι.
874 3987 897 4036 d.
916 3989 1016 4050 Seguer.
1039 3977 1103 4053 παρ’
1124 3979 1218 4034 αάτοό.
1255 3985 1319 4038 miti
1344 3996 1368 4039 ιι
1391 3988 1430 4039 ulii

231 4052 255 4100 b.
274 4051 316 4101 Sic
331 4052 430 4113 Seguer.
465 4055 580 4118 Idemque
598 4053 789 4116 moxetAnglic.
838 4048 915 4122 παρὰ
937 4049 1044 4103 τοόταυ.
1088 4055 1176 4116 Regius
1200 4062 1225 4104 ιι
1247 4053 1386 4106 Felckmtn.
1405 4055 1429 4105 ό.

198 4118 478 4172 ῦοόίεεωιῖιίελιαλ.
498 4113 785 4169 ἀλλικαῖάλλιίστίν.
838 4115 915 4191 παρὰ
938 4115 1036 4169 τούτου
1060 4115 1106 4170 καὶ
1130 4114 1177 4168 διά
1194 4113 1301 4171 τιότιυ.
1338 4120 1429 4173 Ibidem

197 4185 270 4236 ΒιείΙ.
290 4176 455 4253 ἀσόγιριτιν
476 4182 532 4252 γὰρ
550 4178 659 4265 ἀληθῶς
671 4184 786 4265 μᾶλλον.
838 4189 939 4252 Seguer.
955 4184 1078 4256 κρείττω.

196 4251 261 4330 §diti
280 4262 304 4304 ει
322 4255 362 4305 afli
381 4247 548 4321 ἀσύγκριτον
557 4268 622 4323 γαρ,
642 4251 747 4320 μαλλον
757 4250 787 4305 δὲ
873 4272 895 4306 ε.
914 4258 1012 4319 segnes.
1031 4251 1218 4322 μετατιθέναι.

199 4315 262 4368 αλλι
280 4313 362 4371 ἐστίν.
873 4325 889 4373 t.
909 4325 949 4374 Sic
966 4325 1064 4385 Segner.
1083 4324 1432 4386 neg.cohler.etrelekm.1.

233 4402 254 4436 α
273 4388 314 4438 Sic
330 4389 430 4451 Seguer.
448 4389 521 4440 Basil.
538 4390 629 4455 λαρΙία
649 4390 787 4441 ιῑῖεΙεΙιια.
840 4391 920 4442 Ceteri
943 4406 999 4442 vero
1018 4405 1072 4443 cum
1091 4393 1149 4442 edit.
1167 4390 1286 4442 Commel.
1303 4383 1431 4457 γενιητό.

200 4449 225 4503 5.
258 4454 287 4505 Δῑ
304 4454 346 4506 ulii
363 4464 387 4507 ιι
404 4457 461 4510 editi
479 4455 570 4510 τοῦτο.
606 4456 667 4509 lbid.
685 4458 786 4522 snguer.
874 4473 897 4522 ς.
914 4458 989 4511 Βιιίλ
1007 4451 1061 4509 ἀπὸ
1077 4452 1249 4527 τοῦτκορίιυ.
1283 4459 1434 4527 Ριιλορσιι
