2948 5092
368 203 370 208 1
459 270 570 319 caiam
583 272 617 317 m
631 208 897 345 Quemne.
1101 194 1107 209 ὓ
1215 263 1279 331 aab

43 445 100 506 per
120 425 225 507 ipsum
247 424 333 486 lacta.
366 421 518 504 Siquidem
540 441 591 485 res
613 440 739 501 prorsus
760 442 866 486 omnes
890 425 952 487 sive
976 444 1051 506 quaa
1065 427 1202 490 videntur
1217 430 1364 495 sinentur.

44 547 119 607 quae
141 543 205 589 non
227 525 366 587 ridentur
387 542 441 604 per
462 524 560 604 ipsum
581 525 675 587 tactae
697 533 776 598 sunt,
800 534 831 586 et
852 526 919 588 aine
941 527 991 588 illo
1010 530 1118 601 lactum
1134 540 1180 592 est
1194 506 1286 596 niun

43 629 123 692 Nibil
145 638 248 691 autem
270 628 307 707 de
328 625 422 688 altero
444 633 496 689 aut
516 625 553 687 de
574 624 673 706 aliquo
695 625 753 687 alio
776 627 914 706 cogitant,
937 647 993 690 nec
1014 629 1069 692 alia
1092 631 1148 692 sibi
1164 632 1280 713 lingunt
1347 692 1351 702 ,

46 731 133 793 rerba
163 730 275 793 aliasve
305 727 481 809 sapientias,
510 745 633 807 quarum
662 745 718 790 nec
745 747 854 791 nomen
877 748 934 792 nec
954 749 1031 810 opus
1053 731 1145 794 ullum
1168 733 1278 801 indicat

46 833 214 913 Scriptura,
246 830 298 903 sed
327 829 369 892 illi
396 837 510 891 tantum
538 836 715 892 memorant
760 829 825 892 lloc
851 831 930 893 enim
952 851 1055 895 eorum
1078 843 1276 898 commentum

48 947 90 997 eat
118 942 152 996 et
181 926 294 996 mentis
328 930 446 994 cbristo
479 930 616 996 inimicae
647 932 736 994 labus.
782 930 901 994 Scilicet
933 932 1021 997 Verbi
1050 943 1080 996 et
1108 934 1278 1016 Sapientiae.

48 1036 169 1100 nominc
191 1034 363 1108 abutuntur,
387 1032 500 1114 aliaque
521 1032 611 1094 verba
632 1031 739 1096 odiosae
763 1034 1029 1097 comminiscuntur
1050 1036 1222 1116 sapientias,
1246 1045 1278 1100 ut

49 1156 149 1203 rernm
170 1135 228 1199 uei
248 1134 379 1198 Verbum
401 1150 558 1215 veramque
581 1153 615 1196 ac
636 1153 725 1197 unam
745 1134 842 1197 Patris
865 1135 1041 1215 sapientiam
1063 1146 1189 1217 negent3
1217 1157 1277 1218 quo

49 1242 148 1321 utique
180 1240 260 1301 lacto
291 1236 479 1300 llanicbaeos
512 1236 616 1298 miseri
649 1236 808 1299 imitantur.
853 1237 900 1300 llli
932 1237 1011 1301 enim
1040 1238 1095 1301 llei
1121 1251 1278 1305 minantes

52 1360 138 1422 opera
160 1358 255 1428 ¹earm,
284 1338 334 1419 qui
362 1337 446 1399 solus
475 1345 506 1399 et
534 1356 623 1399 verus
646 1347 694 1400 est
714 1338 810 1414 Deus,
839 1347 949 1419 nogant
969 1338 1117 1420 utumque
1138 1341 1197 1404 sibi
1219 1341 1278 1421 ipsi

52 1444 177 1523 lugunt,
199 1441 284 1504 orius
307 1458 461 1533 neckopus
484 1458 540 1502 nec
561 1439 765 1503 testimonium
788 1441 906 1521 aliquod
928 1459 963 1503 ex
986 1440 1093 1504 divinis
1116 1440 1278 1521 Scripturis
1315 1494 1320 1499 .
1365 1493 1368 1498 .

53 1551 159 1623 queunt
178 1543 328 1623 prolerre.

76 1672 83 1681 ·
129 1648 182 1709 to.
227 1643 321 1723 lssitur
349 1642 375 1704 si
405 1643 436 1704 in
463 1642 557 1705 sacris
584 1641 693 1704 litteris
720 1642 800 1704 nulla
829 1642 885 1704 alia
911 1651 1030 1723 praeter
1051 1644 1148 1725 ipsum
1170 1643 1277 1706 Filium

56 1745 195 1826 reperitur
217 1745 373 1825 sapientia,
395 1745 422 1807 si
443 1744 517 1807 nibil
539 1743 746 1831 huiuscemodi
761 1763 777 1805 a
792 1744 932 1807 Patribus
955 1745 1131 1820 audivimus,
1155 1746 1180 1807 si
1203 1764 1278 1808 con-

59 1855 92 1908 tra
111 1847 169 1927 ipsi
189 1846 294 1909 Patres
316 1846 540 1909 confessisunt
561 1865 596 1907 ac
618 1845 761 1926 scriptum
782 1846 976 1926 reliquerunt,
999 1847 1173 1926 sapientiam
1190 1846 1280 1911 simul

61 1966 115 2011 mm
135 1949 225 2011 Patre
247 1949 387 2022 existere,
409 1966 465 2009 nec
487 1947 592 2010 iactam
610 1965 691 2023 esse,
714 1947 767 2010 sed
783 1947 936 2028 propriam
952 1947 1015 2017 eins
1032 1966 1109 2022 esse,
1132 1946 1279 2010 elmundi

62 2049 244 2125 electricem3
275 2066 349 2111 sane
377 2049 452 2111 nibil
474 2048 553 2110 aliud
577 2062 645 2111 esse
664 2056 768 2128 potest
788 2048 848 2109 nisi
869 2048 979 2124 Filius,
1009 2049 1058 2129 qni
1081 2055 1112 2111 et
1132 2057 1166 2110 ιιι
1187 2048 1276 2111 iidem

64 2149 107 2229 ipsi
134 2149 268 2214 sendum
295 2150 333 2212 ab
361 2150 536 2214 aeternitate
564 2149 652 2212 simul
680 2168 746 2212 cum
775 2150 863 2212 Patre
886 2149 995 2212 existit
1040 2149 1192 2229 Siquidem
1214 2149 1280 2229 ipse

65 2262 99 2314 nt
117 2254 226 2335 opifex,
248 2252 292 2315 nti
315 2252 459 2334 scriptum
483 2262 544 2315 est:
570 2253 679 2315 Omnia
700 2257 733 2316 ιἰι
754 2256 906 2333 ropicatio
922 2254 1032 2333 sectati.
1066 2251 1198 2331 Namque
1214 2251 1280 2332 ipsc

67 2372 166 2435 quoqne
186 2354 340 2430 isumus,
367 2354 458 2418 veluti
480 2373 584 2417 eorum
613 2354 738 2429 oblitus,
767 2373 842 2434 quae
863 2355 948 2435 prius
971 2354 1149 2434 scripserat,
1178 2361 1281 2414 contra

67 2452 178 2520 Gentiles
210 2466 317 2538 postea
350 2456 521 2538 disputans,
550 2475 611 2519 non
641 2475 729 2520 secus
758 2476 793 2518 ac
821 2456 965 2536 Caiphae,
999 2455 1108 2518 invitus
1137 2473 1198 2516 non
1221 2455 1280 2516 iam

67 2559 153 2622 multas
176 2559 341 2641 sapientiae
360 2578 417 2622 nec
438 2578 555 2623 erucam
578 2568 800 2632 commemorat,
825 2558 877 2620 sed
901 2577 990 2620 unam
1013 2576 1082 2620 esse
1104 2555 1280 2636 sapientiam

67 2655 100 2720 bis
119 2660 216 2724 verbis
239 2663 359 2725 scribit:
398 2662 507 2737 „Unus
536 2661 654 2741 quidem
678 2660 758 2723 Deus
780 2661 909 2722 Verbum
932 2661 995 2722 sire
1018 2659 1105 2722 Ratio
1136 2665 1197 2731 est,
1225 2655 1280 2719 scd
1393 2659 1421 2673 “’

67 2780 127 2830 „res
148 2762 258 2826 multae
279 2764 397 2825 ratione
419 2772 489 2824 sunt
510 2764 678 2843 praeditae,
704 2781 763 2823 una
786 2763 857 2824 item
879 2761 1041 2842 sapientiae
1063 2758 1227 2823 substantia
1251 2765 1282 2820 et

66 2874 180 2932 „namra
210 2874 273 2939 est,
308 2864 362 2926 sed
390 2883 440 2927 res
470 2863 578 2927 multae
609 2864 759 2944 sapientes
790 2873 821 2926 et
846 2862 944 2925 bonae
971 2867 1074 2925 sunt.“
1119 2860 1157 2922 St
1177 2858 1280 2940 paucis

65 2960 211 3029 interiectis
233 2967 309 3029 baec
329 2967 424 3029 addit:
449 2966 605 3041 „Quinam
621 2967 741 3042 luerint,
765 2985 840 3046 quos
856 2965 910 3026 bei
925 2965 1002 3027 lilios
1019 2961 1159 3044 appellari
1174 2961 1280 3039 dignos

65 3067 281 3158 „arbitrantur‘l
313 3068 374 3130 Nec
396 3069 475 3130 enim
498 3068 588 3130 verba
611 3086 729 3149 quoqne
751 3066 818 3129 illos
841 3086 921 3141 esse,
944 3085 1001 3128 nec
1021 3065 1129 3126 multas
1152 3068 1366 3135 conten-me,

64 3169 145 3239 „dent
166 3170 298 3232 existere
320 3171 495 3253 sapientias,
526 3171 599 3231 Nam
621 3169 685 3232 lieri
710 3169 823 3249 nequit,
845 3177 880 3230 nt
897 3187 963 3232 cum
978 3185 1069 3230 uuum
1085 3166 1126 3228 sit
1139 3163 1279 3240 Verbum,

64 3288 224 3353 „unamque
253 3280 408 3334 ostensum
440 3271 479 3333 sit
508 3291 576 3334 esse
605 3271 802 3351 Sapientiam,
834 3270 962 3331 filiorum
991 3266 1172 3331 multitudini
1194 3266 1280 3329 attri-

64 3369 183 3444 „bodur
205 3382 310 3436 natura
332 3373 436 3447 Verbi,
466 3391 637 3454 nomenque
660 3373 829 3452 Sapientiae
849 3371 1063 3434 concedatur.“
1107 3367 1187 3430 Nihil
1210 3370 1283 3447 ergo

63 3475 156 3537 uirum
186 3476 278 3538 videri
309 3475 413 3551 debet,
447 3476 472 3538 si
500 3476 600 3537 Ariani
629 3494 696 3538 cum
717 3474 838 3537 veritate
861 3481 1010 3554 pugnent,
1044 3469 1282 3551 qnandoquidem

62 3686 145 3759 λέγοις.
182 3697 240 3758 lleq.
259 3704 283 3746 et
300 3695 372 3746 basil.
390 3689 421 3744 iv
437 3695 524 3748 delore
539 3688 639 3760 λόγοις.
726 3695 748 3745 l.
768 3677 923 3757 Sescentis
961 3687 991 3742 ἐν
1008 3682 1079 3745 Sao'r.
1116 3689 1207 3767 lbidem
1225 3689 1283 3753 Req.
1331 3695 1335 3702 '

60 3763 92 3812 lli
110 3772 134 3813 et
151 3763 210 3814 editi
228 3756 259 3813 ir
272 3761 329 3817 tois
342 3758 453 3828 λογίοις.
478 3764 529 3813 ldox
540 3765 640 3825 Sequor.
692 3770 716 3812 et
734 3762 878 3811 l'olelm.b.
897 3775 932 3808 no
964 3752 1029 3809 ddi
1048 3753 1186 3821 τᾰλογια.
1223 3755 1282 3806 ltem
1324 3784 1330 3790 ·

60 3829 187 3882 Goblerian.
203 3839 226 3882 et
237 3831 342 3882 Fclclm.
364 3832 386 3881 l.
403 3821 467 3896 παρ’
488 3822 574 3879 αὐτὸν
592 3824 641 3878 τὸν
692 3830 750 3880 ibid.
762 3832 862 3892 Seguer.
880 3823 927 3876 set
942 3821 995 3893 μιά
1011 3821 1064 3892 μὲν
1082 3818 1281 3902 indecerptus.

59 3891 115 3949 οἷον.
151 3900 216 3950 Editi
235 3898 305 3949 etalii
315 3891 499 3964 παρὰτοῦιον
511 3892 561 3946 τὸν
571 3891 638 3948 υἱόν.
692 3898 796 3948 Felclm.
816 3897 841 3946 d.
860 3897 917 3946 ibid.
937 3886 1018 3944 niolo
1035 3887 1081 3942 καὶ
1099 3905 1190 3959 φυσις.

81 3982 101 4029 q.
126 3967 228 4030 Sequar.
251 3968 350 4019 Gobler.
368 3975 392 4017 et
409 3966 513 4018 Felcltm.
536 3968 556 4016 l.
575 3959 640 4033 ὁμο·
726 3965 743 4015 l.
767 3965 807 4014 Sic
825 3964 925 4027 Sequar.
943 3964 1000 4025 llcg.
1019 3962 1117 4014 Gobler.
1136 3970 1160 4010 at
1177 3957 1283 4008 Falclm.

55 4027 176 4099 breim
202 4035 266 4085 Editi
281 4035 358 4086 etalii
378 4026 560 4101 ὡμολόγηται.
588 4035 640 4084 llox
695 4034 715 4082 l.
741 4035 769 4082 lt
787 4032 859 4082 editio
878 4030 996 4082 Commel.
1015 4021 1040 4079 ei
1055 4022 1110 4096 γὰρ
1130 4019 1281 4105 distrus-

54 4101 102 4167 lteg.
121 4111 147 4155 et
159 4102 298 4154 Felclman.
317 4103 342 4153 b.
360 4093 521 4167 ἂγεννῆτως.
560 4102 640 4153 Ceteri
693 4101 767 4150 Panlo
803 4108 842 4150 ost
859 4095 965 4150 Felclm.
989 4097 1013 4148 2.
1033 4106 1057 4147 et
1074 4098 1130 4147 editi
1150 4087 1211 4141 oode
1228 4104 1284 4157 γαρ

52 4186 99 4221 tom
118 4171 227 4222 editione
245 4170 364 4222 Commel.
382 4160 527 4237 ἀγενήτοις.
693 4115 820 4217 δονατὲν.
855 4168 900 4218 dlii
919 4182 980 4217 mss.
999 4157 1103 4231 οὐγὰρ
1122 4154 1248 4238 dorcadas.

78 4244 103 4290 b.
128 4240 272 4303 Sequerian.
297 4240 354 4300 Req.
374 4248 397 4288 et
414 4237 519 4289 Felcltm.
539 4238 562 4289 5.
584 4229 641 4287 tote
728 4237 759 4287 ni.
778 4236 875 4297 Sequer.
896 4237 984 4298 etltcg.
1003 4225 1144 4298 lucripetes.
1180 4228 1242 4293 Edrtr
1261 4233 1285 4277 et

50 4300 140 4357 αὐτοῦ.
176 4308 222 4358 atii
242 4315 266 4357 et
285 4307 341 4369 editi
361 4297 419 4354 tot«
437 4296 518 4372 stirpi.
694 4304 734 4354 olii
752 4295 913 4371 turrinorum
933 4302 1075 4378 mendosa!
1358 4310 1361 4315 '

77 4380 91 4428 i.
112 4378 155 4427 Sic
177 4377 279 4438 Sequcr.
298 4375 355 4438 lice.
374 4376 472 4426 Goblcr.
491 4374 597 4425 Felclrm.
618 4374 640 4423 l.
730 4388 752 4422 n.
772 4371 926 4424 Felclmanni
946 4371 969 4420 b.
988 4375 1195 4434 npoaonrontr.
1230 4360 1284 4439 llpx

43 4446 110 4581 {pr-l..
146 4447 176 4495 at
192 4443 276 4563 ¹elueri
301 4451 326 4494 et
348 4443 421 4494 editio
439 4442 556 4494 Commel.
577 4434 641 4508 δμο-
694 4440 800 4556 Fplclm.
819 4441 842 4493 t.
860 4430 961 4490 naute
977 4431 1029 4502 μὲν
1046 4430 1169 4502 λέγοντες
1185 4422 1285 4483 nolint·

107 4511 147 4570 iar,
165 4525 191 4563 m
217 4520 241 4563 ω
266 4566 271 4577 ,
695 4520 772 4558 evat.

81 4584 359 4647 amnemamnem.
373 4578 422 4641 ex‘a.
1047 4586 1080 4639 24
