2948 5092
225 265 252 309 s.
264 262 420 308 armasti
433 260 654 307 οισσοιοιοοοοο
668 262 836 308 ourionss
851 264 967 308 oonrna
981 265 1115 309 tutanos.
1225 255 1283 315 141

62 414 225 500 λοιστίνης
246 414 307 478 τοῦ
328 405 400 478 dard
422 414 655 498 γραμματικῶν
675 418 832 497 τέταρτον
854 412 911 479 τὸν
926 413 1079 501 παρόντα
1092 414 1189 500 λόγον
1210 410 1370 482 ana-aaa.

60 514 155 596 μύζει.
180 509 201 579 ὁ
226 515 263 581 di
285 513 320 581 ir
335 507 443 592 ὁσίοις
459 511 634 599 Θεόδωρος
655 512 840 593 ἐπίσκοπος
861 518 919 602 τῆς
934 519 1054 605 papir,
1078 511 1158 603 ἀνὴρ
1174 517 1286 604 λόγιος

60 618 102 681 sai
126 615 370 701 συγγράμματα
391 614 642 695 καταλελοιπώς
662 608 858 702 dissiparare,
888 616 923 684 dn
944 621 992 705 τῷ
1013 618 1097 685 κατὰ
1119 613 1285 707 ἇγνοητῶκ

60 712 152 783 ainor'r
182 716 331 804 διαλόγῳ
365 722 522 805 τέταρτον
552 721 612 784 τοῦ
642 712 737 804 ἆγίου
761 710 970 786 uaesaniae
996 719 1081 787 κατὰ
1104 714 1285 806 Ἀρσιονῶκ

60 819 147 905 λόγον
172 813 330 902 ὀνομάζει
349 817 408 885 τὸν
428 822 483 885 καί
508 818 543 886 ἐκ
563 819 650 905 τῷδε
669 822 717 907 τῷ
731 819 837 903 τεύχει
851 827 1007 907 τέταρτον
1021 827 1179 908 κείμενον,
1203 811 1243 888 οὗ
1261 815 1284 908 ἡ

60 915 140 1007 ἀρχή·
166 921 200 987 ai
212 915 472 1008 Ἀρειομανίτοι,
497 916 543 1000 ὠς
565 921 660 997 ἔοικε,
682 927 850 1008 κρίνοντες
871 918 965 1003 ἅπαξ
985 918 1176 992 ἀποστάται
1196 929 1286 1011 γενέ-

60 1029 146 1088 σθαι.
193 1026 233 1088 id
254 1038 318 1089 est:
341 1026 437 1100 Haeo,
466 1044 541 1106 quae
562 1026 612 1088 hia
631 1026 806 1089 inscribitur
827 1027 929 1090 Oratio
951 1028 1046 1108 prima
1067 1029 1098 1090 S.
1121 1028 1285 1107 Athanasii,

10 1143 15 1148 ·
60 1130 83 1189 in
101 1127 256 1207 aliquibus
280 1127 504 1206 Exemplaribus
527 1135 630 1208 sparta
652 1127 770 1190 dicitur.
813 1127 851 1190 Et
871 1148 943 1190 vero
971 1129 1080 1210 impius
1103 1131 1232 1192 Severus
1253 1131 1285 1193 in

59 1231 195 1308 vigesimo
226 1229 315 1290 tertio
344 1228 439 1309 eapite
473 1229 540 1291 iibri
568 1228 646 1291 tertii
680 1228 823 1291 adsersus
853 1230 995 1292 ioannem
1024 1250 1039 1293 a
1069 1230 1284 1305 Grammaticis,

59 1333 216 1392 Oesareae
232 1331 263 1391 in
278 1329 444 1392 Palaestina
459 1330 652 1412 Episcopum,
668 1339 802 1411 quartam
818 1332 945 1411 appellat
958 1341 1146 1413 praesentem
1163 1333 1284 1394 Oratio·

59 1451 127 1493 narn.
173 1434 212 1492 At
236 1440 356 1494 sanatus
380 1431 558 1493 Theodorus
581 1431 746 1512 Episcopus
767 1431 899 1506 Pharan,
928 1435 975 1495 vir
1002 1434 1153 1507 eruditus,
1183 1433 1286 1512 quiet

60 1536 169 1614 egregia
184 1533 307 1613 reliquit
323 1534 431 1613 Opera,
453 1533 483 1593 in
507 1550 563 1595 suo
582 1532 724 1595 adversus
739 1534 888 1612 Agroitas
903 1535 1024 1615 Dialogo
1040 1545 1173 1616 quanam
1189 1535 1285 1596 sancti

58 1637 204 1698 Athanasii
231 1636 405 1697 Orationem
428 1642 528 1696 contra
550 1634 676 1697 Arianos
698 1635 840 1715 appellat,
870 1656 944 1716 quae
970 1637 1041 1699 itera
1064 1638 1123 1699 isto
1145 1635 1176 1698 in
1197 1636 1283 1698 voiu-

57 1739 127 1800 niue
164 1746 272 1817 quarta
300 1746 362 1810 est,
396 1737 479 1798 euius
512 1736 646 1799 videlicet
671 1737 787 1798 initium
817 1748 882 1800 est:
917 1739 1162 1820 Quandoquidem
1192 1736 1285 1799 semol

57 1840 160 1913 Ariani,
184 1838 370 1911 studetur,
393 1839 522 1900 animum
545 1839 726 1900 induxerunt
747 1858 762 1902 a
786 1840 909 1902 veritate
930 1840 1107 1904 desciscere.
1138 1839 1219 1901 Haec
1234 1839 1283 1911 idi,

58 1947 222 2023 quesitam
244 1940 396 2002 Andenntr
416 1943 449 2001 in
473 1941 576 2003 Codice
599 1941 792 2021 (iodicriono,
815 1960 907 2023 sapite
929 1941 1147 2004 Fsicitotannus
1163 1945 1205 2002 ait
1221 1958 1285 2002 esse

58 2045 210 2106 mudum
233 2041 369 2104 lectoris
391 2041 522 2104 Romani
541 2047 671 2116 nominc,
694 2047 747 2124 ani
762 2044 895 2105 Codiceut
911 2043 1126 2106 Godierianum
1148 2045 1284 2121 scripsit.

59 2145 133 2207 dditi
155 2145 271 2206 Graeci
291 2142 412 2205 Codices
435 2155 464 2206 et
484 2162 538 2205 ma.
574 2143 768 2206 Feieirmanni
787 2146 938 2207 secundus
962 2145 1030 2207 iicet
1053 2145 1139 2207 iiiam
1159 2144 1284 2224 Episto-

61 2247 110 2307 iasr
131 2264 198 2308 aas
220 2245 393 2306 inscribant
415 2249 548 2324 primam
571 2245 763 2318 Orationem,
795 2257 895 2308 tamen
917 2266 995 2319 eant,
1024 2266 1112 2329 anona
1139 2252 1200 2308 iant
1226 2262 1283 2307 noa

60 2352 180 2426 prinam
207 2347 418 2415 inscrrdtntus,
447 2347 609 2408 securtdurn
635 2347 801 2428 appellunt.
846 2347 883 2409 In
906 2347 1071 2409 Bosiiiensi
1093 2349 1198 2412 Codice
1220 2359 1284 2408 tres

62 2453 169 2528 priseae
191 2448 358 2511 Orationes
388 2448 487 2510 eodem
517 2449 624 2510 ordine
652 2466 708 2529 qno
736 2452 797 2510 iant
824 2468 843 2510 a
871 2449 958 2511 nodis
980 2460 1198 2519 numerantur,
1231 2450 1285 2512 ssd

67 2570 144 2630 past
165 2560 308 2630 quartam
330 2549 533 2619 intendimus,
555 2550 598 2610 ibi
618 2561 707 2613 scuta
730 2551 857 2623 dicitur3
879 2552 963 2629 sorte
985 2569 1088 2631 nempe
1110 2553 1189 2630 quod
1210 2550 1284 2630 Epi·
1372 2629 1375 2635 Ι

69 2653 135 2713 stota
156 2651 318 2729 Bneyciica
340 2653 380 2712 ud
400 2650 565 2731 Episcopos
585 2651 711 2730 Aepypti
731 2662 760 2712 et
774 2651 883 2730 dr'dyae
905 2656 937 2712 in
959 2651 1109 2732 aliquibus
1128 2653 1283 2714 Codicibus

71 2754 164 2816 Oratio
186 2761 301 2834 quarta
323 2756 355 2812 in
371 2751 502 2814 Arianos
524 2751 708 2832 appellatur,
734 2765 763 2814 et
780 2753 887 2814 Oratio
905 2754 938 2814 de
958 2752 1174 2814 incarnatione
1188 2754 1283 2825 aerii,

71 2859 141 2915 atrias
168 2857 293 2916 initiunt
313 2850 346 2915 oi
368 2855 581 2932 κακοτέχνοις,
613 2859 717 2935 aestiua
739 2865 935 2925 numeratur,
968 2863 1004 2915 ut
1036 2857 1069 2913 in
1091 2852 1287 2916 Feiaienranni

71 2961 158 3033 piato
181 2956 288 3018 Codice
308 2973 363 3015 aas.
408 2954 446 3015 Iu
462 2955 551 3035 Rapio
574 2974 629 3016 rus.
645 2956 749 3017 Codice
773 2954 930 3017 ciurtaaeo
947 2965 1009 3016 tres
1021 2958 1141 3034 primae
1161 2965 1285 3019 enatant

73 3056 219 3119 Orationes
242 3058 342 3118 eadent
371 3061 465 3127 serie,
492 3066 528 3118 nt
555 3057 610 3117 Aac
637 3061 670 3117 in
697 3068 807 3118 nostro
829 3057 983 3126 delicians,
1011 3066 1203 3129 numeratae,
1233 3059 1284 3121 sad

72 3169 164 3235 asarta
185 3159 278 3220 deest.
324 3156 361 3218 iu
388 3157 449 3218 olio
471 3157 562 3237 iieyio
585 3162 713 3237 optirnae
735 3171 906 3220 potueras.
933 3159 1051 3228 Codice,
1080 3163 1133 3238 qui
1156 3159 1284 3220 mediana

73 3259 188 3338 Operatur
210 3259 244 3320 S.
268 3258 429 3320 Athanasii
444 3271 564 3344 partem
588 3265 733 3331 continet,
769 3260 845 3321 darae
872 3259 995 3322 tritantur
1024 3262 1110 3321 initio
1135 3260 1284 3321 dabantur

73 3360 235 3432 Orationes,
266 3379 341 3440 arrae
369 3366 437 3422 item
464 3361 572 3422 ididem
594 3365 687 3422 tertia
708 3370 737 3422 et
759 3370 869 3440 qrearta
891 3372 1119 3441 nuncupantur.
1164 3361 1226 3422 Sed
1246 3382 1284 3424 ne

72 3461 169 3524 duma
191 3469 225 3524 ia
244 3463 466 3542 percurrendis
489 3465 707 3542 manasseriptis
732 3462 887 3524 Codieitns
909 3465 1123 3531 inamoenum,
1146 3464 1215 3524 aide
1236 3466 1283 3525 di·
1352 3469 1360 3478 “

71 3575 228 3645 irrepentes
252 3563 408 3636 laedones,
442 3582 517 3643 quos
539 3564 673 3624 studiose
695 3563 867 3643 calieptmus
890 3563 930 3623 od
951 3567 1070 3624 initiam
1092 3564 1284 3641 sinpuiarnrn
1342 3645 1344 3650 ³

72 3664 250 3736 Oratianurn,
272 3682 326 3726 nec
348 3682 411 3726 non
432 3663 586 3744 Epistoioe
608 3664 784 3744 Enopeiiaoe
806 3666 846 3726 ad
861 3665 1026 3745 Episcopus
1042 3665 1169 3745 Aepypti
1188 3677 1218 3726 et
1232 3664 1284 3726 tr-

10 3756 13 3787 *
70 3763 128 3842 ipos
148 3780 178 3830 et
202 3765 362 3828 Tractatus
388 3767 477 3829 utorio
498 3770 658 3828 memorati
682 3768 717 3829 dc
738 3767 966 3830 Incarrratione.
1012 3765 1104 3827 Multi
1123 3778 1283 3847 praeterea

69 3873 171 3950 antiqui
191 3867 367 3947 Scriptores
396 3869 497 3930 eodem
519 3869 626 3929 ordine
646 3868 718 3929 ilias
742 3872 877 3929 citarnnt
902 3868 1065 3929 Orationes
1087 3885 1123 3928 aa
1144 3885 1200 3929 nos
1223 3885 1283 3928 nrt-

67 3986 222 4042 uernans,
244 3978 281 4030 ut
303 3967 440 4049 Cyrinus
462 3967 701 4042 Anaanannns,
728 3968 945 4040 Theodoretns,
968 3968 1159 4031 lastinianus
1183 3967 1283 4049 irnpe-

67 4083 152 4141 rator‚
174 4072 420 4154 quemadmodum
443 4074 507 4132 suis
530 4075 562 4131 in
584 4071 658 4132 tacis
682 4072 886 4133 adstruamus.
924 4070 1031 4132 Verum
1045 4070 1124 4132 ninii
1146 4089 1221 4151 opas
1237 4081 1284 4131 est

66 4170 188 4252 tenuiore
211 4175 426 4253 disputatione,
451 4191 518 4234 eunt
541 4172 657 4234 clarum
680 4176 721 4235 sit
742 4192 781 4234 era
804 4173 881 4234 Aiace
903 4176 977 4253 ipsis
1000 4182 1132 4252 quatuor
1157 4173 1283 4233 Oratia-

64 4276 148 4347 ndna
170 4275 249 4337 niAil
270 4293 321 4335 eas
346 4292 500 4337 commeans
522 4293 588 4337 cnm
609 4274 674 4337 ulla
698 4273 759 4335 alia
785 4275 884 4354 Opere
908 4274 1031 4346 habere,
1063 4275 1114 4335 sed
1136 4276 1365 4334 striatarum.

62 4395 87 4438 se
108 4380 282 4453 coiaerere,
316 4389 352 4440 ut
373 4395 471 4437 unum
492 4381 576 4457 ipsae
600 4376 683 4456 Opus
707 4376 799 4438 stiunt
820 4376 997 4456 conficiant,
1029 4394 1159 4456 patarum
1176 4377 1281 4453 primo

60 4484 94 4541 ait
110 4485 306 4562 principiam,
330 4489 445 4562 quarta
467 4489 566 4543 autent
589 4482 721 4543 omninno
744 4481 785 4540 sit
804 4478 887 4559 pinis,
910 4495 998 4558 quarn
1012 4496 1085 4540 sane
1102 4476 1137 4539 od
1160 4493 1281 4541 musam
