2948 5092
513 277 859 329 consurrectionem
874 278 960 330 aner
974 286 996 329 r.
1045 261 1050 277 ⁸
1299 270 1360 338 801

108 440 163 500 uis
200 436 447 516 transgressionis
481 438 585 497 artifex
617 444 778 514 auctorque
811 436 876 497 init.
926 436 963 497 Et
988 437 1033 498 sic
1060 454 1094 498 ex
1123 441 1447 519 transgressionum.

132 539 287 618 praecepti
311 538 363 598 llei
391 540 485 599 lactus
514 546 561 598 est
575 537 672 596 bomo
696 551 785 616 capax
808 531 919 598 inducti
942 538 978 599 ab
1001 534 1120 600 inimico
1144 541 1278 602 seminis.
1322 542 1364 604 bc

130 641 279 721 deinceps
302 649 454 720 peecatum
476 639 506 699 in
529 639 658 699 bominis
682 646 784 700 natura
806 640 843 699 ad
866 656 986 700 omnem
1009 641 1280 720 concupiscentiam
1294 660 1363 705 mc-

130 743 241 815 vebat,
274 760 334 802 non
368 741 447 820 quod
480 737 614 801 diabolus
643 756 707 800 eam
735 739 767 800 in
794 740 844 801 illo
874 751 1009 802 naturam
1038 743 1243 817 efformasset3
1276 746 1362 808 absit

128 844 240 923 licque
261 844 340 905 enim
363 842 497 903 diabolus
520 850 642 903 naturae
664 849 780 902 creator
802 842 900 915 ltrerit,
922 852 955 904 ut
970 841 1207 906 Manichaeorum
1230 848 1287 908 lert
1303 848 1361 908 im-

131 948 242 1027 pietas,
268 946 320 1006 sed
342 963 376 1006 ex
401 944 654 1023 praevaricatione
677 951 800 1006 naturae
822 944 1046 1022 perversionem
1063 946 1168 1018 effecit,
1192 949 1293 1027 sicque
1309 964 1447 1015 renen.

131 1051 237 1128 mavit
259 1063 340 1108 mors
364 1046 394 1106 in
417 1044 555 1106 omnibus
581 1044 762 1106 hominibus.
806 1045 844 1107 ln
867 1046 929 1116 boc,
952 1048 1057 1126 inquit,
1082 1048 1163 1110 uenit
1185 1045 1280 1110 Filius
1294 1051 1360 1122 Dei,

131 1161 173 1213 art
201 1149 349 1212 dissolvat
378 1165 471 1227 opero
500 1147 622 1209 dioboli.
668 1148 820 1220 Quaenam
850 1162 940 1227 opera
968 1146 1077 1209 diaboli
1105 1151 1242 1212 dissolvit
1269 1151 1361 1213 Filius

131 1251 215 1314 boii
259 1252 355 1325 Quam
384 1250 451 1311 iecit
473 1250 551 1311 licus
580 1258 715 1310 naturam
744 1250 810 1310 sine
832 1259 968 1328 peccato,
997 1266 1063 1312 eam
1085 1251 1180 1331 ipsam
1203 1252 1239 1312 atl
1261 1262 1360 1314 bans-

129 1354 323 1434 pressionem
346 1352 474 1413 mandati
497 1352 552 1412 liei
575 1352 719 1431 pervertit
740 1351 895 1423 diabotus,
920 1362 949 1413 et
971 1353 1006 1414 ed
1028 1353 1228 1415 inventionem
1251 1357 1361 1434 peoouti

128 1457 243 1519 mortis
265 1456 389 1516 eundem
412 1454 469 1515 sibi
491 1454 549 1532 ipsi
572 1448 751 1514 restaurarit
765 1453 844 1514 Deus
860 1454 987 1515 Verbum
1009 1455 1177 1534 inoapacem
1200 1456 1361 1519 diabolicae

127 1557 336 1639 perversioois
364 1564 394 1616 et
422 1554 601 1616 inventionis
629 1555 751 1634 peceati.
790 1550 933 1634 *ideoque
962 1555 1058 1619 aiebat
1084 1558 1245 1619 Dominus:
1280 1559 1362 1621 l'ecit

131 1659 283 1741 Princeps
311 1659 417 1720 mundi
446 1652 551 1727 bua'us,
587 1669 616 1720 et
643 1661 675 1719 itt
702 1672 759 1718 aar*
777 1674 839 1719 nora
869 1662 984 1720 inuenit
1012 1664 1178 1741 pua'tquom.
1224 1660 1359 1733 Quodsi

128 1759 278 1839 Princeps
300 1759 402 1820 mundi
424 1759 512 1819 huius
535 1759 608 1819 nibil
630 1772 755 1837 eperum
778 1773 901 1820 suorum
923 1761 953 1821 in
977 1760 1094 1822 Christo
1118 1759 1244 1834 invenit,
1268 1761 1359 1823 multe

127 1863 229 1941 magle
252 1862 389 1922 Christus
419 1861 492 1921 nibil
522 1879 556 1921 ex
586 1861 648 1921 sois
678 1861 803 1939 opiliclls
831 1861 948 1940 reliquit
971 1860 1100 1941 Principi
1128 1863 1231 1942 mpntli
1259 1862 1359 1923 notre.

128 1965 192 2026 Aut
212 1963 300 2024 etiam
323 1981 357 2023 ea
379 1962 416 2023 de
438 1980 526 2023 causa
548 1963 621 2023 nibil
644 1963 809 2024 invectitio
832 1963 915 2043 ipso,
939 1966 1099 2043 perlectam
1122 1965 1282 2026 novitatem
1305 1980 1358 2025 ex·

128 2059 255 2128 bibente
278 2063 414 2137 Christo,
444 2075 476 2125 ut
497 2066 658 2143 perlectam
682 2064 807 2126 salutern
830 2066 921 2126 totius
943 2066 1092 2138 bominis,
1115 2067 1230 2127 animae
1253 2080 1360 2145 nempe

128 2176 164 2228 et
185 2167 338 2245 corporis,
362 2176 551 2246 operaretur,
575 2185 634 2245 quo
658 2168 785 2246 perlecta
807 2182 925 2245 quoqne
948 2170 1025 2228 soret
1046 2169 1239 2229 resurrectio.
1283 2168 1360 2228 Fru-

128 2274 197 2330 stra
219 2269 307 2347 igitur
328 2269 426 2330 Ariani
450 2269 571 2348 argutiis
595 2277 728 2340 utuntur,
751 2268 821 2329 dum
845 2269 1026 2329 Salvatorem
1049 2284 1169 2330 carnem
1192 2269 1286 2329 solam
1309 2288 1358 2328 aa·

127 2371 281 2432 mmsisse
304 2377 445 2443 statuunt,
469 2389 503 2430 ac
523 2370 674 2448 passionis
699 2382 822 2431 sensum
838 2370 872 2430 ati
885 2371 1097 2449 impassibilem
1111 2370 1253 2432 Deitutem
1268 2366 1360 2446 impie

124 2470 276 2534 tolerunt.
319 2471 440 2534 Frustra
462 2489 580 2552 quoque
602 2488 655 2532 ros
678 2470 735 2532 alio
757 2480 926 2533 commento
949 2472 995 2533 usi
1018 2473 1100 2552 paria
1120 2490 1189 2533 cum
1212 2471 1270 2532 illis
1284 2487 1358 2532 sen-

126 2573 213 2646 titis,
241 2573 374 2635 dieentes
406 2573 503 2652 ipsum
526 2576 589 2652 quai
614 2566 851 2634 circumdabatur
872 2575 966 2634 iormt
989 2575 1018 2634 id
1040 2582 1088 2636 est
1110 2574 1250 2652 organici
1273 2588 1358 2635 usum

124 2673 240 2748 misse,
274 2676 336 2736 rice
368 2685 465 2737 autem
499 2674 652 2735 interioris
686 2674 782 2736 nostri
810 2675 941 2736 bominis
972 2676 1132 2736 caelestem
1164 2684 1293 2736 mentem
1327 2675 1358 2735 io

124 2772 253 2838 Christo
275 2776 379 2837 fuisse.
425 2775 492 2848 Quo
522 2784 607 2854 pacto
631 2775 721 2853 igitur
742 2768 875 2847 dolelrat,
907 2776 1013 2837 auxius
1044 2785 1124 2851 erat,
1157 2773 1358 2856 preoebatur?

125 2879 282 2957 Scriptum
311 2887 358 2939 est
385 2879 477 2939 enim:
511 2877 550 2938 lit
579 2878 777 2940 conturbator
808 2889 854 2940 ast
882 2883 995 2960 spirite
1019 2877 1113 2941 letor.
1158 2875 1356 2939 Haerentem

127 2999 229 3058 neque
257 2980 354 3042 carnis
384 2989 482 3042 mente
511 2979 639 3040 carentis
663 2997 758 3058 neque
781 2980 973 3041 immutabilis
996 2975 1118 3040 Deitatis
1144 2979 1272 3050 marlot,
1301 2977 1357 3037 seul

127 3082 249 3144 animae
277 3079 470 3161 intelligentia
497 3080 664 3160 praeditae,
688 3081 834 3154 detentu,
858 3082 1066 3155 conturbatae,
1090 3081 1208 3153 anxiae,
1231 3087 1262 3140 et
1282 3096 1357 3157 quae

122 3197 201 3246 eum
222 3183 413 3263 intelligentia
435 3183 608 3262 passionem
630 3176 770 3244 senserit.

219 3593 268 3653 iti.
314 3589 400 3663 Quod
425 3592 450 3650 si
474 3591 547 3652 haec
570 3590 717 3651 sententia
739 3604 800 3650 non
823 3589 927 3668 piacet,
950 3603 1016 3651 crim
1039 3587 1093 3650 tria
1116 3591 1147 3650 in
1163 3598 1281 3669 promta
1297 3589 1357 3650 sint

125 3710 164 3753 ea
188 3691 224 3751 de
248 3708 281 3752 re
304 3691 421 3763 iudicia,
444 3691 627 3770 phantasiae,
651 3691 852 3771 blasphemiae
872 3699 904 3751 et
925 3690 1068 3764 venatis,
1092 3692 1238 3770 mannam
1255 3691 1353 3768 elegu-

122 3792 220 3856 ritis?
264 3793 337 3854 Natu
365 3793 390 3854 si
420 3793 612 3873 suspicemini
641 3793 689 3854 illa
718 3793 755 3855 tle
783 3793 847 3854 sola
870 3801 900 3852 et
921 3808 1002 3854 mera
1025 3794 1126 3872 specie
1147 3792 1225 3853 dioto
1249 3792 1353 3862 luisse,

161 3997 184 4027 e.
203 3975 243 4028 Sic
260 3979 400 4040 Segnerion.
419 3981 517 4029 Gobler.
537 3988 560 4028 et
579 3979 714 4028 Felcltml.
800 3994 821 4039 g.
840 3980 880 4028 Sic
898 3977 997 4039 Segnior.
1017 3977 1086 4028 Gobl.
1106 3987 1128 4026 et
1147 3977 1251 4025 Felcltm.
1270 3977 1291 4025 i.
1330 3977 1355 4024 ln

122 4049 191 4098 Editi
209 4062 264 4095 vero
282 4040 379 4110 ἑαυτῷ.
418 4048 481 4096 loiru
507 4050 529 4096 in
554 4048 652 4109 Segner.
672 4044 715 4093 λο-
766 4046 836 4094 erlitis
854 4043 1024 4111 λυπουμένην
1040 4036 1357 4108 ναὶτοραιτομένηνκοὶ

119 4110 205 4182 γονῆς
221 4115 297 4164 deest.
333 4112 406 4162 teoto
426 4124 481 4176 post
499 4115 597 4176 Segnior.
617 4115 714 4164 Goblet‘.
766 4104 978 4178 &desperatiorem
1002 4106 1048 4160 καὶ
1065 4110 1171 4170 νοητοῖς
1187 4104 1355 4160 inuenturo-

123 4192 151 4233 οἱ
174 4183 279 4231 Felclm.
301 4182 321 4230 l.
347 4177 519 4262 σοφίζονται.
557 4182 618 4231 [totu
643 4192 714 4246 φαν-
763 4177 858 4248 μένην.
904 4182 996 4230 lblrletu
1020 4182 1091 4230 iidem
1117 4181 1213 4228 codices
1243 4183 1356 4229 omittunt

121 4242 265 4306 τᾶζονιοι.
309 4249 360 4298 lior
385 4245 561 4312 ανειληψέναι
590 4243 639 4297 τὸν
662 4262 714 4296 σω·
764 4242 789 4299 el
806 4244 845 4304 δέ,
865 4251 932 4298 cuins
951 4250 1006 4297 loeo
1026 4249 1112 4297 trabem
1125 4239 1184 4309 κᾷν.
1214 4248 1289 4296 tieem
1301 4258 1355 4295 reos

122 4316 199 4384 τῆρα
216 4320 304 4367 desunt
322 4319 345 4365 iu
365 4320 451 4367 iisdem
471 4319 603 4367 codicibus.
767 4316 851 4382 τριῶν
875 4312 968 4363 τοίνυν
991 4311 1179 4381 προκειμένων
1196 4307 1352 4380 νοημάτων.

160 4388 179 4436 l.
206 4386 268 4436 Editi
296 4375 446 4440 ἀπόνοιαν,
477 4394 501 4434 at
524 4388 622 4446 Segoer.
643 4385 714 4433 besil.
764 4384 792 4434 ln
811 4386 881 4435 editis
900 4384 967 4434 deest
986 4375 1276 4448 τοίνονοινοημάτων.
1303 4383 1355 4460 lips

119 4453 225 4506 Gobler.
244 4461 268 4503 et
286 4453 425 4503 latetml.
444 4445 577 4510 ἐπίνοιαν,
597 4454 714 4503 etitale·
755 4452 837 4503 iidem
863 4453 916 4503 eod.
941 4444 1049 4502 itamar
1074 4442 1116 4498 ἄν.
1154 4451 1216 4501 liditi
1240 4466 1295 4501 vero
1320 4463 1356 4498 αν

118 4524 160 4587 tlt
177 4520 295 4572 lirum
765 4508 867 4569 ἕλεσθε.
