2948 5092
203 223 264 286 174
601 234 797 281 mmmm
810 232 1035 279 nemmem

84 405 193 449 walt.
202 387 311 472 λέγετε
331 381 457 451 ἀύτόν.
503 378 640 470 ἀνόητοι
660 384 714 449 καί
737 378 940 469 φιλόνεικοιί
983 381 1013 448 εἰ
1040 381 1100 466 μὲν
1127 379 1189 466 γὰρ
1212 376 1329 460 ἀϊδίοις
1352 405 1429 449 συν-

202 498 290 556 εῖναι
309 486 412 571 μόνον
434 483 534 553 αὐτόν
557 485 725 570 ἐλέγομεν,
749 482 806 550 καὶ
825 481 871 569 μή
893 481 979 563 υἱόν,
1008 480 1161 567 λπιθανή
1183 507 1235 561 τις
1256 472 1296 571 ήν
1317 480 1428 550 αὐτῶν

201 583 221 676 ή
244 595 469 675 πρσςποίητσς
491 582 653 673 εύλόβεια,
677 585 707 653 εἰ
729 585 765 652 δέ
787 581 897 652 ἀΐδιον
919 586 1066 670 λέγοντες
1087 580 1311 671 ὁμολογοῦμεν
1327 581 1428 654 αύτὸν

201 688 274 756 οἶόν
296 689 331 757 έν
352 689 495 776 πατρός,
518 692 593 768 πῶς
616 685 633 755 ό
655 685 826 774 γεννηθείς
847 680 992 774 ἀδελφὸς
1013 689 1071 753 τοῦ
1093 687 1308 773 γεννήσαντος
1330 688 1428 756 δύνα·

200 816 258 859 ται
278 792 494 877 νομίζεσθαι,·
527 793 582 858 καὶ
604 790 634 857 εἰ
657 790 704 869 εἷς
724 795 858 875 πατέρα
878 792 931 855 καὶ
955 788 1026 856 υἱὸν
1047 785 1139 878 ήμῶν
1161 789 1251 858 ἔστιν
1265 785 1285 879 ή
1301 798 1425 872 πίστις,

201 900 286 960 ποία
313 887 498 981 ἀδελφότης
526 892 559 959 έν
582 891 713 971 τούτοις
735 891 842 973 ἐστίν,
873 884 895 978 ή
916 893 990 969 πῶς
1012 891 1150 958 δύναται
1172 888 1190 958 ό
1212 890 1309 978 λόγος
1332 889 1428 960 ἀδελ-

202 994 267 1082 φός
295 996 472 1082 θλέγεσθαι
498 993 632 1075 τούτου,
662 982 700 1059 ού
727 991 784 1060 καὶ
805 993 876 1060 ἔστι
898 992 1011 1078 λόγος,·
1046 988 1103 1058 οὐκ
1125 993 1215 1061 έστιν
1237 988 1428 1082 ἀντίῤῥησις

203 1093 284 1185 αότη
308 1093 353 1176 ῶς
374 1097 467 1184 παρὰ
490 1092 694 1183 ἀγνοούντων
715 1100 883 1182 γινομένη·
906 1097 1071 1180 συνορῶσι
1092 1094 1153 1181 γὰρ
1175 1098 1230 1161 καλ
1252 1090 1348 1162 αύτολ
1370 1095 1427 1183 τήν

203 1193 383 1287 ἀλήθειαν·
407 1194 492 1265 ἀλλὰ
512 1198 685 1286 πρόφασίς
707 1195 796 1263 ἐστιν
808 1193 966 1284 Ἰουδαϊκή
980 1202 1035 1263 καὶ
1049 1195 1228 1277 θελόντων,
1252 1193 1318 1277 ἆῶς
1335 1192 1427 1265 εἶπεν

202 1296 222 1367 ό
243 1301 402 1386 Σολομῶν
410 1304 440 1381 ¹),
465 1295 534 1367 ἀπὸ
555 1303 614 1387 τῆς
636 1293 796 1386 ἀληθείας
815 1299 1027 1384 χωρίζεσθαι.
1058 1293 1097 1363 ού
1118 1299 1179 1384 γὰρ
1203 1300 1237 1366 έκ
1257 1323 1349 1378 τινος
1370 1294 1429 1386 ἀρ

200 1407 260 1490 χῆς
282 1400 560 1489 προϋπαρχούσης
582 1396 599 1466 ό
622 1399 731 1486 πατήρ
753 1399 809 1467 καὶ
824 1396 842 1465 ό
857 1400 929 1478 υἱὸς
944 1399 1173 1489 ἐγεννήθησαν,
1191 1401 1246 1467 ἵνα
1260 1400 1316 1467 καὶ
1332 1397 1429 1470 ἀδελ-

204 1508 264 1594 φοὶ
286 1507 512 1588 νομισθῶσιν·
536 1497 604 1570 ἀλλ’
630 1498 657 1567 δ·
671 1500 781 1590 πατήρ
804 1497 884 1588 ἀρχή
906 1505 965 1569 τοῦ
988 1503 1060 1569 υἱοῦ
1082 1506 1137 1569 καὶ
1152 1502 1329 1589 ’γεννήτωρ
1346 1503 1426 1584 έστί,

116 1624 194 1670 m.
202 1610 257 1674 καὶ
280 1602 298 1673 ό
321 1605 431 1691 πατήρ
452 1603 563 1692 πατήρ
586 1604 666 1684 ἐστι,
690 1606 744 1671 καὶ
767 1597 825 1685 ούχ
846 1603 918 1682 υίός
939 1629 1029 1683 τινος
1050 1611 1169 1691 γέγονε,
1193 1608 1247 1671 καὶ
1271 1600 1378 1685 όυίὸς
1393 1608 1429 1673 δὲ

202 1707 274 1787 υἱός
297 1707 443 1775 ἐστικαὶ
466 1701 524 1772 ούκ
546 1701 699 1794 ἀδελφός.
740 1705 770 1772 εἰ
792 1701 960 1799 δέᾶιΐόιον
982 1713 1123 1794 γέννημα
1143 1711 1202 1773 τοῦ
1225 1708 1354 1794 πατρὸς
1375 1710 1430 1776 λέ-

201 1834 304 1896 γεται,
327 1811 435 1888 καλῶς
457 1811 593 1895 λέγεται.
639 1803 676 1875 οό
700 1807 761 1894 γὰρ
784 1803 899 1894 ἀτελής
921 1803 1018 1876 ούσία
1039 1813 1099 1875 τοῦ
1122 1809 1249 1897 πατρὸς
1270 1800 1310 1896 ήν
1333 1835 1427 1891 ποτε,

201 1911 258 1978 ἵνα
279 1915 333 1978 καλ
355 1910 394 1977 τό
416 1911 519 1977 (ἴδιον
541 1893 641 1998 αότῆς
663 1909 885 1997 έπισομβαίνῃ
908 1909 1018 1996 ταύτῃ,
1043 1906 1119 1978 ούδέ
1135 1907 1180 1990 ῶς
1194 1909 1379 1998 ἀνθρωπος
1395 1912 1432 1993 ἐξ

202 2007 387 2099 ἀνθρώπου
409 2019 596 2100 γεγέννηται
617 2008 635 2078 ό
659 2010 739 2090 οἷός,
763 2013 818 2079 ἵνα
839 2011 895 2078 καὶ
908 2008 1057 2100 ὑστερίζῃ
1073 2017 1132 2101 τῆς
1144 2012 1303 2099 πατρῴας
1319 2010 1430 2100 ὑπόρ-

202 2116 299 2195 ξεως·
323 2109 407 2181 ἀλλὰ
427 2118 511 2182 θεοῦ
533 2113 675 2201 γέννημό
696 2113 776 2193 ἔστι,
799 2116 853 2180 καλ
875 2128 889 2166 ¹
896 2110 941 2193 ῶς
962 2119 1045 2182 θεοῦ
1067 2119 1126 2181 τοῦ
1149 2110 1200 2182 ἀεὶ
1224 2113 1319 2194 όντος
1341 2116 1430 2194 ἴδιος

204 2212 250 2285 ῶν
272 2215 344 2294 υἱὸς
366 2211 482 2295 ἀιδίως
503 2214 653 2303 ύπόρχει.
692 2211 885 2301 ἀνθρώπων
906 2216 1049 2303 μὲνγὰρ
1072 2217 1159 2283 ἰ’δισν
1182 2216 1243 2283 Βτὸ
1267 2217 1301 2283 όν
1320 2216 1428 2304 χρόνῳ

201 2321 316 2404 γεννᾶν
339 2316 456 2384 διὰτὸ
479 2312 592 2396 ἀτελὲς
612 2320 670 2403 τῆς
693 2314 834 2405 φύσεως,
856 2320 941 2383 θεοῦ
965 2317 1000 2384 δὲ
1023 2312 1132 2384 ἀίδιον
1154 2316 1192 2383 τὸ
1214 2324 1357 2405 γέννημα
1372 2317 1436 2408 διὰΙ

201 2418 240 2486 τὸ
270 2414 321 2486 ἀεὶ
348 2421 474 2486 τέλειον
501 2423 560 2508 τῆς
588 2419 728 2506 φύσεως.
774 2419 803 2485 εἰ
824 2420 885 2503 μέν
907 2408 964 2485 σόν
987 2415 1044 2485 οόκ
1066 2419 1157 2486 ἔστιν
1178 2420 1264 2499 αλός,
1299 2414 1370 2485 ἀλλ’
1395 2419 1431 2499 έξ

202 2516 260 2589 ούκ
283 2519 387 2590 όντων
408 2528 538 2609 ποίημα
560 2528 679 2607 γέγονε,
705 2520 923 2588 δεικνύτωσαν
934 2514 1109 2607 Ιπρότερον,
1127 2524 1180 2587 καὶ
1196 2517 1241 2599 ῶς
1256 2525 1334 2606 περί
1350 2545 1429 2588 ποι-

85 2706 88 2711 .
200 2623 328 2710 ήματος
356 2623 599 2713 φανταζόμενοι
626 2624 847 2710 κραζέτωσαν,
870 2620 939 2689 ’ὅτι
967 2613 1006 2708 ήν
1028 2648 1112 2690 ποτε
1135 2620 1190 2691 ότε
1212 2618 1270 2689 ούκ
1291 2613 1348 2710 ἦν·
1371 2619 1429 2690 ούκ

204 2723 284 2793 όντα
305 2726 366 2812 γὰρ
388 2733 499 2813 γέγονε
520 2726 562 2793 τὰ
583 2726 708 2813 γενητό.
754 2726 784 2791 εί
805 2726 842 2792 δέ
864 2724 934 2803 υἱός
957 2724 1028 2791 ἐστι
1051 2728 1159 2803 (τοῦτο
1181 2724 1310 2810 γὰρκαὶ
1328 2720 1429 2791 όπα-

202 2826 264 2914 τήρ
287 2830 374 2914 λέγει
394 2828 449 2895 καὶ
472 2829 508 2894 αλ
529 2831 652 2915 γραφαί
675 2832 809 2913 βοῶσι),
833 2826 872 2892 τὸ
895 2828 931 2893 δέ
953 2826 1024 2905 υἱὸς
1046 2824 1141 2892 οὐδὲν
1164 2826 1274 2912 ἕτερόν
1297 2826 1386 2894 ἔστιν
1409 2821 1430 2913 ἢ

205 2928 244 2994 τὸ
267 2929 301 2996 έκ
321 2934 379 2996 τοῦ
402 2929 530 3016 πατρὸς
551 2928 767 3015 γεννώμενον,
797 2928 836 2993 τό
866 2929 902 2995 δέ
923 2929 1122 3013 γεννώμενον
1145 2928 1178 2995 ἐκ
1199 2931 1279 2994 Ιιτοῦ
1301 2928 1430 3014 πατρὸς

205 3030 301 3117 λόγος
324 3019 412 3098 ἒότὶν
436 3027 535 3098 αότοῦ
557 3034 611 3097 καὶ
634 3038 740 3118 σοφία
760 3032 814 3097 καλ
837 3025 1057 3116 ἀπαύγασμα·
1079 3037 1113 3096 τί
1135 3030 1186 3097 δεῖ
1208 3033 1311 3116 λέγειν
1333 3026 1354 3117 ἢ
1377 3027 1430 3097 ότι

205 3133 368 3217 λέγοντες·
390 3124 429 3219 ἦν
452 3157 535 3200 ποτε
558 3129 614 3200 ὅτε
636 3128 693 3199 οὐκ
714 3122 753 3218 ήν
776 3127 890 3212 όσέός,
914 3129 959 3210 ῶς
973 3135 1092 3219 λῃσταί
1106 3158 1193 3210 τινες
1213 3127 1430 3198 λάποσαλῶσι

204 3228 262 3300 τόν
285 3231 381 3318 λόγον
405 3231 474 3300 ἀπὸ
496 3239 554 3299 τοῦ
575 3238 669 3315 θεοῦ,
692 3237 746 3300 καὶ
769 3231 920 3320 ἀντικρος
942 3230 1010 3300 κατ’
1028 3229 1129 3299 αὐτοῦ
1145 3239 1359 3320 φθέγγονται,
1377 3229 1430 3299 ότι

203 3325 245 3422 ἦν
266 3358 351 3402 ποτε
371 3339 430 3401 τοῦ
455 3337 540 3403 ἰδίου
563 3336 661 3422 λόγου
682 3339 736 3402 καί
759 3342 909 3424 ΙΙΙσοφίας
929 3342 1038 3421 χωρίς,
1060 3338 1115 3401 καὶ
1136 3335 1176 3400 τό
1198 3337 1271 3422 φῶς
1291 3324 1330 3420 ήν
1346 3358 1430 3401 ποτε

206 3438 306 3522 χωρὶς
328 3432 436 3523 αύγής,
460 3436 515 3503 καὶ
537 3435 655 3521 ἀγονος
675 3427 714 3524 ήν
735 3433 759 3525 ή
778 3435 866 3525 πηγή
888 3436 945 3503 καὶ
966 3436 1065 3524 ξηρός
1097 3431 1157 3523 τήν
1178 3436 1239 3522 γὰρ
1261 3435 1301 3501 τό
1324 3434 1430 3521 ὄνομα

204 3540 265 3603 τοῦ
289 3537 409 3623 χρόνου
437 3538 723 3624 προςποιοόμενοι
744 3544 930 3627 φοβεῖσθαι
952 3536 1008 3605 διὰ
1029 3538 1106 3617 τούς
1129 3535 1349 3618 ὀνειδίζοντας
1371 3532 1431 3603 αύ-

205 3637 283 3716 τούς
304 3640 425 3724 λέγωσι
446 3640 513 3726 πρὸ
533 3639 661 3726 χρόνων
684 3634 783 3706 αότόν
806 3635 906 3720 εἶναι,
939 3634 1007 3706 ἀλλ’
1033 3637 1123 3724 ὅμως
1146 3636 1198 3706 ότι
1221 3638 1431 3727 διαστήματό

85 3808 88 3815 ,
203 3764 278 3806 τινα
306 3739 475 3823 διδόασιν,
508 3740 541 3808 ἐν
568 3736 685 3826 οίςμή
708 3735 793 3808 εἶναι
814 3735 914 3808 αδτδν
938 3740 1175 3828 φαντάζονται,
1209 3735 1304 3807 οόδὲν
1333 3729 1432 3827 ήττον

274 3997 297 4054 1)
316 3998 384 4046 Ρεοτ.
405 3997 443 4059 18,
464 3998 485 4046 1.

240 4146 261 4180 ε.
281 4131 419 4191 Seguerian.
439 4128 546 4178 τοῦτον.
877 4130 1119 4183 Μαλελειίελελω.
1130 4122 1196 4182 λεόε
1207 4123 1429 4195 φησλΣολομῶν.

240 4197 263 4246 b.
282 4197 354 4246 Basil·
379 4190 538 4256 πιθανότης.
573 4198 713 4259 θεχσιτίειι.
733 4199 790 4248 ibid.
876 4214 898 4248 e.
916 4199 956 4248 Sic
974 4199 1115 4263 θεςοεελοο.
1134 4199 1232 4247 Gohler.
1250 4207 1274 4247 ει
1288 4198 1394 4248 Ρείελαι.
1408 4199 1428 4246 1.

207 4256 430 4331 ἧσροεκσίητνς.
466 4266 673 4316 ΕίίιὶοίὶοοεωεΙ.
691 4258 791 4332 ήπρδε
842 4269 871 4316 λι
887 4266 1009 4328 Anguem
1026 4256 1222 4330 γενητόείστι.
1254 4266 1337 4315 Amet
1355 4265 1429 4315 editio

207 4330 289 4379 τοῦτο
312 4324 490 4397 αρσςιιοιητή.
526 4335 572 4384 Alii
593 4327 609 4393 ή
633 4325 704 4401 πρὸς
728 4330 790 4381 τιό·
842 4324 1194 4397 οοωαε1.γεννητήεέστι.
1384 4346 1386 4351 ·

208 4409 241 4446 το
257 4393 440 4468 προεστῶτος
876 4401 892 4450 ί.
917 4402 958 4450 Sic
981 4411 1080 4461 δεήσει.
1108 4400 1205 4450 comer.
1232 4408 1255 4450 ει
1279 4399 1386 4450 λέλελαι.
1404 4398 1428 4447 1.

426 4436 586 4531 Μῶν
595 4462 736 4535 γενέσθαι.
841 4467 904 4518 uiti
921 4482 977 4520 τινα
995 4477 1020 4519 ει
1038 4469 1079 4519 ulii
1095 4456 1194 4519 ἀΐδιον.
