2948 5092
511 220 806 267 eumoccenrm
820 221 955 270 masos.
1281 212 1345 280 tte

119 375 248 450 tionem,
274 391 334 454 qur
355 372 472 435 scilieet
491 391 591 447 mors,
619 390 695 452 quse
717 372 788 436 olim
810 383 1002 454 regnaverat,
1025 376 1173 440 destructa
1196 387 1250 442 est
1293 378 1432 448 sesac

119 474 238 557 quidem
261 492 296 536 ca
316 474 434 537 ratione
457 473 522 536 eins
543 473 764 537 administratio
786 477 987 554 praestantior
1008 479 1084 541 iacta
1106 481 1162 554 est,
1183 481 1252 560 qnia
1267 484 1349 564 quod

119 578 169 640 isar
194 577 302 656 form
327 594 392 639 stoa
417 588 556 657 poteret,
592 575 647 638 rebe·
668 594 729 656 psr
757 595 877 640 earnem
905 579 1030 660 infirmo
1059 592 1140 651 not,
1168 582 1242 661 [ecit
1264 581 1348 646 llere

117 683 210 743 noso
233 677 313 741 mne
335 696 392 740 seeo
414 676 667 740 insimilitudine
687 681 792 740 cereris
810 683 937 760 peccati,
959 693 988 744 et
1009 682 1045 743 de
1062 691 1186 761 peceato
1209 685 1349 748 condese-

118 784 205 842 seee't
224 790 383 861 peceatum
403 782 438 842 ia
459 797 571 850 eosne,
593 785 710 840 remoto
731 777 769 840 ab
792 798 826 840 ea
847 779 964 854 delicto,
987 800 1047 861 quo
1069 782 1181 861 captiva
1202 792 1348 866 perpetuo

120 879 287 955 tenebatur,
309 881 385 943 adeo
407 887 441 941 ut
460 879 592 942 divinum
613 898 735 943 sensum
756 897 818 941 non
841 880 949 943 valeret
969 882 1113 962 recipere.
1159 883 1232 947 Cum
1249 894 1349 950 autem

118 1001 238 1045 earnem
259 981 380 1062 dmm
400 981 529 1044 reddidit
550 1000 625 1061 qnae
647 980 775 1045 Verbum
795 982 953 1061 reciperet,
975 984 1053 1056 lecit,
1075 993 1108 1046 ut
1129 1004 1185 1048 nos
1205 1004 1267 1050 nnn
1281 1004 1347 1049 am·

120 1082 197 1164 plius
218 1085 387 1146 seeundum
408 1102 527 1146 carnem
550 1083 603 1146 sed
618 1083 780 1147 secundnm
798 1085 933 1164 spiritum
948 1085 1175 1162 ambularemus,
1198 1105 1349 1169 saepeque

121 1185 270 1248 dumus:
290 1185 356 1247 Nos
376 1203 447 1247 vero
469 1204 531 1265 nou
553 1204 656 1248 sumus
678 1186 710 1247 in
732 1204 836 1259 carne,
861 1186 966 1248 sedin
988 1187 1106 1266 spirim,
1129 1197 1158 1249 et
1178 1188 1247 1268 quia
1266 1188 1432 1257 reniterer.

122 1286 173 1349 liei
192 1286 290 1349 Filius
312 1286 343 1348 in
364 1288 526 1362 mnndum,
549 1307 613 1352 corr
628 1289 670 1351 'ret
689 1289 840 1351 indiceret
859 1289 1013 1360 mundum,
1037 1289 1090 1351 sed
1113 1297 1146 1351 ut
1167 1308 1272 1351 omnes
1295 1308 1347 1353 re·

124 1388 258 1462 (limeret,
280 1390 463 1453 otmundus
481 1408 542 1470 per
563 1394 663 1470 ipsum
684 1401 876 1454 servaretur.
920 1389 1005 1452 Tune
1026 1390 1105 1452 enim
1126 1392 1256 1453 mundus
1278 1399 1347 1454 tsn-

125 1509 207 1569 epram
228 1509 303 1552 rcus
323 1510 341 1553 a
363 1490 427 1570 lege
456 1490 656 1565 indicabatur,
685 1509 766 1553 nnnc
792 1508 862 1552 vero
885 1491 1014 1553 Verbum
1036 1492 1068 1553 in
1089 1510 1123 1554 se
1143 1492 1278 1573 suscepit
1298 1493 1348 1558 iu·

125 1592 230 1655 dicium
259 1599 290 1654 et
317 1610 445 1674 corpore
472 1612 530 1672 pro
558 1592 697 1655 omnibus
724 1592 864 1673 patiendo
893 1593 1018 1656 salutern
1046 1593 1167 1656 donarit
1199 1593 1348 1658 omnibus.
1395 1620 1398 1627 ·

128 1693 209 1767 Quod
230 1713 300 1758 cum
323 1694 507 1774 exploratum
528 1694 651 1757 baberet
673 1695 830 1768 lohannes,
854 1694 1046 1758 exclamabat:
1069 1696 1132 1759 bere
1143 1715 1203 1776 per
1217 1695 1350 1775 Moysen

130 1795 193 1857 dota
214 1806 271 1865 est,
294 1801 397 1877 pratia
418 1807 447 1859 et
467 1799 583 1859 veritos
602 1814 661 1877 per
682 1795 785 1859 Issum
807 1797 960 1858 Christum
979 1798 1064 1876 saeta
1090 1810 1144 1863 est.
1187 1797 1349 1860 Praestan-

130 1896 180 1958 tior
199 1905 303 1960 autem
324 1904 372 1959 est
392 1897 485 1976 gratia
508 1915 596 1976 quam
617 1897 665 1959 lex
687 1905 717 1959 ει
737 1897 847 1960 veritas
871 1915 958 1977 quam
980 1897 1094 1961 umbra.

205 2103 260 2165 61.
304 2099 372 2161 lloe
398 2118 469 2179 ergo
498 2099 577 2179 quod
596 2103 837 2181 praestantioris
859 2099 1001 2161 vocabulo
1023 2100 1214 2180 exprimitur,
1243 2121 1350 2182 quem-

131 2200 283 2263 admodum
305 2201 416 2263 dictum
439 2209 495 2272 est,
518 2219 573 2280 per
594 2201 683 2263 abum
705 2200 770 2263 fieri
791 2220 852 2263 non
874 2209 991 2282 poterat
1012 2202 1070 2264 nisi
1091 2203 1277 2281 perliilium,
1300 2202 1352 2283 qui

129 2302 162 2365 at
179 2304 333 2365 dexteram
354 2302 452 2365 Patris
482 2302 575 2364 sedet
626 2302 706 2376 Quid
732 2311 830 2365 autem
858 2302 939 2366 istud
967 2303 1126 2382 significat,
1159 2305 1219 2368 nisi
1248 2322 1352 2368 remur

130 2404 203 2468 illum
225 2422 298 2467 esse
318 2405 443 2479 Filium,
471 2404 654 2485 eandemque
677 2405 774 2467 Patris
797 2413 826 2466 et
846 2404 912 2467 Filii
934 2425 1001 2467 esse
1023 2404 1231 2467 divinitatem?
1275 2404 1353 2478 Quia

130 2506 199 2568 enim
222 2505 330 2568 eodem
353 2506 448 2569 Patris
471 2525 563 2584 regno
585 2506 699 2587 potitur
712 2506 816 2578 Filius,
838 2507 869 2568 in
892 2507 997 2568 eodem
1013 2507 1150 2569 similiter
1167 2508 1276 2569 throno
1292 2525 1352 2586 quo

131 2606 210 2672 Pater
232 2609 334 2682 sedet,
364 2628 489 2688 cumque
518 2609 583 2688 ipse
605 2608 701 2671 Patris
723 2610 874 2671 divinitate
905 2608 1054 2680 videatur,
1082 2609 1152 2671 hinc
1178 2626 1250 2670 sane
1272 2607 1353 2669 Deus

130 2720 169 2772 est
188 2711 331 2783 Verbum,
353 2717 385 2772 et
404 2711 455 2789 qui
478 2711 557 2771 ridet
578 2710 705 2785 Filium,
728 2711 845 2773 Patrem
868 2710 957 2783 videt,
980 2719 1067 2789 atque
1088 2711 1148 2772 boe
1167 2717 1253 2790 pacto
1275 2727 1353 2771 unus

132 2822 171 2874 εει
190 2812 284 2875 neus.
326 2813 429 2891 ltaque
450 2831 466 2873 a
489 2811 601 2873 dextris
624 2812 734 2873 sedens
759 2812 914 2873 sinistrum
936 2829 997 2871 non
1019 2812 1117 2873 reddit
1137 2812 1270 2884 Patrem,
1300 2809 1355 2872 sed

133 2914 205 2991 qnod
226 2914 364 2976 donnum
387 2920 417 2975 et
437 2911 614 2974 honorabile
637 2921 684 2974 est
706 2913 736 2974 in
758 2913 855 2986 Patre,
877 2911 935 2972 hoc
956 2910 1043 2972 etiam
1067 2911 1155 2973 habet
1175 2910 1277 2980 Filius,
1304 2908 1355 2989 qui

135 3012 189 3092 ipse
209 3014 268 3076 ait:
294 3016 403 3077 Omnis
425 3033 617 3095 quaecunque
641 3013 728 3076 lebet
749 3013 852 3086 Peter,
878 3032 945 3075 men
967 3023 1049 3075 ruent.
1095 3013 1241 3086 Quocirca
1262 3011 1354 3075 Filius

136 3116 278 3178 adextris
300 3116 398 3178 Patris
421 3116 530 3177 sedens
552 3115 631 3176 videt
653 3115 719 3195 ipse
734 3114 873 3177 similiter
886 3114 1036 3176 Patrema
1058 3114 1170 3176 dextris
1190 3115 1356 3189 sedentem,

137 3215 321 3298 quamvis1nt
348 3217 439 3278 bomo
467 3219 561 3278 lactus
590 3216 684 3278 dine:
714 3216 916 3280 Proeidedom
944 3216 1106 3279 Domr'som
1133 3221 1166 3278 e’n
1197 3229 1357 3299 conspreto

139 3334 190 3380 uso
218 3337 351 3398 semper,
380 3323 451 3400 puio
479 3338 498 3379 o
526 3320 644 3382 destris
677 3330 722 3381 est
750 3320 838 3390 mebi,
868 3337 905 3379 ree
934 3336 1132 3381 commoneor.
1177 3317 1249 3379 lnde
1276 3319 1356 3380 enim

142 3417 216 3481 eiam
235 3420 334 3500 palam
356 3421 406 3494 lit,
433 3428 463 3481 et
483 3419 591 3482 Filium
619 3420 650 3481 in
671 3420 759 3482 Patre
781 3427 811 3480 et
831 3420 948 3481 Patrem
971 3419 1002 3480 in
1023 3419 1097 3480 Filio
1121 3437 1197 3481 esse.
1242 3420 1355 3492 Quam-

144 3518 178 3579 ris
196 3520 275 3583 enim
296 3523 401 3583 dexter
423 3529 471 3582 εει
490 3521 595 3596 Pater,
618 3541 635 3582 a
657 3520 770 3583 dextris
794 3528 891 3582 tamen
914 3520 1002 3581 etiam
1024 3528 1072 3581 est
1092 3519 1201 3593 Filius,
1230 3527 1260 3580 ει
1280 3518 1355 3583 Filio

146 3621 278 3685 adextris
299 3623 439 3696 sedente,
473 3623 504 3683 in
526 3623 600 3684 Filio
630 3632 677 3684 est
698 3624 764 3701 ipse
786 3622 883 3683 Pater.
927 3622 965 3683 Et
985 3621 1086 3699 Angeli
1109 3621 1227 3700 quidem
1249 3638 1356 3683 ascen-

173 3923 192 3959 ε.
207 3912 246 3962 Sic
263 3912 405 3973 Segaerian·
425 3911 522 3961 Gobler.
542 3920 566 3960 et
578 3911 683 3960 lelelm.
699 3911 719 3960 l.
806 3912 829 3960 b.
848 3909 998 3971 SicSegaer.
1033 3911 1061 3958 tt
1078 3908 1118 3957 alii
1137 3914 1161 3956 et
1178 3908 1234 3957 editi
1248 3896 1341 3955 adro'r.

149 3972 170 4022 lt
183 3978 215 4028 elii
234 3988 258 4029 et
275 3981 333 4029 editi
353 3971 384 4027 τὸ
403 3972 432 4032 δὲ
448 3974 589 4043 κρείττων,
807 3981 822 4027 i.
842 3980 882 4027 Sic
894 3978 993 4038 Segoer.
1030 3976 1091 4024 liditi
1110 3990 1166 4025 rere
1184 3967 1359 4040 προεωρώμην

772 4041 823 4094 τὸν
837 4038 942 4112 κύριον,
961 4034 1005 4090 ὅτι
1021 4036 1050 4092 dre
1061 4037 1158 4099 δεξιῶν
1168 4041 1223 4107 pori
1233 4035 1291 4090 tert
1300 4035 1359 4087 dare-

772 4108 884 4164 παντός.
923 4112 997 4161 Panlo
1015 4120 1071 4173 post
1088 4113 1186 4171 Segrrer.
1206 4103 1242 4161 air
1260 4099 1274 4155 d
1292 4098 1359 4159 ole'r.

773 4183 835 4231 Editi
853 4188 877 4228 et
894 4180 933 4228 alii
952 4173 989 4231 alr
1005 4170 1069 4231 υἱός.
1105 4179 1157 4227 ttox
1182 4176 1319 4226 Gotder'mn.
1337 4182 1363 4224 et

773 4248 909 4298 Felclman.
931 4248 953 4296 1.
969 4240 1017 4293 arel
1033 4237 1049 4294 ei
1066 4238 1165 4309 πατήρ.
1200 4243 1244 4292 stit
1261 4248 1285 4291 et
1302 4240 1361 4291 editi

772 4309 818 4365 net
835 4307 934 4379 πατήρ.
1325 4366 1333 4384 .

177 4395 196 4440 r.
211 4385 308 4445 sepner.
335 4384 433 4436 Gobler.
458 4392 483 4433 et
506 4383 610 4433 lelctm.
632 4384 654 4433 l.
677 4377 723 4431 καὶ
808 4385 830 4432 l.
851 4385 906 4443 lter.
926 4380 1023 4432 Gobler.
1034 4388 1058 4429 et
1070 4379 1174 4429 Felelm.
1188 4377 1210 4426 l.
1228 4368 1244 4423 d
1260 4386 1362 4441 neree.

150 4441 246 4503 tuear.
281 4453 335 4503 lox
349 4452 450 4515 Ssgner.
466 4445 513 4499 arod
530 4434 610 4505 edm
627 4435 672 4504 eds.
773 4450 801 4502 ln
821 4450 875 4500 allis
892 4456 917 4500 et
934 4449 1005 4499 editis
1022 4440 1038 4495 ὅ
1055 4448 1132 4497 deest.

1104 4524 1158 4578 ¹8*

175 4077 189 4124 i.
204 4079 241 4129 Sic
258 4081 358 4142 Segaer.
383 4080 440 4142 lleg.
466 4080 538 4129 lircil.
557 4079 679 4142 ingilena.
698 4087 721 4128 ct

150 4138 237 4196 letum.
255 4147 279 4197 5.
316 4150 342 4196 ln
361 4147 415 4197 aliis
433 4162 487 4197 sero
507 4156 530 4196 et
548 4149 618 4197 editis
637 4149 723 4197 desunt

151 4205 300 4265 lauretto:
325 4208 371 4262 καὶ
394 4209 444 4274 τὴν
467 4206 588 4274 triepta
607 4213 654 4262 τοῦ
671 4227 722 4262 πα-

152 4271 202 4341 τρὸς
215 4275 318 4342 ταύτην
334 4270 406 4330 εἶναι
423 4281 471 4331 red
489 4275 557 4333 niori.
