2948 5092
460 278 576 322 corrasa
589 280 807 324 aroccrnanrorr
821 280 908 324 umen
924 282 944 324 r.
1242 271 1301 335 901

77 432 227 494 tationem
250 439 280 494 ct
301 430 554 509 participationem
578 431 724 509 perfectae
747 431 883 492 novitatis
899 431 1032 493 Christi?
1075 434 1134 494 Sed
1157 435 1229 496 nihil
1244 453 1390 497 nonesto.

80 533 247 595 commenti
276 532 367 603 estis,
395 541 429 592 ut
456 549 543 592 uuam
573 531 699 610 negandi
721 532 898 592 sententiam
921 534 1082 595 adornetis.
1128 534 1166 594 Et
1187 535 1306 614 quidem

15 713 28 722 ⁸
81 635 214 696 animam
238 634 412 694 definientes
436 652 499 693 eam
522 633 611 693 modo
634 633 823 712 insipientem
846 635 1017 706 nominatis,
1040 637 1130 696 modo
1153 646 1307 715 peccatum

76 737 113 797 in
138 737 256 796 homine
279 736 460 806 subsistens,
484 735 607 795 eandem
629 735 785 813 aliquando
809 744 841 795 ut
863 737 974 814 peccati
996 747 1146 799 auctorem
1170 738 1305 800 elimina·

78 838 142 911 tis,
173 846 202 897 et
232 855 349 897 curnem
372 855 451 897 nune
472 836 590 915 quidem
613 837 787 907 increatam,
819 857 897 898 nunc
919 839 1094 910 caelestem,
1118 840 1207 901 morlo
1230 858 1305 900 con·

79 936 309 999 substantialem
332 938 440 1010 Verbo,
462 945 495 999 ut
515 930 675 1017 perfectam
696 939 781 999 vohis
804 929 991 1018 negationem
1013 938 1145 1001 firmetis.
1191 941 1229 1001 Ut
1250 959 1305 1002 au·

77 1047 143 1124 tem
167 1038 253 1099 Arius
281 1039 383 1119 lapsus
412 1057 428 1099 a
456 1038 514 1101 lide
543 1039 573 1102 in
604 1040 782 1102 ineffabilem
811 1049 841 1101 ct
868 1041 1056 1103 verissimam·
1073 1041 1138 1102 Filii
1162 1060 1196 1102 ex
1218 1042 1307 1104 Patre
1402 1032 1404 1036 ’

78 1140 304 1219 generationem
332 1139 501 1219 passionem
531 1149 561 1201 et
583 1141 744 1203 sectionem
768 1151 797 1201 et
819 1143 958 1202 ellluxum
980 1151 1167 1203 commentus
1190 1151 1250 1215 cst,
1274 1151 1308 1204 ut

78 1260 137 1323 per
164 1241 253 1320 impia
282 1240 370 1302 verba
400 1258 468 1314 eos‚·
497 1236 698 1333 qui-minime
718 1240 795 1305 llrnli
819 1250 919 1315 aaut,
954 1244 983 1303 in
1007 1246 1120 1303 foveam
1143 1242 1306 1320 iniquitatis

78 1343 298 1424 praecipitaret,
322 1359 389 1401 nam
413 1359 447 1402 os
468 1341 613 1405 scelerati
629 1343 722 1422 [eaeo
740 1342 920 1423 profuerim
941 1345 984 1405 sic
1006 1361 1127 1403 rursum
1150 1342 1306 1431 sabellius,

79 1444 135 1523 qui
163 1444 245 1504 linxit
269 1441 372 1502 Filium
403 1441 469 1501 sine
496 1440 650 1520 hypostasi
676 1460 746 1506 esse
775 1452 805 1504 et
827 1442 971 1522 Spiritum
994 1453 1129 1511 sanctum
1152 1445 1219 1506 sine
1241 1425 1305 1505 exi'·
1378 1456 1385 1467 ‘

78 1544 209 1616 sterilia,
232 1541 340 1620 alioqui
362 1540 543 1603 divisionem
560 1540 682 1604 lleit'alis
705 1561 739 1603 ac
758 1542 970 1622 principiorum
995 1563 1158 1621 eorumque
1181 1560 1305 1604 enume-

78 1646 229 1708 rationem
260 1643 369 1703 induci·
387 1643 574 1715 criminatus,
607 1642 722 1704 lutlalca
753 1644 899 1705 sententia
928 1646 1071 1704 lirmatuc
1116 1644 1166 1704 Sic
1188 1662 1307 1723 quoque

77 1747 269 1812 Manichacus
298 1743 492 1804 incarnationi
521 1750 552 1804 et
578 1743 751 1805 humanitati
780 1764 795 1804 a
818 1744 945 1805 llomino
968 1753 1118 1806 assumtae
1140 1746 1228 1806 tidem
1250 1763 1305 1806 ue·

78 1866 156 1930 gans
178 1847 288 1925 impius
311 1845 433 1905 omnino
457 1845 564 1918 evasit,
595 1843 677 1906 aiens
699 1844 850 1906 hominem
873 1846 989 1906 duobus
1014 1845 1167 1906 subiacere
1190 1843 1307 1923 opifici·

77 1950 156 2022 bus,
190 1947 267 2008 malo
296 1955 326 2006 et
352 1946 443 2006 hono.
487 1946 529 2006 lta
559 1963 676 2025 quoque
703 1966 756 2007 ros
785 1947 830 2007 vel
853 1954 886 2006 ut
907 1948 1106 2026 sycophantae
1128 1945 1204 2007 duos
1227 1943 1305 2007 filios

80 2070 141 2113 nos
163 2049 317 2111 admittere
338 2048 446 2120 dicitis,
468 2047 514 2107 vel
536 2057 593 2109 nos
614 2047 746 2108 hominis
768 2047 899 2108 cultores
921 2048 1032 2108 voeatis
1056 2063 1172 2124 uosque
1194 2035 1305 2125 peccati

78 2149 270 2221 insimulatis,
291 2149 381 2227 idque
402 2167 464 2209 nou
485 2168 521 2209 ex
542 2144 652 2228 pietate
673 2148 776 2226 agitis,
800 2148 862 2208 sos
875 2156 908 2208 ut
929 2147 1023 2208 errori
1046 2155 1147 2207 vestro
1170 2165 1225 2225 per
1247 2147 1306 2207 ιη’-

78 2254 175 2335 proba
197 2257 362 2313 commenta
385 2250 499 2311 felicem
523 2266 714 2329 progressum
737 2249 848 2327 paretis
871 2256 902 2309 et
920 2256 954 2308 ut
968 2247 1067 2326 impiis
1082 2248 1191 2309 restris
1207 2245 1306 2308 verbis
1392 2228 1399 2235 ⁵

20 2433 23 2436 Ι
80 2355 218 2416 infirmos
240 2353 382 2413 avertatis
404 2370 420 2412 a
443 2351 511 2411 fide.
556 2351 616 2412 Sed
638 2359 736 2412 umen
751 2350 804 2411 llei
826 2349 1049 2410 tundamentum
1064 2348 1219 2409 immotum
1234 2364 1306 2426 per·

79 2464 183 2518 manet
204 2454 375 2515 huiusmodi
399 2452 496 2530 sigillo
518 2451 717 2531 obsignatum.

168 2761 219 2822 22.
264 2757 344 2825 llaec
369 2757 406 2817 sd
435 2762 462 2815 te
494 2754 618 2833 scripsi.
651 2753 759 2815 ‹lileote
780 2750 910 2824 (mmetsi
932 2749 1005 2811 nihil
1027 2749 1154 2828 amplius
1176 2747 1309 2812 scrihere

80 2877 161 2940 opus
190 2867 269 2930 erat3
298 2858 408 2918 sullicit
434 2873 562 2933 namque
583 2853 756 2932 Evangeliea
784 2853 930 2928 traditio),
961 2860 1023 2911 tum
1058 2851 1126 2928 quis
1148 2849 1185 2911 tle
1207 2853 1309 2910 nuru·

81 2961 143 3023 fide
165 2959 364 3037 interrogasti,
387 2967 450 3017 tum
473 2974 576 3017 eorum
599 2973 702 3029 causa,
723 2956 773 3033 qui
795 2952 972 3017 commentis
995 2951 1058 3013 suis
1080 2958 1230 3029 nugantur
1249 2965 1307 3011 ne·

80 3081 143 3142 que
170 3062 300 3139 cogitant
327 3078 411 3132 eum,
442 3058 492 3138 qui
521 3076 555 3118 ex
585 3055 708 3136 proprio
736 3055 867 3133 loquitur
896 3053 1013 3123 animo,
1042 3050 1195 3113 mendacia
1216 3047 1394 3128 loquiano.

81 3166 186 3243 Neque
214 3163 292 3223 enlm
321 3162 366 3222 vel
394 3158 621 3239 pulcritudinem
647 3156 694 3218 rel
721 3156 845 3234 gloriam
869 3152 1005 3231 corporis
1027 3149 1139 3233 Quieti
1161 3151 1308 3212 humanus

82 3265 250 3330 intellectus
273 3263 438 3341 exprimere
460 3268 571 3339 potest,
594 3258 647 3321 sed
668 3275 744 3335 quae
765 3264 848 3334 gesta
871 3261 942 3314 sunt
962 3259 1053 3332 prout
1067 3251 1178 3330 scripta
1193 3249 1309 3313 uotu-

82 3377 134 3428 tur
162 3365 296 3427 confiteri
324 3364 415 3434 ruet,
444 3379 562 3423 necnon
589 3375 692 3420 rernm
713 3357 809 3420 ileum
835 3355 886 3434 qui
916 3360 964 3416 est
984 3354 1110 3414 adorare
1132 3353 1164 3413 iu
1185 3350 1310 3430 glorian

80 3476 116 3531 et
129 3466 348 3528 contessionem
364 3462 598 3526 mansuetudinis
614 3459 681 3522 eius
696 3458 770 3522 etin
787 3475 872 3537 spem
887 3455 991 3518 salutis
1007 3463 1130 3517 nostrae
1145 3453 1175 3515 in
1191 3451 1311 3514 Christo
1378 3501 1381 3505 .

83 3570 154 3631 lesu
174 3567 302 3629 Domino
324 3573 439 3626 nostro.
482 3567 586 3624 hmen.

82 3750 162 3810 τίαν,
182 3754 225 3802 sed
244 3755 300 3802 huic
318 3753 416 3802 lectioni
434 3752 556 3813 antiquom
576 3746 672 3811 praela·
722 3745 813 3804 unsel.
851 3744 914 3793 Editi
932 3757 986 3792 reru
1005 3740 1088 3791 etalii
1107 3731 1245 3802 ἆγαπητέ,
1271 3748 1311 3783 rs-

80 3824 184 3875 rsndam
209 3822 326 3869 lorinus.
363 3822 437 3867 Porro
461 3817 609 3865 orthodoxos
627 3804 673 3861 ἇν-
725 3817 786 3862 etius
805 3811 947 3860 utridetur.

81 3882 286 3954 θρωπολάτρας
302 3895 398 3935 vocatos
416 3886 494 3934 luisse
510 3883 673 3945 ahhpolliua·
758 3881 781 3928 lr.
800 3880 841 3928 Sic
857 3879 928 3928 neon.
948 3874 1037 3937 huglic.
1056 3874 1155 3933 Segusr.
1174 3867 1272 3920 Gobler.
1290 3873 1315 3915 st

82 3961 151 4010 ristis
170 3965 271 4006 testator
289 3958 359 4014 Greg.
370 3955 477 4003 Nazianz,
490 3952 563 4013 Epist.
576 3952 606 3997 sd
617 3951 673 3998 Cle·
725 3948 829 3995 Felclrm.
847 3947 867 3994 l.
904 3945 965 3993 Editi
991 3932 1024 3989 ol
1042 3933 1131 3994 δόξαν.
1171 3938 1222 3985 llox
1241 3938 1312 3996 Sego.

81 4028 183 4076 denium
203 4020 253 4087 [ed.
273 4023 363 4071 llorelt.
382 4022 450 4068 Tom.
463 4020 479 4067 l.
500 4015 621 4081 papate.
641 4041 673 4051 -·
725 4008 853 4078 soiperus
869 4010 944 4060 θεοῦ.
983 4010 1121 4060 Goblerian.
1140 4002 1312 4054 structum.

82 4095 124 4144 etl.
143 4093 231 4140 Bened.
251 4093 318 4139 Tum.
332 4090 357 4136 tt.
378 4104 401 4151 p.
413 4088 454 4136 89.
465 4083 513 4149 lul.
724 4079 791 4130 eron
809 4073 944 4145 σώματος.
984 4077 1058 4124 Paulo
1068 4081 1124 4138 post
1132 4074 1231 4134 Seguer.
1243 4068 1313 4121 uolt.

121 4162 137 4209 l.
155 4153 454 4222 Seguer,hahctxnxair.
493 4145 673 4204 udttixaloetr,
728 4159 750 4198 et
769 4147 956 4197 Felclrmaunll.
975 4135 1041 4191 ἀλλά
1058 4132 1152 4205 γεκαὶ
1170 4132 1211 4185 τά.
1249 4132 1312 4185 nutu

81 4243 148 4291 quae
173 4228 243 4275 lectio
268 4226 354 4274 eodem
378 4222 440 4272 redit
463 4223 483 4269 si
502 4221 593 4269 ironice
611 4219 676 4267 acci·
728 4208 794 4262 ἀλλὰ
810 4209 866 4283 γὰρ
883 4208 929 4260 καὶ
946 4205 988 4258 τά.

84 4297 174 4360 piatur.
212 4294 263 4341 ttor
289 4294 389 4351 Seguer.
414 4288 511 4339 Gohlcr.
529 4296 553 4335 et
571 4286 675 4335 ectetas
761 4286 776 4332 i.
803 4285 868 4332 llaec
896 4282 925 4329 sd
943 4282 1015 4329 llnem
1037 4290 1114 4339 usqua
1145 4269 1313 4322 hahentur*

88 4364 112 4413 l.
131 4354 350 4425 εὐπροχώρηιιν.
388 4358 451 4406 Editi
476 4364 500 4405 et
523 4355 562 4403 alii
581 4346 678 4417 sinpo-
728 4353 828 4414 Segaer.
846 4348 944 4400 Gobler.
963 4356 987 4395 et
1004 4341 1157 4405 Felcltm.l.‚
1176 4340 1215 4404 qui
1233 4347 1315 4388 ιιιιιι

75 4425 219 4496 stipator.
606 4439 609 4443 ·
728 4434 775 4468 non
795 4419 884 4466 hahent
901 4407 983 4481 ἀμήν,
1003 4426 1064 4478 quse
1083 4416 1175 4460 tautum
1193 4421 1236 4457 rox
1253 4406 1316 4467 lep·

120 4511 143 4559 g.
161 4498 264 4558 sepner.
288 4493 387 4545 Gohler.
406 4500 429 4575 ιι
446 4490 591 4542 folchuni.
608 4477 678 4551 rire·
727 4495 766 4538 tar
781 4486 807 4536 in
823 4483 904 4536 editis.
945 4518 951 4526 -
