2948 5092
468 217 611 307 murena
624 262 663 306 ox
677 262 844 308 axnranrm
855 262 998 310 uonxsu.
1109 292 1113 298 -
1283 255 1342 318 tot

126 413 295 496 nennium
327 413 361 476 in
388 413 518 496 epistola
544 433 598 477 sua
626 413 753 489 dixisse,
775 434 851 495 opus
878 424 908 478 et
934 435 999 478 rem
1020 418 1125 479 luctam
1148 436 1215 480 esse
1236 418 1343 484 Filium
1351 437 1429 484 anu.

124 516 179 586 liei,
200 533 266 579 uon
288 524 395 578 muna
415 516 582 596 proprium,
605 515 660 578 sed
681 516 809 580 alienum
823 536 841 579 a
853 514 941 580 Patre
957 518 1120 580 secundum
1134 518 1342 596 substantiam,

123 616 212 698 qualis
241 624 291 679 est
310 616 440 697 agricola
462 635 479 679 a
504 616 564 680 rito
593 625 623 680 et
643 617 726 680 laben
746 637 763 680 a
786 619 911 699 scspba;
938 618 1047 682 etenim
1075 637 1140 682 orm
1163 620 1204 683 sit
1224 629 1274 684 res
1296 623 1343 684 la-

121 727 172 793 tta,
194 734 260 780 non
283 725 349 781 arat
367 727 526 798 somnam
546 719 640 782 fieret.
682 718 779 782 Etiam
801 721 939 801 scripsit3
961 720 1109 783 eiusmodi
1130 720 1210 784 illius
1226 723 1343 804 episto·

120 819 171 882 lam
193 838 267 883 asse
290 827 322 882 et
341 819 499 883 nos'ultro
521 821 656 883 latemur.
698 822 759 884 Sed
781 831 814 884 ut
835 823 911 884 hanc
931 822 1062 902 scripsit,
1085 822 1124 884 ita
1146 831 1176 885 et
1190 823 1343 905 aliasplu·

120 921 207 985 ἕως
229 921 414 1003 conscripsit
434 923 592 1002 epistolas,
622 941 695 1002 quas
718 923 805 985 etiam
827 922 864 985 ab
886 922 943 985 illis
965 924 1057 988 lectas
1080 925 1229 1005 oportuit,
1251 934 1286 988 ut
1306 944 1343 989 ox

120 1022 274 1097 monus,
305 1040 368 1084 nou
399 1043 436 1086 ex
465 1023 552 1086 unica
584 1023 723 1086 duntaxat
754 1024 904 1105 explorata
932 1024 987 1086 viri
1014 1025 1089 1087 fides
1117 1036 1206 1088 esset
1254 1026 1343 1090 Fabri

120 1141 244 1204 mque
266 1123 389 1205 peritia,
422 1125 472 1205 qui
495 1125 601 1189 multas
625 1126 758 1187 triremes
781 1126 941 1198 exstruxit,
972 1145 1032 1188 non
1055 1145 1089 1188 ex
1112 1126 1207 1200 unica,
1231 1129 1343 1190 sodex

119 1225 256 1288 omibus
279 1225 369 1288 simul
389 1227 582 1289 aestimanda.
626 1226 658 1288 Si
681 1226 771 1305 igitur
790 1227 963 1307 simpliciter
984 1236 1017 1290 ut
1037 1227 1125 1291 tidem
1148 1247 1233 1290 suam
1247 1247 1343 1310 expo·

119 1344 190 1388 aeus
213 1326 294 1388 banc
315 1312 403 1408 quam
425 1327 527 1390 dicunt
548 1328 670 1407 scripsit
691 1327 861 1407 epistolam,
883 1338 934 1390 aut
954 1329 981 1391 si
1003 1330 1080 1391 banc
1100 1348 1187 1391 unam
1210 1329 1341 1410 scripsit,

118 1437 257 1489 wouoent
285 1446 353 1491 oum
382 1448 438 1508 pro
459 1429 598 1504 libidioe3
626 1447 727 1490 verum
750 1428 858 1510 quippe
880 1448 916 1490 eo
939 1449 1010 1492 casu
1032 1431 1164 1511 suppetit
1184 1431 1342 1494 accusandi

120 1537 336 1608 argumentum.
380 1530 468 1604 Quod
495 1530 523 1592 si
544 1531 688 1611 temporis
711 1538 742 1592 et
761 1548 908 1609 personae
929 1531 1004 1593 ratio
1026 1539 1094 1593 eum
1116 1533 1153 1593 ad
1175 1532 1243 1594 talia
1265 1533 1342 1596 scri-

120 1630 210 1693 benda
233 1629 392 1711 compulit,
424 1631 553 1712 aliasque
575 1631 766 1711 postmodum
790 1631 909 1713 scripsit
930 1632 1072 1712 epistolas
1094 1633 1130 1694 ad
1153 1652 1218 1694 earu
1240 1633 1341 1714 suspi-

119 1731 232 1793 cionem
254 1732 466 1805 amoreudam,
490 1750 552 1794 non
573 1732 687 1806 decuit,
711 1732 831 1795 omissis
854 1732 1002 1795 scribendi
1025 1734 1122 1796 causis
1143 1733 1207 1794 viro
1229 1744 1342 1796 temere

119 1831 256 1894 iuvidiam
279 1833 419 1906 moliare,
443 1843 533 1896 utne
554 1833 707 1896 rideantur
728 1833 768 1894 nil
790 1833 848 1896 nisi
869 1833 988 1897 voculas
1011 1834 1166 1915 aucupari,
1188 1836 1342 1900 veritatem

119 1942 215 1996 autem
243 1952 321 2014 qnae
350 1934 381 1996 in
409 1934 474 1997 aliis
505 1935 570 1997 eius
598 1935 735 2014 epistolis
762 1953 831 1997 sese
856 1935 958 2015 prodit
978 1934 1223 2015 praetermittere.
1267 1936 1343 2000 Nam
1426 2004 1431 2014 ,

119 2043 148 2096 et
176 2034 306 2114 agricola
334 2034 468 2098 eiusdem
498 2036 617 2117 generis
647 2035 770 2098 arbores
799 2035 871 2098 alias
900 2035 957 2098 alio
986 2038 1075 2099 modo
1096 2056 1153 2117 pro
1175 2037 1347 2117 praesentis·

120 2135 175 2196 soli
195 2135 315 2197 ratione
337 2135 421 2211 colit3
443 2154 499 2200 uec
518 2137 586 2217 quis
608 2137 691 2201 illum
713 2156 750 2199 eo
772 2137 893 2199 nomine
914 2146 1027 2217 arguet,
1049 2138 1130 2218 quod
1144 2139 1221 2200 banc
1234 2157 1340 2219 ampu-

119 2245 169 2309 tet,
191 2237 233 2299 illi
254 2255 327 2299 vero
349 2238 500 2301 surculum
522 2237 643 2312 inserat,
667 2234 754 2300 istam
776 2237 898 2319 plantet,
920 2240 1005 2301 aliam
1028 2238 1142 2313 evellat,
1164 2238 1218 2301 sed
1239 2239 1341 2320 potius

118 2356 183 2399 cum
214 2356 335 2401 musam
368 2338 520 2414 didicerit,
551 2340 663 2401 variam
693 2339 824 2401 bominis
859 2340 995 2420 peritiam
1021 2339 1186 2402 mirabitur.
1240 2341 1342 2421 ltaque

119 2440 176 2500 sisi
197 2438 297 2501 obiter
319 2441 383 2502 eius
407 2439 516 2521 scripta
538 2440 677 2520 legerint,
707 2441 851 2522 epistolae
873 2450 1078 2521 argumentum
1099 2439 1231 2504 iudicent
1251 2441 1342 2516 mibi3

119 2539 185 2603 bino
213 2541 292 2602 enim
321 2560 427 2603 eorum
454 2541 598 2605 calumnia
618 2542 976 2622 propositique'pravitas
998 2551 1150 2622 comperta
1172 2541 1237 2603 erit.
1283 2541 1341 2603 Co·

119 2650 210 2703 tenrm
231 2644 300 2722 quoia
322 2644 368 2705 vel
391 2644 529 2722 ignorant
550 2644 594 2706 vel
617 2645 747 2707 indicare
770 2643 965 2718 crubescunt,
992 2661 1051 2704 nos
1073 2661 1211 2705 enarrare
1232 2661 1340 2704 neccs-

119 2762 181 2804 sum
204 2753 258 2806 est.
454 2744 463 2756 “

200 3258 229 3316 5.
282 3251 315 3314 ln
348 3252 501 3333 Pentapoli
536 3251 701 3332 superioris
731 3251 841 3331 Libyae
871 3252 989 3331 quidam
1021 3252 1238 3332 Episcoporum
1272 3259 1343 3313 tunc

122 3353 258 3433 temporis
281 3373 348 3416 cum
372 3352 501 3415 Sabellio
522 3353 706 3426 sentiebant,
728 3361 900 3432 tantumque
923 3353 987 3415 suis
1009 3353 1186 3416 commentis
1207 3351 1340 3413 invalue-

121 3463 197 3528 rant,
226 3463 260 3517 nt
286 3455 335 3516 rix
362 3455 439 3516 ultra
460 3454 552 3516 Filius
573 3454 626 3516 Dei
655 3455 686 3516 io
708 3453 849 3516 Ecclesiis
877 3455 1106 3535 praedicaretur.
1151 3453 1205 3515 Rei
1233 3453 1342 3514 certior

123 3556 210 3618 lacus
231 3556 404 3636 Dionysius,
426 3557 474 3618 cui
497 3574 597 3619 carum
619 3574 689 3618 cura
711 3554 910 3618 Ecclesiarum
932 3555 1136 3630 incumbebat,
1159 3554 1248 3616 mittit
1270 3571 1340 3615 sua-

123 3741 142 3789 3.
160 3758 231 3792 aoou.
251 3735 346 3809 ἱτέρας
364 3732 445 3795 ἄλλας
459 3776 465 3789 -
481 3775 487 3788 -
505 3776 511 3789 .
531 3736 577 3790 καὶ
601 3737 706 3791 δεῖκαὶ
755 3744 801 3793 rin.
821 3742 890 3792 Colb.
911 3741 955 3791 les.
974 3742 1012 3790 l’r.
1027 3741 1045 3790 l.
1064 3740 1201 3791 ctFelclrut.
1217 3739 1240 3789 3.
1259 3753 1341 3798 anon,

122 3804 236 3863 1uc'uttc.
275 3810 328 3859 lox
346 3810 410 3859 idem
427 3803 473 3857 sat
488 3804 526 3875 μὴ
544 3805 641 3876 μόνον.
756 3811 796 3872 qni
816 3818 955 3873 postremus
974 3810 1010 3859 sic
1028 3809 1114 3857 babet:
1138 3801 1168 3855 τὸ
1187 3803 1341 3854 notoncur-

151 3896 171 3927 ι.
191 3879 291 3928 laurio
316 3876 387 3927 Colb.
412 3877 458 3926 los.
478 3877 515 3927 Fr.
533 3877 552 3927 1.
580 3870 705 3937 ἡπίστις
755 3869 1016 3943 λοντῆςέπιστῆμης
1032 3867 1233 3924 lnnanomo'lat
1243 3876 1341 3924 omissis

120 3943 239 4011 γνυσθῇ.
277 3942 428 3994 folclind.
451 3959 523 3994 auen.
549 3958 607 4009 γνω
628 3943 703 4012 todpi.
756 3946 838 3995 multis
865 3945 895 3993 de
914 3959 989 3995 more.
1025 3944 1077 3994 idox
1103 3944 1159 4005 lieg.
1179 3944 1276 3993 laurio.
1296 3943 1341 3990 les.

123 4014 180 4063 tetra
199 4014 265 4062 idem
284 4004 299 4071 ai
319 4004 418 4060 reticeo
433 4007 513 4076 τέχνη
532 4026 608 4078 γνωρ
649 4026 702 4062 ται.
755 4013 823 4063 Ful.
841 4011 899 4065 τοῖς
915 4004 1095 4078 γράμμασιν..
1122 4011 1185 4061 liditi
1209 4025 1265 4060 sero
1284 4007 1343 4062 τοῖς

121 4081 190 4130 Paulo
208 4088 267 4145 post
283 4080 348 4130 idem
367 4070 383 4138 ἢ
400 4075 491 4144 μόνον
508 4074 618 4160 spatians.
754 4072 978 4146 συγγράμμασιν.

147 4150 172 4200 d.
190 4149 273 4198 fetet.
291 4147 316 4198 3.
335 4161 407 4197 saon.
429 4141 494 4214 περὶ
510 4161 550 4195 ων
566 4140 705 4197 monteri-
791 4151 807 4198 i.
826 4150 867 4198 Sic
885 4149 942 4210 dog.
967 4155 991 4196 et
1015 4146 1087 4196 editi:
1111 4145 1154 4195 sed
1179 4144 1276 4222 Tanain.
1295 4143 1341 4192 las.

119 4216 161 4275 dr,
181 4211 211 4264 τί
224 4207 340 4274 mortim·
363 4208 410 4263 stul
431 4208 487 4282 γὰρ
504 4208 551 4264 καὶ
567 4208 704 4284 γεωργός·
757 4225 780 4266 et
798 4217 836 4266 rr.
848 4216 867 4265 l.
884 4210 980 4279 λέγειν,
1000 4205 1151 4278 ἀναγκαῖον
1169 4202 1342 4278 ἢμᾶςειπιῖν.

119 4286 213 4335 omissis
232 4284 394 4335 intermediis.
790 4300 813 4345 g.
832 4284 930 4333 Tauria.
949 4282 1018 4332 Colb.
1038 4282 1083 4332 les.
1103 4282 1141 4330 Fr.
1154 4280 1173 4328 1.
1192 4288 1216 4329 et
1236 4279 1341 4328 Felclm.

149 4368 170 4401 e·
195 4352 302 4402 Feltkm·
327 4351 352 4401 3.
377 4346 449 4400 anob·
476 4341 511 4397 ὄν
542 4341 704 4406 τις”αὗῐο’ν,
757 4350 781 4400 3.
801 4365 872 4400 anon.
890 4350 1052 4402 κακονοίαις.
1088 4348 1136 4398 Sed
1155 4348 1212 4396 editi
1231 4353 1254 4394 et
1273 4344 1341 4394 codi-

118 4409 181 4468 a'ttt
205 4414 253 4469 usi
280 4415 389 4486 μᾶλλον
419 4419 517 4470 omissis
546 4419 705 4483 interpositis.
757 4433 798 4468 ces
818 4419 873 4482 lleg.
892 4427 916 4468 et
933 4417 1006 4468 basil.
1024 4410 1173 4470 ἐπινοίαις,
1193 4427 1254 4478 quos
1272 4411 1343 4477 sequi

118 4487 178 4540 lain
195 4495 254 4555 post
269 4482 399 4538 ποικίλον
415 4486 484 4538 deest
501 4477 587 4536 aizoo
605 4488 629 4538 iu
641 4487 706 4538 Tau·
755 4486 834 4536 risum
850 4493 898 4548 ast,
916 4486 973 4552 osia
992 4483 1047 4536 aliie
1064 4489 1198 4548 praestant.
