2948 5092
343 221 992 315 misnouosnnennmsmessnussnons.
1240 236 1282 299 47

68 406 183 459 nonest
203 395 325 469 minor3
347 394 496 474 siquidem
517 396 553 470 is,
577 396 628 475 qni
648 395 740 469 illem,
764 397 814 476 qni
835 396 866 457 in
887 397 974 459 Patre
996 407 1052 472 est,
1075 397 1106 459 in
1129 418 1188 479 qno
1210 400 1281 461 item
1291 416 1367 465 east.

68 509 106 561 est
122 500 227 573 Pater,
250 497 354 577 quiet
375 496 454 558 idem
476 496 561 558 dicit:
585 497 647 578 Epo
670 510 698 560 et
720 497 929 561 Paterninum
951 518 1071 572 suasos,
1099 519 1187 580 quem
1209 500 1281 565 item

66 600 218 680 quindei,
241 599 321 660 sidet
342 605 374 659 et
393 597 528 672 Patrem,
550 599 617 678 qni,
640 599 774 678 inquam,
798 599 879 660 ilium
901 618 935 663 ro
955 600 1051 680 aliqua
1073 611 1194 664 externa
1215 622 1283 665 me·

63 701 157 762 liorem
179 700 277 772 reddi,
298 699 384 761 hisee
405 699 576 761 nominibus
597 699 755 780 significari
777 708 875 779 putat,
897 719 953 763 nae
974 701 1022 764 iile
1044 703 1177 764 omnium
1199 703 1282 766 insa·

62 803 199 865 minus
228 801 338 863 nerito
366 800 519 863 habendus
547 802 595 863 sit.
640 801 748 863 Verum
776 801 818 863 ilii
838 802 908 865 hino
929 822 1048 884 quoqne
1069 803 1174 866 deiecti
1195 814 1284 884 atquo

60 905 87 965 in
105 923 259 977 summas,
281 911 316 965 nt
335 903 513 976 Eusebem,
536 903 652 965 nddneti
673 903 841 982 angustias,
864 903 900 965 ad
922 904 994 969 itinn
1014 912 1170 987 postremo
1191 924 1282 985 argu-

61 1014 187 1067 mentum
219 1004 411 1084 contagium,
443 1003 523 1083 qnod
555 1003 621 1082 ipse
642 1003 730 1065 Arius
758 1004 821 1065 suis
850 1004 881 1064 in
910 1005 1107 1069 cantinnmlia
1128 1016 1159 1070 et
1180 1007 1283 1070 Thalia

60 1106 130 1168 seint
162 1106 329 1187 dapenna
362 1105 496 1168 effutivit.
549 1105 681 1180 ‚,iinlta‚
713 1105 867 1185 inquiunt,
899 1107 989 1168 verba
1028 1107 1159 1186 loquium
1189 1107 1281 1170 Deus.

61 1208 179 1281 „Qum
199 1225 274 1287 ergo
296 1207 405 1268 horem
426 1206 531 1268 Filium
553 1206 608 1267 Dei
622 1218 652 1267 et
667 1206 797 1268 Verbum
818 1206 1001 1287 unigenitum
1023 1208 1120 1270 Patris
1142 1228 1210 1271 esse
1232 1208 1281 1269 di·

61 1306 231 1381 ..oimu?“
275 1307 384 1369 stolidi
405 1316 485 1369 oerte
507 1307 548 1368 illi
571 1317 601 1369 et
622 1308 738 1387 quiens
759 1307 858 1387 potins
874 1326 961 1388 quam
977 1308 1152 1371 Christiani!
1181 1309 1282 1372 Primo

10 1418 13 1441 ¹
59 1410 131 1471 enin
152 1410 228 1471 dnm
248 1410 324 1471 isaeo
343 1409 382 1470 de
402 1408 464 1470 lieo
486 1410 662 1491 loquuntur,
691 1428 796 1489 parum
817 1409 903 1471 abest
923 1410 995 1490 quin
1014 1411 1167 1473 hominem
1188 1409 1282 1473 Deum

61 1529 121 1572 esse
142 1509 326 1583 existiment,
347 1509 457 1590 qnippe
478 1511 529 1590 qni
551 1511 595 1573 sio
616 1512 754 1591 loquatur
776 1520 806 1575 ot
826 1511 927 1591 priona
949 1511 1038 1573 verba
1059 1512 1146 1573 nosis
1168 1511 1279 1573 immn-

61 1620 112 1685 tet,
143 1611 232 1691 qnasi
264 1629 355 1671 unum
385 1610 513 1673 Verbum
539 1632 558 1673 n
584 1613 647 1673 Deo
679 1612 827 1691 prolatum
859 1631 921 1674 non
949 1613 1020 1675 satis
1048 1613 1088 1674 sit
1115 1613 1152 1674 ad
1181 1613 1367 1676 omnium.

61 1712 197 1785 menda,
223 1730 300 1791 qnae
321 1712 409 1773 Pater
432 1713 610 1788 decreverit,
632 1713 722 1774 etad
744 1714 808 1775 eius
829 1713 1045 1794 providentiam
1068 1714 1279 1794 exequendam·
1375 1716 1379 1725 '

60 1814 141 1875 ttutn
161 1813 244 1875 enim
264 1813 347 1875 ilium
367 1813 449 1892 ioqui
470 1812 568 1888 verba,
591 1814 708 1893 signum
730 1822 776 1876 est
797 1815 955 1876 verborum
977 1816 1109 1877 omnium
1123 1814 1281 1877 imbecilli·

62 1915 139 1987 tatis,
172 1933 241 1976 enm
273 1914 390 1992 singnis
415 1914 537 1977 alterins
565 1914 674 1977 auxilio
704 1915 862 1994 indigeant.
906 1915 1001 1977 Deum
1028 1925 1126 1979 antem
1152 1935 1213 1979 nno
1235 1915 1281 1977 uti
1390 1933 1392 1937 ·

64 2014 160 2087 Verbo,
183 2024 218 2077 nt
237 2033 342 2076 resera
363 2024 426 2088 est,
450 2016 502 2077 Dei
525 2016 641 2078 virtutis
665 2025 695 2077 et
716 2015 805 2078 Verbi
825 2015 862 2079 ab
884 2036 920 2077 eo
942 2018 1066 2095 proiecti
1087 2017 1280 2097 petientionis

63 2116 195 2177 indicium
216 2108 531 2196 atqne'asgnmentmn
552 2126 609 2191 est,
631 2134 687 2179 nee
707 2135 768 2177 non
789 2116 907 2179 iliorum
928 2118 1057 2197 pietatis,
1080 2119 1131 2199 qui
1153 2118 1278 2180 itesen·

64 2218 141 2279 tinnt.
1060 2212 1069 2228 ’

141 2322 190 2383 17.
234 2318 353 2380 Utinam
375 2338 446 2380 vero
467 2313 571 2383 s'eltom
593 2338 629 2381 ex
649 2318 712 2389 iiis,
735 2337 810 2398 quae
832 2336 911 2379 nune
931 2320 1102 2398 proiciunt,
1125 2319 1277 2382 veritatem

63 2419 140 2481 interi
160 2418 260 2481 velint.
304 2420 378 2482 Nam
405 2421 546 2483 sisemei
567 2421 745 2493 concedant,
777 2419 871 2481 Deum
900 2420 988 2481 verbe
1016 2423 1165 2500 proferre,
1196 2419 1277 2481 iilum

60 2520 170 2582 Patrem
197 2540 266 2583 esse
295 2522 417 2583 omnino
445 2522 582 2603 ignorare
604 2540 664 2583 non
685 2528 824 2602 possunt.
868 2522 935 2594 Quo
958 2522 1026 2584 dato
1048 2520 1210 2593 attendant,
1232 2538 1277 2592 se,

63 2623 125 2684 dnm
147 2641 238 2684 nnnm
261 2641 329 2684 esse
350 2622 404 2684 Dei
425 2623 554 2715 Yerbnm
576 2623 680 2684 nolunt
701 2623 798 2694 fateri,
821 2622 983 2684 multorum
1004 2631 1118 2702 petrem
1140 2642 1207 2683 enm
1230 2623 1276 2683 sa-

62 2743 132 2785 cere.
176 2726 285 2785 Verum
308 2724 361 2786 Dei
382 2714 500 2804 quitiam
517 2724 645 2785 Verbum
668 2744 736 2786 esse
758 2723 864 2786 nolunt
884 2725 1024 2799 inficiari;
1046 2724 1100 2786 sed
1122 2723 1192 2784 ittne
1208 2742 1278 2785 esse

62 2824 109 2886 oei
136 2826 228 2888 [ilium
258 2844 318 2885 non
346 2825 548 2899 consentiunt,
576 2827 656 2904 quod
684 2828 818 2904 proiecto
849 2845 884 2886 ex
906 2825 1037 2887 veritatis
1059 2824 1226 2904 ignorantia
1248 2831 1279 2885 et

63 2926 220 2987 divinarum
242 2926 462 3006 scripturarum
495 2927 613 2989 inscitia
645 2926 791 3006 provenit·
834 2926 907 2987 Nam
937 2927 964 2986 si
992 2944 1061 2987 vere
1089 2927 1168 2987 Deus
1191 2924 1279 2989 Pater

63 3036 104 3087 est
125 3026 228 3099 Verbi,
257 3044 319 3107 mr,
336 3028 386 3106 qni
409 3027 553 3106 gignitur,
575 3028 667 3089 Filius
690 3026 834 3089 nonsit?
879 3027 954 3099 Quis
976 3034 1076 3088 antem
1095 3045 1201 3088 rursus
1224 3026 1279 3093 ttei

63 3127 134 3189 tilius
154 3128 254 3209 possit
274 3148 343 3191 esse
365 3138 483 3207 praeter
504 3130 568 3191 eius
582 3126 734 3190 Verbum?
776 3128 891 3189 Etenim
914 3146 975 3189 non
997 3128 1088 3190 muita
1099 3128 1277 3200 summme,

63 3247 96 3289 ne
115 3230 229 3309 singula
252 3230 423 3309 imperfecta
447 3241 476 3295 et
497 3251 589 3311 egena
611 3231 688 3302 sint,
719 3229 772 3291 sod
801 3248 892 3290 unum
919 3238 965 3291 est
988 3229 1131 3305 Verbum,
1162 3239 1223 3290 tum
1246 3236 1279 3290 ut

63 3330 153 3410 ipsam
173 3330 273 3393 solnm
295 3331 336 3392 sit
355 3334 529 3411 perfeetum,
552 3341 614 3395 tnnn
635 3332 703 3411 qnia
726 3351 792 3393 cum
807 3332 885 3393 Deus
909 3349 986 3393 nnus
1008 3332 1058 3405 sit,
1081 3349 1139 3392 nna
1161 3348 1279 3409 qnoque

63 3432 121 3493 eins
142 3433 253 3512 imago,
276 3438 351 3513 qnae
373 3433 437 3513 ipsa
459 3433 551 3495 Filius
575 3442 630 3506 est,
653 3433 742 3494 debet
763 3453 840 3496 esse.
885 3433 1017 3513 Namque
1039 3432 1091 3493 Dei
1113 3431 1224 3505 Filine,
1246 3439 1280 3493 nt

63 3552 93 3592 ex
114 3535 188 3613 ipsis
205 3534 368 3614 Scriptnris
389 3535 457 3596 licet
478 3536 603 3609 discere,
627 3535 705 3597 idem
720 3536 826 3597 estDei
839 3533 970 3609 verbnm,
993 3534 1146 3614 sapientia,
1169 3534 1277 3612 imago,

63 3653 160 3697 manns
183 3645 213 3697 et
233 3634 335 3698 simos.
382 3636 463 3699 Unus
485 3636 566 3699 enim
586 3644 633 3697 est
646 3636 700 3698 Dei
722 3638 811 3709 fetus,
833 3637 1056 3716 nasoque-'sont
1077 3636 1278 3709 miliciacum

63 3755 92 3795 ex
111 3738 198 3798 Patre
226 3756 293 3799 esse
320 3738 461 3816 genitum.
506 3736 575 3800 Sive
596 3737 682 3799 'enim
704 3737 809 3799 Filium
837 3736 963 3807 dixems,
993 3737 1024 3798 id
1051 3736 1130 3816 quod
1153 3754 1190 3798 ea
1211 3737 1277 3814 ipso

66 3925 94 3969 ins
117 3925 169 3973 iibri
188 3925 356 3987 stpiasmoiiss
375 3932 408 3973 eat
428 3931 448 3973 et
467 3927 641 3975 dissolutione
695 3923 824 3974 Cantilenos
850 3927 970 3986 sentiens,
999 3926 1110 3973 molarios
1128 3931 1148 3973 et
1165 3926 1277 3973 oiotorins

67 3992 160 4041 §etnim
186 3994 308 4041 cantilenis
331 3992 471 4054 persimilis,
499 4009 564 4057 qinom
588 4000 641 4042 tono
693 3994 855 4054 composuisse,
876 3994 982 4057 aliosque
998 4008 1079 4041 rursus
1098 3994 1172 4041 editas
1190 3996 1216 4041 in
1231 4006 1277 4040 mt-

65 4058 161 4111 §sa-mn
179 4061 303 4113 mecaenat
322 4062 489 4109 condemnavit.
524 4061 589 4110 liaeo
600 4061 641 4108 ibi.
691 4074 766 4108 meros
784 4061 908 4120 remense,
929 4075 987 4124 qnos
998 4062 1080 4124 cuique
1092 4061 1212 4109 convenite
1224 4061 1276 4108 esi-

67 4128 144 4175 annm
161 4144 257 4191 quoqne
276 4127 454 4189 t’tntonorgins
473 4129 514 4177 lib.
526 4129 555 4177 ΙΙ.
575 4126 641 4189 e.2‚
689 4129 809 4178 'aiimoboi

66 4196 144 4250 enam,
161 4211 208 4258 qno
226 4210 337 4244 errorem
358 4195 641 4252 insiliendissemineret,
728 4210 746 4243 o.
767 4194 823 4255 fleg.
843 4192 898 4242 τῶν
916 4195 1003 4243 omittit
1029 4209 1129 4258 moxque
1148 4194 1220 4242 habet
1237 4184 1278 4239 εὖ·

67 4250 165 4331 {apae
182 4276 210 4312 ιε
231 4256 351 4312 ναυτικὰ
374 4257 421 4308 καὶ
444 4256 572 4328 inopima
595 4256 642 4310 καὶ
693 4261 757 4340 σεβῆ
776 4257 893 4311 σύνεσιν.
932 4264 975 4310 etii
995 4271 1073 4310 nutem
1092 4251 1277 4322 eteditio'tosssej

68 4322 212 4395 siootopm't
229 4348 248 4396 y
268 4329 353 4393 (inpos,
372 4324 641 4413 aalmsovfflniseqn
693 4343 811 4385 oensis,
832 4341 857 4379 ut
875 4339 898 4378 et
916 4331 1023 4379 Nannins
1043 4331 1106 4390 legit.

69 4398 217 4448 numina
240 4414 279 4453 εις
301 4392 441 4464 μελῳδίας
458 4391 588 4456 ἐκτεῖναι,
610 4413 641 4450 ας
726 4401 748 4448 d.
769 4401 823 4461 iteg.
842 4397 948 4462 γεννῶν
965 4391 1037 4459 ircim
1056 4397 1180 4446 mendose.

67 4456 174 4529 ἐ’όμίζεν
199 4462 329 4520 ἑκάστοις
360 4459 497 4531 ἁρμόζειν.
535 4468 563 4519 ld
588 4477 639 4519 est:
726 4482 746 4516 e.
764 4453 780 4533 ᾖ
800 4469 868 4517 abest
887 4482 899 4515 a
918 4469 974 4527 Res.
993 4474 1018 4517 et
1035 4464 1168 4514 ttesntonsi.
