2934 5078
414 252 529 299 cunrat
546 254 764 300 transennam!
778 248 912 303 nmrfrr'.
1212 248 1272 311 stt

45 407 78 468 in
103 424 136 468 re
156 422 226 467 rere
248 405 397 479 diceretis,
421 405 474 467 sed
497 405 590 467 licum
612 406 744 485 genitum
765 406 937 480 adfirmatis,
959 409 1009 489 qui
1032 411 1184 491 propriam
1206 428 1358 476 rar-nen.

44 526 119 571 nem
140 507 239 588 speeie
261 515 374 568 tautum
397 506 573 568 exhibuerit.
616 506 684 569 Non
710 508 790 569 enim
814 509 892 571 bens
919 510 1036 573 initium
1065 515 1204 576 nascendi
1238 532 1274 577 es

43 610 173 672 Naaaret
193 610 320 671 sortitus
342 617 397 681 est,
421 609 474 670 sed
496 611 546 688 qui
569 610 670 671 existit
690 617 759 670 ante
780 611 896 672 saecula
917 611 1045 673 Verbum
1060 612 1139 675 beus
1161 632 1197 677 cx
1213 616 1273 677 Na-

44 720 129 775 aaret
156 711 247 772 borno
276 694 358 771 risus
387 718 448 782 est,
482 718 570 771 natus
598 728 634 771 ex
655 709 745 772 blaria
767 710 887 788 Virgine
916 721 946 772 et
967 710 1081 790 Spiritu
1108 724 1211 777 saneto
1242 718 1274 779 in

44 812 219 875 Bethlehem
242 811 366 872 ludaeae
394 828 428 871 ex
452 811 566 871 semine
588 810 693 884 david,
722 811 856 874 Abrahae
883 822 913 875 ct
933 813 1028 887 adae,
1058 815 1100 876 uti
1129 818 1274 897 scripturn

44 924 106 986 ast,
129 914 287 992 omniaque
309 912 451 973 assumsit
472 930 507 973 er
523 912 652 991 Virgine,
675 930 877 993 quaecumque
899 914 936 975 ab
950 914 1034 977 initio
1050 915 1131 978 licus
1145 920 1181 979 ad
1197 938 1273 981 cor·
1389 987 1394 996 ,

45 1015 235 1079 stitutionem
258 1014 387 1076 hominis
409 1014 575 1075 etiormarit
597 1022 628 1075 et
648 1015 781 1076 condidit
801 1005 925 1095 excepto
939 1026 1071 1095 peccato,
1094 1028 1127 1079 ut
1141 1021 1273 1098 specto*

42 1118 94 1180 lus
116 1134 234 1195 quoque
257 1116 311 1177 ait:
344 1115 408 1178 Pro
436 1116 634 1178 similitudine·
655 1134 716 1196 per
744 1120 844 1178 omnib
869 1128 996 1198 practer
1019 1130 1189 1198 peccatum,
1218 1138 1274 1185 nec

43 1217 208 1281 divinitatis
231 1217 435 1289 mutationem,
458 1217 512 1277 sed
536 1217 725 1279 humanitatis
746 1217 965 1279 innovationem
981 1218 1103 1281 arbitrio
1118 1239 1174 1281 suc
1197 1224 1272 1284 eil‘s-

43 1320 97 1392 cit,
119 1338 179 1399 quo
200 1329 302 1399 gentes
326 1318 446 1379 Chn'sto
469 1319 704 1398 concorporatas
728 1329 756 1381 et
778 1324 1005 1400 comparticipes
1028 1320 1144 1395 herent,
1165 1341 1272 1402 quem-

43 1421 206 1482 admodum
230 1420 334 1481 scribit
354 1420 529 1498 hpostolus,
559 1429 650 1499 utque
676 1421 768 1482 homo
790 1436 892 1483 revera
914 1420 994 1482 bens
1016 1430 1046 1482 et
1067 1421 1146 1485 lleus
1167 1442 1271 1487 revera

42 1523 138 1585 hortm
160 1523 252 1594 loret,
282 1530 421 1600 essetque
442 1521 492 1582 ille
513 1540 583 1581 vere
606 1521 696 1582 homo
724 1531 752 1582 et
776 1540 843 1583 vere
865 1521 961 1596 bens,
988 1540 1049 1583 non
1077 1524 1158 1602 quod
1179 1525 1355 1587 homones.

41 1623 125 1705 apud
145 1622 238 1684 [lcum
262 1631 354 1694 esset,
376 1631 410 1684 ut
432 1640 484 1682 vos
507 1622 718 1684 calumniantes
735 1621 1033 1702 christianorumque
1050 1624 1192 1703 mysterio
1211 1626 1269 1687 ob·

41 1732 207 1787 monotes
230 1723 340 1797 dicitis,
369 1725 422 1785 sed
445 1725 524 1802 quod
546 1724 607 1784 [leo
632 1723 783 1803 unigenito
805 1724 964 1803 placuerit,
995 1725 1177 1804 plenitudine
1199 1745 1271 1789 snae

40 1825 205 1887 divinitatis
237 1825 386 1904 archetypi
414 1825 544 1886 bominis
573 1833 708 1886 naturam
736 1842 904 1904 novumque
932 1825 1082 1905 opilleium
1116 1844 1152 1888 er
1185 1836 1271 1889 utero

42 1922 174 2005 Virginis
195 1926 225 1986 in
248 1926 349 2005 seipso
369 1945 424 2005 per
445 1926 607 1987 naturalem
630 1926 850 2004 generationem
872 1937 903 1987 et
923 1927 1158 1989 indissolubilem
1180 1929 1270 1990 unio·

40 2044 113 2089 nem
136 2035 314 2101 restaurare,
338 2036 371 2089 ut
392 2038 422 2089 et
442 2047 497 2108 pro
520 2027 693 2089 bominibus
709 2026 837 2089 salutare
858 2029 1010 2106 negotium
1032 2029 1198 2108 perliceret,
1221 2030 1271 2091 in-

40 2144 102 2207 quo
123 2129 279 2207 passione,
308 2137 404 2191 morte
433 2137 463 2190 ct
488 2128 711 2191 resurrectione
739 2128 893 2189 bominum
921 2129 1135 2192 redemtionem
1167 2130 1270 2193 absol-

40 2238 137 2290 reret.

128 2643 159 2704 d.
204 2638 263 2699 Sed
285 2637 429 2698 obiicitis:
454 2636 506 2711 „st
530 2635 629 2698 omnia
651 2636 781 2715 accepit,
802 2652 873 2697 sane
896 2642 926 2696 et
947 2636 1091 2697 humanas
1112 2632 1268 2712 cogitatio-

40 2762 127 2817 „uas
149 2740 268 2813 habuit3
291 2740 477 2819 impossibile
498 2749 595 2801 autem
619 2746 667 2800 cst
687 2738 825 2799 humanis
844 2736 1073 2816 cogitationibus
1088 2754 1148 2796 non
1170 2736 1269 2797 inesse

40 2851 241 2923 „peccatum;
264 2842 414 2920 quomodo
437 2841 527 2920 igitur
549 2841 684 2902 Christus
706 2839 817 2918 absque
839 2847 960 2917 peccato
982 2837 1088 2900 erit?“
1131 2838 1195 2898 lmo
1217 2856 1268 2898 re·

38 2944 190 3026 spondete
212 2962 266 3004 ros
291 2943 365 3023 ipsi:
389 2943 420 3003 Si
442 2943 615 3004 vitiosarum
636 2941 847 3020 cogitationum
863 2940 943 3001 [leus
957 2949 1073 3001 creator
1095 2938 1192 3010 luerit,
1215 2939 1269 3000 ad-

18 3045 224 3126 ··iungendum
245 3045 307 3105 lleo
329 3053 376 3106 est
396 3045 549 3125 proprium
571 3042 730 3122 opitioium,
758 3022 838 3103 venit
859 3042 937 3102 enim
961 3049 993 3102 nt
1013 3040 1169 3120 proprium
1193 3058 1270 3119 opus

40 3148 101 3211 sibi
125 3147 308 3225 adiungeret.
353 3146 411 3206 Sed
434 3164 470 3206 eo
492 3156 579 3225 paeto
601 3145 713 3206 iniusto
737 3161 810 3204 sanc
828 3142 936 3204 iudicio
950 3150 1089 3223 peccator
1104 3127 1270 3203 damnatur,

39 3250 117 3314 Nam
139 3248 167 3311 si
188 3248 312 3310 vitiosas
341 3248 536 3327 cogitationes
565 3245 673 3307 crearit
693 3245 790 3316 Deus,
819 3243 888 3323 quid
918 3242 1070 3322 estquod
1099 3250 1270 3321 peccantem

38 3351 230 3419 condemnet,
254 3359 305 3412 aut
325 3356 375 3429 qut
396 3358 498 3428 potest
519 3348 613 3409 alteo
635 3345 804 3409 huiusmodi
821 3344 960 3406 iudicium
975 3341 1148 3423 proticisci?
1181 3342 1270 3416 Quod

39 3452 67 3517 al
89 3451 183 3514 anau
205 3462 362 3530 antequam
384 3450 436 3511 bei
459 3450 629 3511 mandatum
658 3446 916 3527 transgrederetur
943 3446 1090 3507 eiusmodi
1112 3445 1269 3525 cogitatio-

38 3553 132 3617 nibus
155 3552 303 3613 obnorius
326 3552 394 3622 luit,
424 3557 475 3631 qul
498 3552 561 3612 lieri
582 3548 680 3630 potuit
702 3560 733 3612 ut
754 3550 867 3610 bonum
889 3557 920 3609 et
941 3548 1049 3610 malum
1073 3566 1132 3609 uon
1155 3565 1269 3624 cogno·

38 3650 165 3717 rarat?
207 3650 292 3715 Certe
315 3657 419 3715 natura
442 3654 559 3732 quidem
589 3650 757 3723 rationalis,
791 3649 970 3729 cogitatione
999 3667 1070 3709 vero
1097 3647 1173 3707 liber
1201 3645 1269 3706 mali

38 3754 254 3835 experientiam
276 3771 337 3815 non
360 3753 496 3827 habebat,
520 3755 675 3833 soliusque
695 3751 767 3813 boni
789 3751 893 3813 notitia
910 3750 1061 3830 praeditus
1078 3746 1162 3826 quasi
1177 3750 1270 3809 anina

74 3956 95 3989 a.
121 3940 221 4002 Sequar.
247 3940 344 3991 Gobler.
371 3949 394 3988 et
413 3939 517 3987 Felelrrn.
539 3939 560 3987 i.
585 3928 631 3985 ἵνα
682 3938 733 3986 ltor
751 3927 925 4000 ἄλλὰλὲγεη
942 3936 1060 3984 habentur
1083 3934 1107 3982 in
1126 3932 1214 3994 synod.
1233 3932 1270 3979 Vl.

36 4002 86 4057 aad
103 3999 119 4055 d
138 3998 287 4075 ἅνθρωπος
303 3993 320 4073 ᾖ
337 4001 402 4060 θεὸς
420 3997 536 4064 ἀληθῶς.
570 3995 631 4070 οὐχὶ
681 4007 731 4054 det.
748 4004 772 4054 8.
796 4002 883 4066 [hrosi
903 4004 976 4054 Cone.
996 4001 1057 4050 Coll.
1077 4001 1145 4049 Tem.
1157 4000 1196 4048 xl.
1216 4014 1268 4062 pag.

38 4068 204 4145 Mpslaroo,
223 4076 320 4124 omissis
338 4076 497 4125 intermediis.
681 4068 761 4136 detq.

74 4142 93 4193 l.
110 4144 184 4193 liaril.
201 4137 248 4190 καὶ
266 4134 397 4207 airaldus.
426 4143 478 4191 llor
493 4131 633 4203 σωτήριον
716 4154 737 4201 g.
762 4139 803 4188 Sic
829 4139 928 4198 Seguer.
955 4136 1052 4187 Goblor.
1081 4142 1105 4184 at
1123 4133 1227 4183 Felrlrr.
1247 4132 1269 4181 l.

37 4212 110 4262 aseer
127 4212 152 4261 io
169 4212 249 4271 editis,
267 4211 310 4260 scd
328 4212 414 4272 legitur
432 4211 456 4259 in
473 4211 630 4270 Segueriano,
683 4215 754 4269 atqne
773 4207 804 4255 ita
823 4206 880 4268 legit
896 4206 1011 4255 Nannina.
1047 4203 1109 4252 Editi
1133 4193 1271 4249 ἀδύνατον

35 4279 131 4340 testie.
150 4279 248 4329 Goblcr.
267 4278 414 4345 et‘clclrm.
433 4279 454 4326 l.
483 4277 556 4326 Panlo
575 4284 631 4330 nost
683 4269 713 4323 dd
731 4259 765 4333 ἦν
780 4270 931 4338 λογισμοῖς.

37 4346 142 4409 Sagaer.
161 4347 258 4398 Goblrr.
283 4346 464 4395 ethelstimi.
490 4338 541 4403 τὴν
563 4336 631 4390 dno
717 4344 740 4390 h.
758 4344 849 4403 tngtte.
868 4333 1059 4406 δημιουργίαν.
1096 4328 1213 4411 §apim
1224 4347 1271 4383 ats-

36 4407 178 4483 drirparw
200 4410 258 4461 τόν
282 4404 447 4481 ἀνθρώπων.
486 4414 549 4461 ilditi
575 4424 631 4461 vero
683 4403 873 4467 ταδαοὶζουσα.
910 4409 1003 4457 lbideur
1021 4409 1121 4468 Segner.
1134 4416 1271 4469 apusoru-

38 4484 124 4535 etalii
142 4475 194 4541 ztir
217 4476 357 4549 σωτηρίαν
379 4476 438 4530 uir
460 4471 628 4547 &adprim-
682 4473 785 4543 γέσθιι
800 4469 858 4537 τήν.
898 4477 950 4525 Ιοι
968 4474 1040 4524 basil.
1059 4464 1154 4527 d'drao'o
1169 4464 1238 4523 dese.
