2948 5092
9 218 12 223 ’
79 214 180 289 0104
514 238 539 282 ι.
554 226 708 283 suumn
723 236 945 283 ιασιοιινιιοονι
1034 225 1037 231 “

29 399 105 446 Μίί-
205 394 253 454 10.
302 385 353 454 T&
379 393 478 454 τίνων
501 383 566 470 ἀρα
587 383 716 471 ῥήματα
736 386 893 470 θεολογεῖ
913 384 968 452 καί
991 385 1130 453 δεικνύει
1150 383 1234 453 θεόν’
1257 379 1345 453 εἶναι

114 491 169 556 καὶ
198 487 271 555 υίδν
303 491 362 555 τοῦ
390 485 519 573 πατρὸς
547 486 605 554 τὸν
632 486 744 572 κόρων
771 481 864 573 ἡμῶν
889 481 1011 574 Ἰησοῦν
1038 485 1207 573 Χριστόν,·
1240 483 1339 554 ταῦθ’

115 587 204 675 άπερ
232 585 326 674 ύμεῖς
353 588 563 678 ΙΙίξημέσατε,
591 582 613 674 ἢ
640 583 727 674 άπερ
748 582 844 673 ἡμεῖς
866 587 900 655 ἐκ
921 591 987 655 τῶν
1008 591 1145 675 γραφῶν
1168 587 1342 677 εἰρήκαμεν

114 690 172 759 καὶ
198 693 353 777 λίγυμενς
386 690 416 758 εί
442 692 502 777 μὲν
530 678 589 756 οῦν
616 686 674 754 οῦκ
700 688 772 756 ἔστι
801 689 883 769 θεὸς
911 685 988 756 οὐδὲ
1012 688 1109 776 λόγος
1130 685 1208 757 οῦδὲ
1229 689 1301 769 υίὸς
1324 687 1342 756 δ

115 790 241 880 σωτήρ,
272 793 393 873 ἐξίστω
421 794 526 878 λέγειν
554 788 663 876 ὥςπερ
686 785 758 870 τοῖς
770 787 905 879 Ἕλλησι
925 794 980 858 καί
1000 801 1075 870 τοῖς
1095 793 1152 858 νῦν
1169 786 1343 870 Ἰουδαίοις

110 891 205 962 ούτω
233 897 288 962 καί
315 891 410 980 ύμῖν,
441 892 463 962 ἃ
490 893 664 980 βούλεσθε.
710 892 740 960 εί
768 894 804 959 δλ
825 892 922 978 λόγος
943 896 1021 959 1’τοῦ
1043 891 1171 977 πατρὸς
1192 893 1249 960 καί
1270 893 1344 972 υίὸς

107 990 278 1085 ’ἀληθινός
300 995 380 1077 ἔστι,
402 999 459 1063 καί
481 994 515 1062 ἐκ
535 998 621 1062 θεοῦ
642 994 725 1074 θεός
748 993 828 1075 ἔστι,
851 994 908 1061 καί
929 993 986 1062 ἐπὶ
1008 994 1144 1061 πάντων
1166 989 1343 1081 εύλογφμέ-

109 1120 172 1177 ’νος
194 1098 242 1178 είς
262 1098 340 1177 τούς
362 1098 485 1176 αίῶνας
493 1101 523 1177 ¹),
547 1100 622 1174 πῶς
644 1090 701 1161 ούκ
724 1093 816 1175 ἀξιον
839 1089 1002 1184 ἀφανίσαι
1023 1095 1079 1164 καί
1093 1090 1287 1181 ἀπαλεῖψαι
1301 1095 1344 1162 τά

113 1223 152 1267 τε
174 1197 260 1267 ἀλλα
280 1199 411 1287 ῥήματα
432 1202 486 1265 καί
508 1197 566 1283 τὴν
584 1194 756 1283 Ἀρειανὴν
776 1198 936 1264 “θαλείαν
958 1193 1003 1277 ῶς
1024 1195 1135 1265 είκόνα
1154 1200 1263 1264 κακῶν
1285 1200 1341 1263 καὶ

115 1300 228 1389 πάσης
250 1295 403 1385 ἀσεβείας
424 1305 597 1386 γέμουσαν,
621 1298 668 1376 είς
689 1296 728 1384 ἢν
750 1298 926 1382 ἐμπίπτων
942 1293 1000 1366 ούκ
1015 1293 1112 1379 οἶδεν,
1130 1294 1184 1365 ότι
1197 1309 1344 1387 γηγενεῖς

110 1398 195 1489 παρ’
219 1397 301 1488 αύιῇ
325 1400 494 1481 όλλυνται,
523 1403 577 1466 καί
600 1398 656 1467 ἐπὶ
679 1405 844 1487 πίταυρον
866 1397 949 1486 ᾅδου
972 1402 1115 1488 συναντᾷ
1122 1429 1134 1482 ,·
1165 1403 1221 1465 καί
1243 1402 1342 1465 τοῦτο

116 1503 213 1570 ίσασι
233 1505 286 1568 καί
310 1497 404 1568 αύτοί
426 1501 482 1567 καί
504 1497 549 1580 ῶς
570 1504 754 1588 πανοῦργοι
774 1502 966 1587 κρύπτουσι,
988 1500 1034 1589 μὴ
1048 1502 1255 1587 θαρροῦντες
1269 1501 1344 1568 δίκ-

117 1604 229 1669 λαλεῖν
257 1596 356 1683 αύτά,
388 1597 457 1668 ἀλλ’
483 1603 577 1690 ἕτερα
605 1600 830 1692 φθεγγόμενοι
857 1602 951 1690 παρά
977 1606 1089 1669 ταῦτα.
1135 1601 1192 1669 ἐάν
1213 1628 1252 1670 τε
1279 1602 1342 1688 γὰρ

118 1705 251 1784 είπωσι,
274 1702 619 1791 καταγνωσθήσονται,
637 1703 693 1770 ίάν
707 1729 744 1771 τε
758 1699 988 1792 ῦπονοηθῶσι,
1004 1702 1234 1792 βληθήσονται
1248 1704 1344 1788 παρὰ

116 1803 253 1870 πάντων
275 1813 364 1883 ’τοῖς
392 1804 427 1872 ἐκ
447 1808 515 1872 τῶν
536 1807 671 1892 γραφῶν
695 1804 844 1891 ἐλέγχοις.
891 1805 947 1872 διὰ
968 1808 1066 1872 τοῦτο
1087 1809 1181 1890 γοῦν,
1206 1801 1253 1884 ῶς
1273 1806 1341 1871 υίολ

27 1943 29 1946 -
116 1907 176 1971 τοῦ
199 1904 320 1984 αίῶνος
340 1904 460 1971 τούτου
483 1904 582 1986 ὄντες,
606 1905 801 1992 πανούργως
822 1907 880 1974 τὸν
895 1906 1108 1992 νομιζόμενον
1124 1906 1249 1973 ἑαυτῶν
1268 1906 1344 1989 λύχ-

117 2027 174 2072 νον
206 2003 353 2091 ἅψαντες
387 2007 421 2074 ίκ
450 2011 510 2093 τῆς
531 2004 718 2095 ἀγριελαίου
741 2007 796 2074 καί
819 2008 1022 2096 φοβούμενοι
1041 2008 1087 2096 μὴ
1107 2014 1232 2090 ταχέως
1255 2003 1343 2074 ἀπο-

8 2096 15 2107 ’
117 2111 247 2193 σβεσθῇ
276 2111 362 2195 (φῶς
383 2106 459 2194 γάρ,
494 2116 610 2196 φησίν,
635 2104 763 2193 ἀσεβῶν
786 2112 1022 2195 σβέννυται’)),
1045 2112 1162 2175 τοῦτον
1182 2111 1244 2194 μλν
1266 2109 1345 2194 κρύ-

116 2230 259 2274 πτουσιν
281 2206 348 2274 ὑπὸ
369 2209 427 2275 τὸν
448 2208 567 2294 μόδιον
588 2214 647 2297 τῆς
668 2205 881 2297 ἀποκρίσεως,
907 2211 1002 2297 ἕτερα
1017 2213 1053 2278 δὲ
1068 2216 1275 2298 φθέγγονται
1287 2214 1342 2276 καί

117 2315 325 2394 προστασίας
352 2312 459 2396 φίλων
486 2309 541 2376 καὶ
563 2317 797 2378 Ιίωνσταντίου
820 2311 925 2400 φόβον
948 2312 1219 2399 ἐπαγγέλλονται,
1244 2306 1284 2379 ἵν’
1310 2312 1342 2378 οί

118 2407 335 2494 είςερχόμενοι
355 2411 441 2497 πρὸς
463 2407 582 2490 αὐτοὺς
603 2408 670 2478 ύπὸ
691 2416 750 2499 τῆς
770 2409 977 2498 ύποκρίσεως
998 2415 1052 2480 καί
1072 2415 1131 2497 τῆς
1145 2412 1343 2498 ἐπαγγελίας

117 2509 162 2596 μὴ
183 2511 336 2595 βλέπωσι
357 2512 416 2599 τὴν
437 2515 495 2600 τῆς
517 2513 673 2597 αἱρέσεως
694 2516 704 2554 ¹
710 2514 885 2599 ῥυπαρίαν.
930 2517 1005 2592 πῶς
1027 2503 1084 2579 οῦν
1107 2508 1165 2579 οῦκ
1187 2508 1266 2592 ἀξία
1287 2517 1340 2580 καί

117 2611 201 2677 κατὰ
222 2615 320 2679 τοῦτο
342 2613 446 2679 πάλιν
466 2620 586 2698 μίσους
606 2610 626 2699 ἡ
650 2615 791 2701 αἵρεσις,
825 2611 948 2700 όπουγε
969 2617 1023 2682 καί
1045 2609 1122 2700 παρ’
1148 2609 1257 2680 αύτῶν
1275 2618 1340 2680 τῶν

118 2711 211 2780 ίδίων
234 2709 280 2793 ῶς
300 2714 345 2802 μὴ
368 2716 488 2798 ἔχουσα
508 2717 696 2803 παρῤησίαν
716 2715 897 2801 κρύπτεται
917 2719 971 2783 καί
994 2712 1039 2794 ῶς
1058 2714 1137 2803 όφις
1150 2715 1342 2796 θάλπεταις

116 2813 228 2882 πόθεν
248 2815 310 2902 γάρ
332 2816 463 2897 ἑαυτοῖς
484 2816 731 2904 εσυνεφόρησαν
752 2817 794 2884 τά
816 2816 960 2905 ῥημάτια
980 2821 1102 2900 ταύτας
1133 2811 1155 2903 ἢ
1176 2817 1271 2902 παρὰ
1292 2823 1341 2882 τί·

118 2938 174 2994 νος
206 2914 271 3002 ἀρα
298 2917 454 3002 λαβόντες
481 2922 620 2985 τοιαῦτα
648 2918 868 3006 τετολμήκασι
899 2920 1023 3004 ίίγεινς
1057 2913 1251 3003 ἀνθρώπων
1282 2920 1340 3003 μὲν

118 3006 197 3083 1ὀῦν
225 3012 343 3084 οὐδένα
370 3013 411 3084 ἀν
440 3021 568 3087 ε’ίποιεν
594 3019 654 3086 τὸν
682 3023 786 3087 ταῦτα
814 3017 1036 3106 παρασχόντα.
1080 3021 1146 3098 ἰτίς
1166 3019 1228 3104 γάρ
1252 3019 1340 3085 ἐστιν

117 3111 309 3203 ἀνθρώπων
330 3113 478 3205 ἢἝλλην
499 3115 521 3207 ἢ
542 3120 732 3206 Βάρβαρος,
762 3116 850 3200 όςτις
878 3120 915 3188 ὃν
945 3116 1099 3206 ὁμολογεῖ
1119 3119 1202 3188 θεὸν
1223 3122 1356 3186 τοῦτονΛ

116 3222 223 3309 τολμᾷ
254 3222 356 3306 λέγειν
388 3222 444 3288 ἕνα
466 3217 638 3289 εἶναιτῶν
660 3223 848 3306 κτισμάτων
869 3222 924 3288 καὶ
946 3217 1005 3288 οῦκ
1026 3211 1065 3308 ἦν
1088 3225 1168 3306 πρίν
1190 3225 1322 3308 ποιηθῇ
1329 3249 1338 3301 ,·

116 3315 137 3406 ἢ
158 3327 210 3399 τίς
231 3320 330 3400 ἐστιν,
355 3319 442 3400 όςτις
464 3312 492 3409 ᾦ
513 3322 713 3392 πεπίστευκε
732 3327 804 3410 θεῷ
820 3318 958 3390 ἀπιστεῖ
972 3324 1116 3407 λέγοντο
1140 3311 1237 3400 οῦτός
1252 3322 1341 3387 ἐστιν

117 3419 135 3490 δ
158 3424 229 3503 υίός
250 3448 314 3508 μου
337 3419 355 3489 ὁ
378 3419 593 3510 ἀγαπητόςῧ),
618 3424 754 3513 φάσκων
775 3421 851 3490 Ῑιότι
872 3418 930 3490 οῦκ
952 3424 1041 3491 ἔστιν
1062 3421 1134 3500 υίὸς
1157 3416 1242 3488 ἀλλὰ
1263 3427 1340 3486 ποί-

116 3551 204 3612 ημας
238 3526 341 3592 πλέον
370 3525 431 3611 γὰρ
454 3519 717 3612 ἀγανακτήσουσι
737 3525 860 3604 πάντες
881 3521 948 3590 κατ’
973 3520 1082 3590 αὐτῶν
1103 3525 1244 3589 τοιαῦτα
1263 3546 1341 3605 μοι·

117 3632 272 3711 νομένων.
318 3621 386 3714 ἀλλ’
412 3621 488 3693 οῦδὲ
511 3626 545 3694 ἐκ
567 3629 633 3693 τῶν
655 3630 791 3714 γραφῶν
816 3626 926 3709 ἔχουσι
946 3623 1006 3703 τὰς
1026 3622 1225 3711 προφάσεις.
1258 3623 1341 3690 ἐδεί-

115 3732 183 3814 χθη
206 3727 267 3813 γὰρ
290 3726 466 3808 πολλάκις,
497 3727 711 3813 δειχθήσεται
739 3729 849 3795 δὲκαὶ
873 3731 929 3794 νῦν
951 3720 1127 3812 Ιόιλλδιρια
1148 3727 1254 3790 ταῦτα
1275 3726 1340 3789 τῶν

116 3834 222 3895 θείων
245 3829 372 3913 λογίων.
404 3823 521 3895 οῦκοῦν
543 3828 660 3914 ἐπειδὴ
683 3830 793 3896 λείπει
814 3826 934 3893 λοιπὸν
957 3825 1075 3905 εἰπεῖν,
1098 3818 1153 3892 ότι
1172 3824 1268 3911 παρὰ
1280 3827 1339 3890 τοῦ

188 4002 211 4061 1)
229 4002 297 4051 Rom.
316 4001 340 4062 9,
360 4003 382 4051 5.
453 4000 478 4062 2)
497 4002 546 4051 lob.
567 4001 607 4063 18,
626 4003 649 4051 5.
720 3999 746 4066 3)
765 4001 845 4050 nauh.
865 3999 888 4060 ³,
910 4000 948 4048 Π.
970 3998 1009 4060 Π,
1028 3999 1052 4048 δ.

152 4135 172 4168 ι.
191 4120 331 4181 δεςοιτίεη.
351 4118 488 4170 θοόίειίιιι.
513 4127 537 4168 ει
555 4120 659 4169 Felckm.
681 4120 702 4168 ί.
755 4115 1101 4168 G0b101=ian.etfelekm.1.
1129 4106 1227 4169 ἐξίστω
1245 4108 1338 4176 λέγειν.

117 4179 272 4256 ἐξεράσατε.
297 4187 434 4237 ΡεΙιίιωῦ.
453 4179 602 4251 ίξεμίσατε.
629 4186 702 4235 ΡιοΙο
755 4185 798 4234 λΙίι
818 4194 841 4235 ει
858 4184 916 4234 editi
933 4176 1020 4239 ἔξεστι
1035 4178 1131 4245 λέγειν.
1310 4238 1318 4255 .

106 4252 174 4319 'pon
191 4255 330 4316 Seguerian.
350 4247 495 4319 εἰρήκαμεν
518 4245 534 4313 ἢ
558 4248 604 4301 καὶ
626 4250 702 4317 λίγο-
789 4253 812 4301 ί).
837 4252 959 4314 λιιςΙίιεο.
983 4248 1034 4297 τοῦ
1059 4247 1126 4299 θεοῦ
1154 4242 1200 4325 καὶ
1226 4259 1337 4313 namt.

115 4330 175 4436 φιν.
204 4322 265 4371 λλον
291 4324 353 4371 idem
388 4330 411 4371 ει
435 4323 545 4385 plerique
570 4335 628 4370 mss.
654 4313 703 4367 οῦκ
756 4321 816 4369 lbid.
841 4324 941 4380 seguar.
965 4311 1024 4370 υίὸς
1050 4308 1180 4375 ἀληθινός
1203 4309 1269 4364 ἐστι.
1311 4315 1338 4361 {n

131 4400 176 4436 στι
199 4383 264 4441 θεὸς
288 4380 352 4437 oum
374 4384 461 4452 λόγος.
508 4389 612 4438 renem.
631 4386 655 4436 λ.
679 4397 703 4437 ει
755 4388 809 4455 ςίίίι
827 4397 851 4436 ει
869 4387 939 4437 editis
957 4388 1025 4435 deest
1040 4377 1106 4433 ίσιί.

117 4456 173 4504 edin
192 4446 240 4504 ούκ
257 4450 316 4504 ἔστι
332 4449 397 4508 θεὸς
412 4451 499 4519 λόγος.
527 4455 587 4505 luia.
602 4455 702 4517 Seffuor.
741 4466 746 4474 ·
1115 4470 1118 4476 ·
