2948 5092
199 227 242 290 52
600 234 1027 281 a.aaaaaaa11aacamauam

109 379 259 468 λαλοῦν
281 391 503 475 προειρημένα
524 388 590 451 τῶν
610 384 838 470 χριστομάχων
857 383 1043 469 χαμαίζηλοι
1064 381 1209 467 ῥημάτια
1220 382 1429 467 προαπέδει-

190 491 253 571 -ξεν
281 485 298 556 ό
320 488 421 575 λόγος’
438 489 491 555 καί
514 487 589 554 τότε
610 486 666 553 καί
688 491 742 553 νῦν
766 485 877 572 πάσης
899 481 1052 570 ἀσεβείας
1074 481 1153 551 όντα
1175 481 1296 567 μεστά·
1325 481 1369 550 τὰ
1391 484 1427 549 δὲ

201 590 297 679 παρὰ
328 594 387 678 τῆς
408 589 547 657 συνόδου
569 595 735 676 γραφέντα
757 590 809 654 καί
834 585 1014 673 ὁρισθέντα
1035 580 1102 652 κατ’
1121 579 1235 652 αύτῶν
1258 582 1315 652 έάν
1338 583 1425 670 έρευ·

174 774 175 779 χ
199 692 280 779 νήσῃ
309 717 361 770 τις
390 687 547 777 ἀκριβῶς,
579 686 706 775 εὑρήσει
735 688 869 767 πάντως
898 688 932 755 έν
961 682 1075 766 αῦτοίς
1102 686 1160 753 τὸν
1180 689 1240 773 τῆς
1262 680 1424 773 ἀληθείας

199 795 276 860 νοῦν
304 793 552 880 περιεχόμενον,
583 785 622 857 ἀν
652 791 797 874 μάλιστα
824 793 878 856 καὶ
900 790 959 875 τῆν
981 789 1154 877 πρόφασιν
1176 791 1242 853 τῶν
1264 786 1426 854 τοιούτων

199 893 318 972 λέξεων
347 894 483 977 ἔχουσαν
511 893 549 959 τὸ
578 890 727 977 εύλογον,
759 894 960 979 φιλομαθῶς
983 889 1159 976 έρωτῆσας,
1184 884 1324 976 ἀκούσῃ·
1356 889 1426 955 ἔστι

197 993 260 1080 νὰε
283 991 373 1082 αὕτη·

287 1086 335 1146 19.
379 1082 467 1167 ’Τῆς
489 1077 627 1145 συνόδου
649 1080 850 1166 βουλομένης
872 1076 931 1155 τὰς
941 1078 1002 1162 μὲν
1012 1069 1268 1162 τῶνἍρειανῶν
1279 1077 1337 1160 τῆς
1349 1068 1426 1139 ἀσε-

198 1185 292 1265 βείας
319 1182 422 1260 λέξεις
452 1176 594 1259 ἀνελεῖν,
623 1180 682 1257 τὰς
711 1181 747 1246 δέ
775 1183 842 1245 τῶν
864 1181 1002 1266 γραφῶν
1025 1172 1289 1263 ὁμολογουμένας
1310 1174 1426 1263 φωνάς

197 1280 342 1368 γράψαι,
373 1278 426 1348 ὅτι
454 1307 489 1349 τε
518 1280 589 1358 υἱός
612 1280 701 1347 ἐστιν
730 1277 788 1346 ούκ
810 1280 846 1360 ἐξ
867 1276 924 1346 οὐκ
948 1278 1067 1359 ὄντων,
1099 1273 1166 1346 ἀλλ’
1191 1278 1227 1345 ἐκ
1248 1280 1307 1344 τοῦ
1330 1281 1423 1355 θεοῦ,

198 1385 251 1449 καί
275 1382 371 1468 λόγος
393 1383 463 1450 ἐστὶ
485 1384 537 1448 καί
562 1387 682 1473 σοφία,
707 1376 775 1448 ἀλλ’
801 1378 839 1448 οῦ
862 1388 982 1465 κτίσμα
1005 1376 1081 1447 οῦδὲ
1104 1387 1249 1467 ποίημα,
1278 1379 1368 1445 ίδιον
1390 1379 1425 1444 δὲ

199 1483 235 1551 ἐκ
263 1487 322 1553 τοῦ
349 1484 477 1570 πατρὸς
504 1489 659 1570 γέννημα·
691 1484 723 1549 οί
752 1487 829 1570 περὶ
852 1479 1013 1568 Εύσέβιον
1036 1478 1103 1548 ύπὸ
1125 1483 1184 1566 τῆς
1204 1482 1424 1566 πολυχρονίου

199 1586 394 1664 κακοδοξίας
416 1585 541 1652 ἑαυτῶν
564 1585 733 1669 ἑλκόμενοι
755 1584 930 1671 ἐβούλοντο
953 1583 991 1650 τὸ
1015 1583 1050 1650 έκ
1071 1586 1129 1650 τοῦ
1152 1586 1236 1650 θεοῦ
1252 1580 1364 1649 κοινὸν
1380 1576 1425 1648 εί·

199 1712 255 1753 ναι
277 1685 362 1772 πρὸς
383 1683 470 1771 ἡμᾶς
491 1688 544 1752 καί
566 1684 624 1752 τόν
646 1690 705 1752 τοῦ
727 1690 811 1753 θεοῦ
840 1685 951 1771 λόγον,
984 1687 1094 1773 μηδέν.
1108 1711 1144 1752 τε
1166 1684 1200 1752 ἐν
1222 1683 1330 1769 τούτῳ
1353 1685 1424 1750 δια-

198 1793 312 1874 φέρειν
335 1784 426 1873 ῆμῶν
450 1785 557 1866 αύτόν,
582 1787 697 1854 διὰτὸ
719 1788 925 1876 γεγράφθαι·
950 1783 997 1865 εἷς
1018 1787 1100 1866 θεὸς
1123 1787 1158 1866 ἐξ
1172 1776 1422 1863 ούτάπάντα“).

197 1891 252 1956 καί
275 1889 393 1957 πάλιν·
416 1889 458 1956 τά
481 1884 600 1974 ἀρχαῖα
622 1891 804 1976 παρῆλθεν,
831 1889 902 1955 ἰδοὺ
925 1895 1036 1974 γέγονε
1057 1889 1098 1955 τά
1121 1887 1231 1955 πάντα
1246 1886 1360 1955 καινά·
1383 1887 1424 1953 τά

199 1991 235 2056 δέ
264 1990 376 2075 πάντα
404 1990 437 2058 έκ
464 1995 523 2057 τοῦ
546 1994 669 2072 θεοῦλ).
716 1986 784 2056 ἀλλ’
811 1991 843 2057 οί
871 1997 1013 2075 πατέρες
1039 1989 1271 2076 θεωρήσαντες
1294 1989 1425 2056 ἐκείνων

196 2089 255 2176 τῆν
277 2090 481 2177 πανουργίαν
503 2095 555 2159 καὶ
578 2092 636 2178 τὴν
658 2096 716 2179 τῆς
739 2088 892 2177 ἀσεβείας
913 2099 1137 2174 κακοτεχνίαν,
1167 2087 1423 2180 ἠναγκάσθησαν

197 2192 318 2260 λοιπόν
341 2193 530 2279 λευκότερον
553 2194 659 2261 εἰπεῖν
681 2193 720 2258 τὸ
743 2193 778 2260 έκ
798 2198 856 2260 τοῦ
879 2197 963 2260 θεοῦ
986 2197 1039 2260 καί
1054 2193 1184 2278 γράψαι
1195 2192 1229 2259 ἔκ
1240 2196 1299 2280 τῆς
1310 2188 1425 2270 οῦσίας

196 2298 255 2359 τοῦ
277 2298 361 2362 θεοῦ
385 2291 471 2362 εἶναι
491 2296 549 2361 τὸν
573 2294 653 2373 υἱόν,
677 2290 761 2381 ύπὲρ
784 2299 842 2360 τοῦ
864 2295 908 2381 μῆ
931 2294 970 2361 τὸ
993 2295 1027 2363 ἐκ
1050 2299 1108 2361 τοῦ
1129 2298 1214 2362 θεοῦ
1236 2292 1348 2360 κοινὸν
1372 2297 1423 2359 καὶ

199 2388 273 2461 ίοον
295 2400 353 2461 τοῦ
376 2423 411 2464 τε
434 2398 506 2462 υἱοῦ
529 2399 583 2462 καί
605 2400 671 2462 τῶν
693 2400 835 2484 γενητῶν
858 2398 1064 2480 νομίζεσθαι,
1089 2391 1173 2462 ἀλλὰ
1194 2394 1319 2479 τὰμὲν
1341 2393 1425 2460 άλλα

196 2495 308 2562 πάντα
336 2503 472 2581 κτίσμα,
501 2496 559 2563 τὸν
588 2498 623 2564 δὲ
653 2496 749 2583 λόγον
777 2498 879 2582 μόνον
902 2498 936 2565 ἐκ
958 2503 1015 2564 τοῦ
1039 2497 1166 2584 πατρὸς
1189 2495 1423 2566 πιστεύεσθαι.

195 2592 255 2686 κᾷν
278 2598 338 2684 γάρ
362 2600 395 2666 ἐκ
417 2603 475 2664 τοῦ
498 2601 582 2666 θεοῦ
605 2599 646 2665 τά
668 2600 778 2665 πάντα
800 2602 961 2687 1’λέγηταη
987 2595 1055 2665 ἀλλ’
1082 2599 1199 2678 άλλως,
1223 2593 1244 2686 ἢ
1267 2594 1314 2678 ῶς
1335 2599 1425 2666 ἔστιν

197 2694 319 2779 όυίός,
345 2701 480 2788 ε’ίρηται.
526 2699 568 2766 τὰ
590 2702 649 2784 μὲν
671 2700 732 2787 γάρ
755 2709 933 2785 κτίσματα,
966 2700 1021 2767 διὰ
1044 2700 1147 2787 τὸμὴ
1172 2695 1257 2767 εἶναι
1278 2701 1348 2787 εἰκῆ
1370 2700 1425 2766 καί

197 2799 232 2868 ἐκ
253 2803 471 2886 ταυτομάτου,
494 2804 577 2890 μηδὲ
598 2803 682 2869 κατὰ
703 2803 800 2890 τύχην
823 2803 906 2885 ἔχειν
929 2802 986 2890 τὴν
1001 2809 1137 2887 γένεσιν,
1161 2802 1264 2869 θκατά
1277 2801 1357 2881 τοὺς
1373 2803 1425 2868 λέ-

196 2926 315 2986 γοντας
345 2903 379 2983 ἐξ
407 2900 540 2987 ἀτόμων
568 2908 760 2992 συμπλοκῆς
788 2907 842 2971 καὶ
872 2900 1095 2990 ὁμοιομερῶν,
1120 2899 1160 2989 ίῆ
1182 2901 1228 2983 ῶς
1250 2930 1337 2983 τινες
1359 2908 1426 2970 τῶν

198 3003 370 3088 αίρετικῶν
394 3002 494 3072 ἄλλον
517 3006 714 3093 δημιουργὸν
730 3009 889 3092 λέγουσιν,
913 3000 934 3090 ῆ
950 3001 994 3084 ῶς
1009 3005 1112 3072 πάλιν
1126 3003 1222 3072 ἄλλοι
1239 3001 1308 3072 ύπό
1326 3032 1425 3073 τινιυν

110 3125 189 3172 σου.
198 3098 342 3188 ἀγγέλων
371 3106 521 3190 λέγουσιν
550 3102 635 3174 εἶναι
663 3109 809 3194 τὴντῶν
832 3107 967 3173 πάντων
990 3105 1166 3187 σύστασιν,
1196 3102 1264 3173 ἀλλ’
1291 3103 1345 3174 ότι
1366 3111 1424 3174 τοῦ

195 3208 282 3271 θεοῦ
306 3203 401 3284 ὄντος
422 3206 464 3274 τά
486 3208 596 3274 πάντα
618 3204 695 3294 παρ’
721 3203 821 3274 αὐτοῦ
845 3208 901 3275 διὰ
922 3211 981 3274 τοῦ
1004 3208 1103 3294 λόγον
1126 3204 1183 3274 οῦκ
1207 3205 1287 3276 ὅντα
1300 3208 1425 3293 πρότε-

196 3331 254 3392 ρον
278 3306 325 3385 είς
345 3308 384 3373 τὸ
408 3303 492 3375 εἶναι
514 3315 633 3394 γέγονε,
658 3310 714 3377 διὰ
736 3314 834 3376 τοῦτο
857 3312 985 3397 ε’ίρηται
1005 3310 1044 3376 τὸ
1068 3310 1103 3377 ἐκ
1125 3313 1183 3377 τοῦ
1206 3312 1300 3378 θεοῦ.
1347 3305 1366 3375 ό
1389 3311 1424 3377 δέ

195 3408 308 3493 λόγος,
338 3408 413 3477 έπεὶ
433 3407 478 3497 μῆ
500 3416 621 3494 κτίσμα
643 3411 732 3478 ἐστίν
739 3463 747 3492 ,
778 3413 906 3500 εἴρηται
926 3414 981 3478 καὶ
1004 3411 1076 3479 ἔστι
1096 3412 1199 3497 μόνος
1220 3411 1256 3479 έκ
1275 3414 1335 3478 τοῦ
1357 3436 1426 3477 πα-

194 3509 285 3598 τρός,
310 3514 385 3597 οτῆς
413 3512 449 3578 δὲ
476 3510 631 3600 τοιαύτης
657 3515 807 3592 διανοίας
828 3513 1012 3601 γνώρισμα,
1043 3513 1081 3579 τὸ
1106 3508 1192 3580 εἶναι
1213 3514 1271 3579 τὸν
1294 3511 1368 3579 υίδν
1391 3512 1425 3578 ἐκ

194 3615 253 3699 τῆς
282 3606 397 3692 οῦσίας
423 3616 483 3680 τοῦ
512 3614 656 3715 πατρός·
685 3609 793 3682 ούδενὶ
815 3613 876 3701 γάρ
899 3618 965 3681 τῶν
987 3618 1129 3702 γενητῶν
1151 3611 1293 3700 ὑπάρχει
1314 3617 1424 3680 τοῦτο.

196 3709 310 3798 ἀμέλει
336 3714 378 3780 τά
405 3715 516 3783 πάντα
543 3711 645 3802 λέγων
674 3711 692 3782 ό
714 3717 851 3794 Παῦλος
873 3716 908 3783 ἐκ
929 3719 988 3782 τοῦ
1010 3720 1110 3797 θεοῦ,
1140 3711 1242 3794 εύθύς
1264 3715 1424 3802 ἐπήγαγε·

194 3818 249 3882 καὶ
272 3810 320 3895 εἷς
341 3816 452 3903 κύριος
470 3811 593 3905 Ἰησοῦς
614 3817 771 3904 Χριστός,
796 3813 843 3884 δι’
868 3806 907 3884 οῦ
921 3818 963 3884 τὰ
977 3817 1104 3898 πάντα,
1129 3818 1185 3885 ίνα
1200 3819 1289 3905 δείξῃ
1306 3820 1425 3893 πᾶσιν,

185 3912 250 3982 Ιότι
271 3915 370 3996 ἀλλος
391 3925 451 4002 μέν
474 3918 563 3985 ἐστιν
584 3915 605 4001 ό
628 3920 698 3999 υίὸς
719 3923 785 3986 τῶν
807 3919 943 3987 πάντων
964 3923 1032 3987 τῶν
1054 3919 1088 3987 έκ
1109 3922 1168 3986 τοῦ
1189 3922 1275 3986 θεοῦ
1290 3923 1425 4005 γενομέ-

194 4039 276 4084 νων·
299 4017 341 4084 τὰ
361 4019 423 4105 γὰρ
446 4019 480 4086 έκ
502 4023 561 4086 τοῦ
584 4024 668 4087 θεοῦ
689 4020 847 4106 γενόμενα
870 4021 927 4088 διὰ
949 4022 1021 4087 υἱοῦ
1043 4027 1171 4107 γέγονε·
1194 4023 1253 4105 τῆς
1275 4019 1312 4086 δέ
1328 4019 1426 4106 δημι-

266 4192 289 4253 1)
311 4193 331 4243 l.
350 4192 407 4242 Cor.
425 4193 449 4254 8,
468 4193 492 4242 6.
562 4194 588 4252 2)
607 4193 630 4242 2.
648 4193 703 4242 Car.
723 4195 747 4254 5,
770 4194 806 4242 17.
822 4193 861 4244 18.

230 4325 251 4358 a.
275 4310 368 4360 videsis
392 4310 468 4373 Epist.
493 4311 521 4359 ad
540 4312 664 4360 Africanos
690 4308 738 4374 [nr.
758 4311 781 4360 5.
869 4312 891 4359 b.
911 4311 951 4360 Sic
969 4312 1024 4373 fleg.
1054 4310 1098 4359 ΑΙίί
1118 4325 1172 4358 aera
1192 4318 1214 4359 εῑ
1232 4310 1289 4360 edili
1308 4305 1423 4374 λέγεται.

195 4376 439 4495 βερηιθ.ωειὲ.ΰβευῃιιῑ.ωΤ.
458 4377 476 4426 Ι.
502 4378 527 4427 Ρ.
547 4379 576 4427 ΙΙ.
595 4394 619 4442 p.
632 4375 718 4442 8⁹54,
742 4379 782 4427 ubi
870 4396 890 4427 a.
911 4379 1038 4442 Epicurus,
1057 4379 1217 4439 Anaxagoras.
