2948 5092
445 249 563 295 conam
575 251 794 295 aeomrmmurr
809 251 898 299 mnu
912 252 945 295 u.
1239 242 1302 306 913

72 409 174 468 moris
197 410 269 464 erat.
312 401 474 481 Postquam
497 410 593 463 autem
616 400 671 464 llei
691 401 861 463 mandatum
883 413 1171 481 transgressorem,
1203 409 1234 469 in
1256 408 1388 472 tri-m.

76 509 174 570 tiosos
196 505 299 584 lapsus
323 514 370 564 est
393 504 597 583 cogitationes,
612 522 681 565 'non
704 503 783 583 quod
805 503 884 564 Deus
906 503 970 564 illas
993 504 1206 582 cogitationes,
1229 528 1304 588 qnae

73 627 135 671 nos
157 607 188 667 in
211 605 406 685 captivitatem
428 606 575 684 redigunt,
598 605 773 676 condiderit,
797 604 850 665 sed
872 605 951 682 quod
973 605 1107 668 diabolus
1123 608 1225 669 fraude
1240 609 1304 673 illus

72 710 108 772 in
131 707 267 772 rationali
296 707 449 768 hominum
478 716 581 769 natura
610 707 641 768 in
668 705 920 786 praevaricatione
949 707 1109 768 constituta
1139 718 1168 790 et
1196 728 1212 770 a
1239 709 1303 772 Deo

72 810 199 890 expulsa
220 808 304 888 quasi
328 808 457 869 alienum
479 827 581 869 semen
603 807 762 873 induxerit.
785 807 826 868 ita
848 817 880 867 ut
901 806 1036 868 diabolus
1064 808 1160 887 legem
1175 812 1303 890 peccati

71 912 109 974 in
130 920 233 973 natura
255 909 386 971 hominis
409 909 596 971 constituerit
618 928 733 989 unaque
757 916 895 982 mortem,
922 927 995 987 quae
1017 926 1071 988 per
1093 928 1168 988 opus
1191 913 1303 990 peccati

72 1013 109 1074 in
130 1013 179 1073 itta
201 1012 383 1073 dominatum
407 1019 550 1073 exerceat.
594 1010 740 1085 Quocirca
761 1012 842 1072 venit
855 1011 947 1072 Filius
963 1010 1026 1080 Dei.
1048 1020 1081 1072 ut
1103 1012 1199 1072 solvat
1213 1032 1304 1093 opera

73 1113 197 1176 diaboli.
241 1113 300 1175 Sed
323 1113 455 1174 instatis:
484 1113 568 1187 „lam
590 1113 693 1186 solvit,
717 1132 784 1174 cum
806 1130 866 1173 non
889 1114 1085 1191 peccaverit.“
1129 1116 1166 1173 At
1188 1133 1303 1193 nequa·

73 1233 165 1294 quam
187 1222 234 1275 est
255 1213 326 1275 illud
349 1222 500 1293 peccatum
523 1214 650 1275 solvere.
694 1215 795 1292 Neque
818 1214 896 1275 enim
919 1213 955 1274 ab
977 1214 1063 1274 initio
1091 1223 1243 1292 peccatum
1271 1216 1303 1280 iu

72 1316 127 1380 illo
151 1324 289 1396 operatus
312 1323 359 1377 est
380 1316 526 1389 diabolus,
548 1324 581 1377 ut
603 1316 739 1377 veniente
762 1315 858 1377 Verbo
881 1316 911 1376 in
934 1316 1075 1376 mundum
1099 1324 1128 1377 et
1149 1335 1209 1377 non
1230 1337 1302 1398 pec·

73 1427 162 1480 cante
183 1419 349 1479 solveretur
370 1426 540 1496 peccatum,
569 1416 622 1478 sed
645 1416 676 1478 in
698 1417 834 1479 rationali
858 1425 888 1478 et
908 1417 1095 1479 intellectuali
1118 1426 1222 1480 natura
1244 1402 1302 1480 lto}

72 1519 167 1582 minis
190 1538 244 1598 per
265 1518 417 1580 inductum
440 1537 541 1579 semen
564 1517 699 1580 diabolus
722 1528 875 1597 peccatum
902 1528 947 1579 est
969 1526 1118 1596 operatus.
1164 1519 1303 1598 Quapro-

71 1629 144 1700 pter
165 1620 350 1700 impossibile
371 1620 427 1682 luit
448 1629 570 1681 naturae
592 1620 743 1693 rationali,
776 1639 852 1699 quae
874 1638 926 1681 sua
950 1629 1056 1698 sponte
1078 1629 1250 1698 peccaverat
1270 1639 1306 1685 ac

72 1722 184 1784 mortis
207 1722 387 1784 damnationi
417 1721 546 1784 subiecta
569 1730 649 1795 erat,
679 1740 748 1782 sese
776 1721 806 1782 in
833 1721 999 1782 libertatem
1027 1739 1182 1794 revocare,
1211 1729 1244 1783 ut
1264 1721 1307 1784 ait

71 1823 253 1903 Apostolus:
277 1824 354 1885 Nom
376 1825 454 1904 qood
476 1823 660 1902 tmposst'tr'le
683 1833 749 1886 eret
774 1822 844 1901 leot,
874 1827 906 1884 tn
932 1842 989 1901 quo
1013 1822 1229 1902 infirmabatur
1248 1839 1306 1902 per

74 1944 210 1990 curnem.
254 1926 443 2005 Quapropter
464 1926 545 1986 venit
566 1925 632 2003 ipse
653 1923 707 1985 Dei
728 1923 831 1996 Filius,
854 1931 887 1984 ut
908 1942 972 1984 eam
995 1923 1025 1984 iu
1048 1931 1153 1984 ustura
1176 1941 1229 1984 sua
1250 1941 1306 2003 per

71 2045 182 2089 novam
206 2026 349 2105 originem
374 2035 403 2086 ει
426 2026 587 2088 mirabilem
611 2026 832 2105 generationem
854 2032 1044 2086 restauraret.
1082 2025 1148 2085 Non
1164 2044 1223 2102 quo
1239 2043 1388 2090 camuros.

72 2146 152 2208 quae
173 2127 210 2188 ab
232 2127 315 2189 initio
339 2129 412 2188 lacta
434 2136 497 2189 erat
519 2127 763 2189 constitutionem
786 2125 948 2197 divideret,
972 2124 1025 2185 sed
1048 2144 1106 2203 quo
1130 2143 1303 2203 super-se-

71 2228 215 2292 minatam
238 2228 460 2306 abrogationem
483 2228 649 2307 abrogaret,
670 2235 704 2289 nt
725 2234 848 2288 testatur
870 2226 1018 2304 Propheta
1042 2225 1159 2286 dicens:
1193 2226 1305 2289 Prius-

72 2349 164 2414 quam
187 2341 346 2411 cognoscat
370 2330 525 2410 parvulus
556 2331 665 2392 tonum
687 2329 735 2390 vel
755 2328 883 2399 arulum,
917 2328 1063 2406 reprobet
1093 2326 1239 2388 molitiem
1267 2326 1307 2390 ml

71 2433 245 2512 elipandum
267 2433 387 2494 tonum.
432 2431 519 2503 Quod
543 2432 568 2492 si
592 2432 622 2492 in
644 2439 758 2500 natura,
781 2447 856 2507 quae
871 2435 1052 2506 peccaverat,
1075 2427 1304 2505 impeccabilitate

71 2551 138 2595 non
160 2532 362 2612 apparuisset,
392 2551 445 2593 cur
466 2540 618 2611 peccatum
641 2531 671 2593 in
694 2549 781 2592 carne
804 2530 973 2590 damnatum
995 2539 1090 2600 esset,
1120 2547 1187 2589 cum
1209 2545 1305 2606 neque

73 2653 147 2696 caro
168 2634 279 2713 peccati
301 2643 396 2695 actum
412 2634 529 2707 habeat,
552 2652 648 2712 neque
662 2633 693 2695 in
709 2631 893 2693 divinitatem
908 2640 1059 2710 peccatum
1075 2626 1181 2690 eadat?
1204 2628 1304 2700 Quare

71 2734 238 2815 Apostolus
261 2734 346 2795 dicit:
373 2735 429 2798 uti
441 2735 606 2797 abundauit
625 2744 791 2815 peccatum,
813 2734 857 2794 tta·
876 2731 1135 2812 superabundavit
1151 2717 1304 2808 eiuratio,

71 2855 139 2900 non
160 2835 258 2898 locum
280 2836 429 2908 indicans,
453 2837 505 2897 sed
528 2843 664 2897 naturam
687 2831 880 2913 significans?
928 2833 966 2896 Ut
988 2836 1081 2902 sicut,
1115 2829 1226 2908 inquit,
1244 2846 1305 2908 per

72 2957 173 3000 unum
195 2937 342 2999 hominem
361 2950 517 3018 peccatum
539 2942 572 2999 in
593 2939 672 3001 lunc
693 2938 838 2998 mundum
860 2938 998 3009 introvit,
1025 2943 1052 2995 et
1071 2950 1129 3013 per
1147 2940 1306 3011 peccatum

73 3057 172 3110 mors,
195 3043 239 3100 ito
257 3057 316 3119 per
337 3057 433 3100 noum
455 3039 600 3101 hominem
622 3039 723 3102 lesum
747 3038 900 3100 Christum
926 3038 1029 3114 pretio
1051 3042 1156 3112 reputt
1175 3049 1234 3112 per
1254 3034 1305 3093 εἰε-

72 3144 192 3204 stt'tt'om
213 3146 247 3203 ιη
269 3143 361 3200 vt'tnm
383 3149 556 3215 aeternam,
578 3148 611 3200 ut
631 3158 686 3220 per
707 3157 793 3216 quam
817 3145 950 3197 naturam
972 3142 1123 3214 peccatum
1147 3129 1305 3211 processit,

71 3259 132 3322 per
154 3242 278 3302 eandem
299 3240 429 3301 iustitiae
452 3242 602 3320 specimen
625 3241 762 3311 daretur,
790 3248 820 3299 et
847 3238 891 3299 sic
918 3239 1044 3299 humana
1067 3244 1171 3296 natura
1193 3254 1209 3296 a
1231 3250 1303 3313 pcc·

73 3349 143 3404 cato
164 3341 286 3403 liberata
309 3341 417 3403 diaboli
440 3361 531 3422 opera
553 3342 739 3404 solverentur
761 3340 881 3417 Deoque
903 3339 997 3418 gloria
1018 3338 1148 3399 daretur.

165 3647 194 3707 7.
237 3647 275 3704 Αι
296 3663 414 3705 rursum
437 3643 550 3705 dicitis:
580 3643 636 3716 „si
658 3643 750 3704 homo
773 3649 817 3703 est
839 3640 992 3713 Christus,
1015 3655 1085 3717 pars
1109 3637 1165 3720 eu't
1186 3606 1304 3712 mundi}

76 3763 176 3824 „pars
198 3753 297 3807 autem
320 3746 422 3807 mundi
443 3745 586 3807 mundum
609 3745 722 3808 salvum
745 3745 841 3804 lacere
863 3741 995 3821 nequit.“
1035 3737 1205 3801 Olallaciae
1220 3755 1305 3798 com-

112 3932 135 3980 d.
160 3932 200 3981 Sic
224 3932 321 3992 Seguer.
347 3931 443 3980 Goltler.
472 3938 495 3979 et
512 3931 618 3980 Felclm.
643 3931 665 3978 l.
717 3920 982 3994 ὑπερεπερίσσευσεν.
1036 3924 1099 3971 Editi
1131 3936 1185 3971 voro
1217 3929 1240 3971 et
1264 3919 1304 3969 alii

73 4000 140 4049 Editi
151 4007 228 4048 autem
242 3992 287 4046 διὰ
300 3992 407 4065 σαρκὸς,
423 3991 558 4045 &succiso
577 3983 664 4056 ἦλθεν.
717 3988 951 4060 ὖπεπερίσσευσεν.
1002 3990 1053 4039 llox
1083 3990 1182 4050 Seguer.
1208 3987 1306 4036 Gobler.

74 4067 150 4146 rpus
163 4067 260 4117 Gobler.
284 4074 309 4116 ει
327 4067 430 4116 Felclm.
443 4067 465 4115 l.
484 4075 514 4115 ει
525 4066 548 4114 5.
567 4062 666 4133 νεαρᾶς
716 4062 807 4123 lngtic.
828 4071 851 4111 et
868 4061 973 4111 Felclm.
993 4059 1015 4107 1.
1034 4048 1066 4106 ori
1084 4049 1170 4104 τόπον
1186 4047 1307 4122 ὑπογρά-

75 4148 172 4199 αρχης,
336 4174 353 4205 .
718 4143 790 4194 (porr.

153 4234 466 4361 arsamum:
485 4241 508 4282 ι
643 4233 665 4282 ¹·
718 4197 889 4323 asarta
902 4189 1305 4312 ³tatrutlrnlrla·.t:

379 4404 384 4412 ¹
718 4333 793 4410 ljuulo
806 4343 868 4410 post
886 4333 984 4391 Seguer.
1008 4321 1233 4392 ἰλευθερουμένης
1256 4318 1306 4384 τῆς

112 4405 128 4453 l.
148 4404 306 4466 SicSeguer.
342 4403 403 4453 Edrti
422 4412 445 4453 et
463 4395 663 4467 ιιιίἆμαρτίας.
718 4399 876 4464 ανθρωπου.
915 4396 1176 4448 noctemnoctem.
1198 4383 1307 4445 [ἔλευ-

74 4472 152 4524 Ρειιιο
169 4481 228 4538 post
244 4475 344 4534 segon.
363 4471 460 4524 Goblor.
485 4481 508 4521 ει
526 4470 632 4522 Fclckm.
644 4469 665 4518 l.
717 4462 887 4532 θερωθείσης
903 4463 951 4524 τῆς
968 4455 1152 4530 ἀνθρωπίνης.

109 4560 239 4605 lamnam
249 4569 302 4603 σεε.
312 4568 383 4602 noun.
396 4568 445 4601 ιιι..
583 4579 589 4594 ·
1068 4547 1101 4598 58
