2948 5092
96 224 137 284 50
498 230 524 273 s.
539 230 693 274 ιτειαιειι
707 229 930 273 ιιιιιιιεειευοει

9 387 154 449 mco&
178 383 286 468 λόγου,
310 376 415 457 οῦτιος
438 377 562 456 εἰκόνος
583 371 684 443 αῦτοῦ
707 373 802 455 ῦντος
824 375 857 442 ἐν
880 370 968 463 αῦτῶ
991 375 1128 463 ἐκτίσθη
1144 380 1187 446 τὰ
1202 379 1324 449 πάντα

96 482 201 562 οῦτιις
224 485 259 549 δέ
281 507 332 560 τις
353 485 431 566 περί
453 484 511 545 τοῦ
534 486 647 565 κυρίου
670 477 910 561 διανοούμενος,
933 473 971 544 οῦ
994 480 1183 565 προςκόιβει
1204 486 1252 569 τῷ
1275 484 1325 550 λί-

95 594 150 672 θφ
173 589 231 651 τοῦ
255 582 553 670 προςκόμματος“),
578 575 662 645 ἀλλά
682 581 807 663 μᾶλλον
830 578 1028 665 πορεῦσεται
1051 580 1137 666 πρὸς
1158 583 1219 668 τὴν
1242 583 1325 669 λάμ-

95 702 159 773 ψιν
180 693 352 752 κατέναντι
372 688 431 750 τοῦ
454 681 566 770 φωτός
587 685 645 767 τῆς
667 676 841 767 ἀληθείας·
865 685 962 746 τοῦτο
983 682 1045 766 γὰρ
1061 679 1165 762 όντως
1181 685 1254 751 ἐστὶ
1268 690 1324 773 τῆς

96 786 276 876 ’ἀληθείας
308 786 347 852 τό
384 784 551 873 φρόνημα,
587 777 646 869 κᾷν
675 782 896 866 διαρῥαγῶσιν
927 772 1020 848 οῦτοι
1048 786 1319 870 φιλονεικοῦντες,

94 890 178 978 μήτε
199 887 256 955 τόν
278 887 361 954 θεὸν
384 885 570 972 σεβόμενοι,
600 882 682 970 μήτε
702 882 780 961 τοὺς
802 882 836 948 ἰκ
857 888 924 949 τῶν
947 880 1150 965 ἀποδείξεων
1173 887 1320 973 ἐλέγχους

96 990 339 1078 ἐντρεπόμενοι.

184 1100 232 1161 18.
282 1092 324 1158 Οί
350 1093 409 1175 μέν
433 1078 489 1154 οῦν
512 1087 588 1172 περὶ
610 1080 770 1169 Εὖσέβιον
793 1084 899 1165 οὕτως
921 1086 1146 1172 ἐξεταζόμενοι
1168 1088 1246 1156 τότε
1267 1091 1319 1156 διὰ

95 1194 231 1262 πολλῶν
253 1197 307 1261 καλ
329 1189 540 1276 καταγνόντες
561 1186 696 1266 ἑαυτῶν,
719 1188 811 1254 καθὰ
834 1201 1009 1274 προεῖπον,
1034 1185 1245 1277 ὑπέγραψαν,
1267 1194 1317 1258 καί

96 1295 310 1383 μεταγνόντες
331 1289 495 1381 ἠρέμησαν
516 1291 570 1355 καί
594 1283 809 1376 ἀνεχώρησαν.
856 1291 971 1378 ἐπειδὴ
995 1292 1031 1358 δὲ
1047 1281 1141 1358 οῦτοι
1155 1293 1318 1360 νεανιευό·

95 1424 189 1484 μενοι
211 1402 284 1474 ταῖς
306 1388 472 1477 ἀσεβείαις
493 1392 546 1456 καὶ
570 1392 837 1470 σκοτοδινιῶντες
859 1396 935 1476 περί
958 1391 1016 1476 τὴν
1039 1388 1204 1481 ἀλήθειαν
1227 1391 1317 1489 οὐδὲν

96 1502 206 1584 ἕτερον
227 1493 248 1584 ἢ
269 1498 457 1581 κατηγορεῖν
479 1491 537 1579 τὴν
560 1490 698 1560 σύνοδον
721 1493 952 1579 ἐπιχειροῦσιν,
978 1494 1170 1561 εἰπάτωσαν
1193 1492 1273 1584 ἡμῖν
1287 1496 1317 1564 ἔκ

94 1606 203 1666 ποίεον
233 1593 326 1663 αότοὶ
356 1597 492 1682 γραφῶν
518 1593 701 1677 μαθόντες,
731 1590 752 1682 ἢ
779 1595 872 1681 παρὰ
899 1604 989 1675 τίνος
1009 1601 1075 1662 τῶν
1098 1592 1202 1682 ἁγίων
1225 1594 1317 1664 ἀκοά-

94 1724 223 1779 σαντες,
253 1695 547 1782 σνμπεφορήκασιν
576 1696 708 1775 ἑαυτοῖς
729 1697 887 1784 ῥημάτια,
918 1697 956 1762 τὸ
980 1698 1015 1778 ἐξ
1036 1694 1092 1765 οῦκ
1116 1696 1238 1779 όντων,
1266 1703 1316 1766 καὶ

93 1798 151 1868 οῦκ
171 1791 210 1886 ἦν
233 1803 312 1887 πρὶν
333 1802 490 1885 γεννηθῇ,
520 1801 575 1863 καὶ
608 1797 646 1863 τό
675 1789 714 1884 ἦν
736 1823 821 1865 ποτε
849 1795 905 1865 ὅτε
928 1795 985 1864 οῦκ
1007 1790 1061 1886 ἦν,
1090 1803 1144 1866 καί
1168 1801 1208 1866 τὸ
1231 1807 1317 1887 ι’τρε-

60 1890 63 1895 ·
91 1902 187 1982 πτόν,
210 1906 263 1969 καί
286 1900 325 1967 τὸ
347 1899 583 1986 προϋπάρχειν,
608 1903 661 1966 καί
684 1900 722 1965 τὸ
744 1899 909 1987 θελήματι
916 1952 924 1980 ,
950 1901 983 1967 ἰν
1006 1898 1056 1980 οἷς
1078 1901 1162 1969 κατὰ
1184 1907 1244 1969 τοῦ
1265 1929 1317 1969 κυ-

92 2013 165 2092 ρίου
188 2004 360 2084 παίζοντες
381 2002 637 2085 μυθολογοῦσιν.
683 1997 702 2066 ό
723 2004 783 2086 μὲν
805 2001 866 2087 γὰρ
888 2003 1048 2087 μακάριος
1063 2006 1202 2084 Παῦλος
1225 2005 1259 2072 ἐν
1280 2032 1315 2093 τη

92 2105 179 2192 πρὸς
203 2101 369 2190 Ἑβραίους
397 2110 497 2191 φησί·
529 2109 643 2169 πίστει
676 2107 813 2186 νοοῦμεν
842 2111 1063 2191 κατηρτίσθαι
1089 2105 1167 2184 τοῦς
1197 2107 1318 2186 αἰῶνας

92 2207 213 2294 ῥήματι
235 2209 327 2284 θεοῦ,
353 2204 399 2282 εἰς
421 2204 459 2269 τὸ
482 2203 541 2291 εμὴ
566 2204 599 2270 ἰκ
615 2204 877 2291 φαινομένωντὸ
891 2205 1096 2290 βλεπόμενον
1111 2211 1315 2292 γεγονέναθ).

92 2304 161 2375 ἀλλ’
187 2303 281 2374 οῦδὲν
302 2305 412 2372 κοινόν
435 2310 481 2391 τῶ
505 2306 590 2392 λόγῳ
613 2305 699 2390 πρὸς
719 2306 796 2384 τοὺς
819 2306 957 2384 αἰῶνας·
981 2302 1080 2384 αὐτὸς
1101 2308 1163 2394 γάρ
1187 2304 1316 2375 ίοτινό

92 2409 316 2497 προῦπάρχων
344 2407 431 2493 ἰπρὸ
459 2412 525 2472 τῶν
548 2407 693 2486 αἰώνων,
724 2403 771 2473 δι’
798 2398 836 2472 οῦ
858 2410 912 2473 καὶ
936 2409 967 2473 οἱ
990 2408 1107 2485 αἰῶνες
1128 2409 1317 2495 γεγόνασιν·

92 2512 127 2580 ἰν
149 2514 185 2579 δὲ
207 2515 252 2597 τῷ
275 2516 419 2594 Ποιμένι
439 2516 640 2595 γέγραπται·
671 2509 786 2596 ἐπειδὴ
808 2513 861 2575 καὶ
885 2514 983 2575 τοῦτο
1005 2517 1060 2576 καί
1081 2534 1135 2576 τοι
1155 2511 1202 2598 μὴ
1226 2506 1264 2578 όν
1286 2511 1318 2578 ἰκ

4 2624 83 2673 m.
91 2618 150 2681 τοῦ
172 2612 309 2691 κανόνος
330 2618 556 2699 προφέρουσι·
580 2615 733 2695 οπρῶτον
743 2611 878 2676 πάντων
890 2619 1080 2689 πίστευσον,
1105 2608 1157 2678 ότι
1170 2608 1317 2692 είςίστιν

92 2714 228 2794 ὃθεός,
262 2710 279 2779 ό
307 2713 349 2780 τά
372 2712 482 2779 πάντα
504 2721 617 2791 κτίσας
639 2717 693 2778 καὶ
715 2718 929 2796 καταρτίσας,
958 2716 1012 2778 καὶ
1035 2713 1182 2800 ποιήσας
1205 2714 1240 2782 ίκ
1262 2718 1317 2780 τοῦ

88 2818 133 2905 μὴ
167 2815 261 2895 ἰόντος
295 2816 341 2894 είς
368 2815 406 2880 τὸ
435 2810 520 2882 εἶναι
547 2814 589 2880 τὰ
618 2814 736 2880 πάντα.
783 2809 867 2879 ἀλλὰ
894 2817 947 2880 καὶ
976 2819 1074 2880 τοῦτο
1096 2817 1202 2883 πάλιν
1225 2812 1317 2884 οῦδὲν

82 2920 175 3006 ’πρὸς
201 2918 259 2984 τὸν
287 2917 358 2984 υἱόν
386 2917 473 2983 ἐστι·
507 2919 585 3002 περὶ
612 2915 673 3001 γὰρ
702 2919 767 2982 τῶν
790 2915 925 2981 πάντων
948 2917 1033 2999 λε’-γει
1055 2921 1121 2982 τῶν
1131 2902 1192 2984 νεἰτ’
1218 2914 1317 2985 αὐτοῦ

88 3026 279 3107 γενομένων,
304 3009 349 3084 ῶν
372 3021 424 3083 καί
449 3016 549 3096 ἀλλος
571 3018 659 3084 ἐστὶν
683 3014 797 3095 αάτός·
821 3013 857 3082 οῦ
873 3017 935 3102 γὰρ
951 3013 1022 3084 οἶόν
1037 3044 1073 3084 τε
1087 3019 1145 3085 τὸν
1160 3022 1317 3108 δημιουρ

88 3126 209 3209 γοῦντα
231 3133 302 3199 τοῖς
324 3114 378 3184 ὑπ’
405 3114 505 3184 αὐτοῦ
528 3126 717 3203 γενομένοις
740 3127 1036 3204 συγκαταριθμεῖν,
1066 3120 1094 3186 εἰ
1115 3121 1160 3208 μὴ
1183 3125 1238 3188 καὶ
1262 3122 1316 3188 τόν

90 3219 300 3309 ἀρχιτέκτονα
323 3232 394 3299 τοῖς
416 3216 471 3285 ἀπ’
497 3216 598 3286 αὐτοῦ
620 3227 808 3305 γενομένοις
830 3220 1073 3308 οἰκοδομήμασι
1087 3222 1145 3287 τὸν
1161 3219 1263 3289 αὐτόν
1279 3222 1316 3290 ἀν

85 3350 139 3404 τις
160 3327 387 3411 παραφρονῶν
411 3324 508 3406 λέγοι.
555 3324 645 3389 όιατί
665 3332 775 3389 τοίνυν
798 3317 967 3410 ἀγράφους
990 3319 1082 3389 αὐτοὶ
1106 3325 1212 3403 λέξεις
1232 3324 1317 3411 πρὸς

89 3422 242 3511 ἀσέβειαν
266 3423 474 3512 ἐφευρόντες,
500 3423 674 3490 αἰτιῶνται
695 3422 772 3502 τοὺς
792 3419 974 3511 ’ἀγράφοις
996 3426 1121 3505 λέξεσιν
1144 3423 1317 3515 εῦσεβοῦυ-

86 3552 164 3609 τας,·
197 3527 236 3592 τό
256 3527 317 3611 μὲν
338 3526 399 3611 γὰρ
423 3521 555 3609 ἀσεβεῖν
576 3527 749 3604 παντελῶς
769 3525 964 3604 κεκῶλυται,
988 3521 1048 3612 κᾷν
1070 3529 1240 3608 ποικίλοις
1261 3527 1316 3616 ρή-

87 3653 170 3713 μασι
192 3629 245 3693 καὶ
268 3633 433 3705 πιθανοῖς
456 3634 645 3714 σοφίσμασι
666 3627 879 3712 περιβάλλειν
902 3623 983 3693 αῦτό
1005 3654 1056 3706 τις
1079 3628 1246 3717 ἐπιχειρῇ·
1277 3629 1314 3695 τό

88 3731 124 3797 δὲ
147 3725 293 3815 εῦσεβεῒν
322 3726 415 3795 όσιον
443 3728 536 3815 παρὰ
569 3733 674 3796 πᾶσιν
704 3726 927 3818 ὡμολόγηται,
957 3725 1017 3817 κάν
1040 3730 1243 3811 ξενιζοῦσαις
1266 3734 1316 3798 λέ-

86 3834 158 3912 ξεσί
179 3857 230 3909 τις
249 3831 424 3918 χρήσηται,
455 3832 516 3909 ἕως
537 3831 639 3914 μόνον
663 3827 681 3896 ό
704 3833 805 3917 λέγων
829 3826 959 3917 εῦσεβές
980 3833 1069 3914 *ἔχοι
1089 3832 1128 3897 τὸ
1152 3833 1314 3921 φρόνημα,

83 3933 142 4000 καὶ
171 3928 218 3999 δι’
245 3928 368 4012 αὐτῶν,
401 3931 600 4018 ὃνενόηκεν,
626 3928 769 4020 εῦσεβῶς
789 3933 946 4019 βούλεται
967 3940 1146 4021 σημαίνειν.
1192 3933 1315 4019 τὰμὲν

156 4122 180 4183 1)
199 4123 267 4170 Rom.
286 4121 311 4179 9,
330 4121 370 4171 32.
441 4122 466 4183 2)
486 4124 557 4173 Ιίυλιυ.
579 4124 618 4182 11,
638 4123 661 4173 3.

120 4271 142 4305 τ.
163 4257 217 4317 Ιέες.
237 4249 379 4318 εῦσεβείας.
728 4259 796 4322 prius
815 4274 844 4306 εο
863 4258 974 4315 eximere,
993 4274 1021 4306 σε
1039 4258 1143 4322 donique
1161 4261 1257 4310 εΡσίτε
1268 4275 1317 4310 non

119 4323 143 4372 b.
158 4324 251 4387 Nempe
263 4326 341 4373 Ariani
360 4325 486 4380 docebant,
505 4327 606 4375 Verbum
621 4341 675 4375 esse
729 4335 812 4375 natura
832 4327 873 4374 sed
892 4327 1012 4374 υοΙιιαιιιε
1031 4341 1085 4374 esse
1105 4329 1261 4387 productum,
1280 4329 1318 4378 id-

84 4392 209 4441 mulabills
229 4401 337 4448 naturae,
358 4394 387 4441 ila
408 4402 433 4442 ιιι
451 4409 478 4441 ει
496 4393 525 4442 τό
538 4396 626 4442 bonum
639 4394 673 4442 υυΙ
728 4409 774 4458 qne
793 4394 841 4441 inis
861 4394 958 4441 vocibus
977 4394 1133 4452 significatur.

83 4458 174 4508 malum
201 4468 285 4524 posset
312 4469 465 4522 convertere3
492 4461 587 4511 Patrem
614 4463 672 4511 item
759 4476 780 4510 ε.
799 4461 840 4511 Sic
858 4461 914 4523 Reg.
934 4469 959 4509 αι
977 4462 1076 4510 ιιθτιι.
1097 4461 1128 4511 λι
1146 4463 1317 4515 incarnatione

20 4662 155 4794 ἱ
