2948 5092
190 228 233 293 48
590 241 619 285 ε.
632 240 785 286 mansu
800 237 1025 283 ιιιωιιεειειοει

104 389 297 475 κικκοπὴν
319 382 420 455 αῦτοῦ
444 393 605 475 σημαίνει,
628 386 685 453 καὶ
706 380 743 453 οῦ
765 385 860 471 μεῖόν
883 385 956 452 ἐστι
976 387 1042 451 τῶν
1064 390 1236 470 προτέρων
1250 382 1420 451 καὶτοῦτο

189 489 229 556 τό
251 484 411 577 ἀσέβημα.
455 488 513 554 τὸν
534 487 597 574 γάρ
620 486 654 554 έν
675 489 722 573 τῷ
744 489 847 572 πατρί
871 483 961 564 όντα,
985 485 1019 553 έν
1042 474 1069 572 ᾧ
1090 485 1145 552 καὶ
1168 481 1186 550 ό
1208 483 1319 572 πατήρ
1336 484 1418 564 ἔστι,

188 591 246 657 τόν
270 592 422 684 λέγοντα·
446 587 509 674 ἐγὼ
531 591 586 656 καὶ
610 583 628 654 ό
651 586 761 674 πατὴρ
784 587 818 654 ἓν
842 587 984 671 ἒσμεν“),”
1004 584 1041 653 ὃν
1062 585 1118 653 καὶ
1141 582 1158 652 ό
1182 585 1336 672 ἑωρακὼς
1359 586 1420 654 ἑώ-

188 717 267 779 ρακε
298 690 356 758 τόν
389 692 565 774 πατέρα’),
598 683 787 774 ’ὀνομάζειν
820 684 887 754 ῦπό
916 712 1006 767 τινος
1034 688 1160 768 ἔξωθεν
1187 689 1418 773 βελτιοῦσθαι,

189 796 302 861 πᾶσαν
331 788 532 879 ὑπερβάλλει
558 798 689 875 μανίαν.
735 784 820 856 ἀλλὰ
846 789 972 856 τούτων
1003 788 1235 869 ἐκπίπτοντες,
1258 789 1419 857 καὶκατὰ

189 893 267 972 τοὺς
294 891 375 978 περὶ
393 888 557 979 Εῦσέβιον
585 888 652 958 ὑπὸ
675 893 802 977 πολλῆς
824 889 1034 974 συνεχόμενοι
1055 893 1112 977 τῆς
1135 885 1289 975 ἀπορίας,
1313 890 1418 959 έκεῖνο

190 994 311 1061 λοιπὸν
335 993 464 1076 ἔχουσιν
485 990 761 1077 ὑπολειπόμενον,
785 991 803 1058 ὃ
825 991 881 1058 καὶ
903 992 937 1059 έν
958 986 1136 1079 ᾇοματόοις
1151 989 1285 1078 ’Ἀρειυς
1305 992 1364 1060 καὶ
1385 992 1418 1061 ἐν

189 1098 229 1184 τῇ
252 1095 369 1163 ἑαυτοῦ
392 1095 524 1182 ιΘαλία
546 1090 592 1173 ιῦς
614 1094 796 1180 έπαποριῦν
809 1095 1009 1179 μυθολογεῖ·
1031 1092 1177 1173 πολλοὺς
1192 1094 1287 1162 λαλεῖ
1301 1093 1419 1182 λόγους

130 1234 137 1249 1
191 1193 322 1276 όθεός.
367 1206 469 1263 ’ποῖον
493 1192 601 1264 αῦτιῦν
623 1194 688 1283 άρα
710 1197 853 1281 λέγομεν
866 1190 961 1280 ἡμεῖς
982 1193 1054 1261 υἱὸν
1076 1194 1132 1261 καὶ
1146 1194 1243 1281 λόγον
1257 1200 1417 1283 μονογενῆ

46 1302 53 1317 “
189 1301 248 1365 τοῦ
271 1297 417 1382 πατρός,·
450 1293 587 1385 ἀνόητοι
615 1296 670 1363 καὶ
697 1295 810 1364 πάντα
836 1297 963 1380 μᾶλλον
985 1289 1006 1382 ἢ
1027 1302 1236 1382 Χριστιανοὶ.
1282 1301 1418 1385 πρῶτον

189 1401 250 1484 μέν
270 1398 333 1485 γὰρ
354 1402 493 1465 τοιαῦτα
515 1399 689 1478 λαλοῦντες
710 1397 790 1483 περὶ
809 1400 903 1476 θεοῦ,
925 1401 1045 1482 μικροῦ
1068 1397 1137 1465 δεῖν
1160 1395 1346 1485 ἄνθρωπον
1361 1398 1418 1465 τὸν

32 1583 34 1589 Ι
190 1499 274 1567 θεὸν
295 1496 600 1586 ὑπολαμβάνουσιν,
624 1496 711 1567 οῦτω
727 1500 889 1566 λαλοῦντα
904 1498 960 1565 καὶ
973 1505 1226 1586 παραμείβοντα
1239 1498 1318 1579 τοὺς
1332 1524 1418 1588 προ·

41 1631 46 1646 “
105 1607 304 1686 νυκτέρους
321 1610 393 1680 τοῖς
410 1601 576 1686 δευτέροις
591 1600 711 1687 λόγοις,
734 1597 849 1686 ὥσπερ
871 1594 928 1667 οῦκ
946 1596 1122 1685 άρκοῦντος
1134 1600 1207 1680 ἑνός
1218 1600 1252 1668 ἐκ
1262 1605 1322 1669 τοῦ
1332 1604 1417 1669 θεοῦ

107 1774 112 1783 ,
190 1701 288 1788 λόγου
303 1705 417 1771 πᾶσαν
432 1701 490 1790 τὴν
506 1701 541 1769 έκ
555 1707 612 1769 τοῦ
629 1702 837 1790 βουλήματος
854 1705 913 1768 τοῦ
925 1701 1053 1788 πατρὸς
1065 1702 1278 1788 δημιουργίαν
1289 1702 1347 1770 καὶ
1359 1702 1417 1789 τὴν

189 1803 307 1870 τοότοο
320 1803 483 1889 πρόνοιαν
496 1806 691 1891 πληρῶσαι·
702 1804 741 1873 τὸ
753 1806 814 1889 μέν
826 1803 1040 1889 γὰρπολλοὺς
1056 1798 1156 1871 αῦτόν
1167 1805 1279 1870 λαλεῖν
1289 1803 1417 1890 λόγους,

191 1899 354 1973 άσθένεια
381 1909 447 1972 τῶν
476 1905 611 1973 πάντων
634 1906 738 1986 ἐστίν,
762 1905 900 1973 ἑκάστου
923 1906 1122 1989 λειπομένου
1144 1908 1203 1993 τῆς
1223 1908 1282 1971 τοῦ
1305 1905 1417 1990 ἑτέρου

189 2012 315 2091 χρείας·
337 2005 377 2072 τό
399 2006 435 2073 όὲ
458 2005 507 2073 ἑνὶ
528 2010 710 2096 κεχρῆσθαι
730 2005 817 2094 λόγῳ
839 2004 897 2074 τόν
918 2005 1010 2086 θεόν,
1035 2002 1080 2084 ὠς
1093 2005 1149 2073 καὶ
1165 2007 1254 2075 ἔστιν
1270 2001 1416 2093 άληθῶς,

189 2110 288 2174 τοῦτο
311 2107 367 2174 καὶ
388 2110 446 2173 τοῦ
468 2112 553 2175 θεοῦ
575 2108 633 2195 τὴν
655 2107 794 2194 δύναμιν
810 2109 963 2189 δείκνυσι,
987 2107 1122 2174 καὶτοῦ
1145 2107 1181 2189 ἐξ
1201 2102 1302 2175 αῦτοῦ
1318 2108 1417 2195 λόγου

189 2207 248 2296 τὴν
268 2209 466 2296 τελειότητα,
491 2209 546 2275 καὶ
568 2213 650 2277 ετῶν
673 2206 760 2277 οῦτω
783 2208 994 2298 φρονούντων
1016 2209 1074 2296 τὴν
1098 2205 1214 2298 εὐσεβῆ
1231 2209 1373 2278 σόνεσιν.

277 2317 325 2377 17.
370 2312 457 2378 Εἴθε
486 2312 521 2377 δὲ
550 2309 606 2378 καὶ
627 2299 721 2377 οῦτοι
742 2305 801 2398 κᾷν
823 2311 859 2390 ἐξ
880 2300 925 2377 ὧν
949 2312 1082 2398 λέγουσι
1103 2314 1174 2390 νῦν,
1197 2310 1417 2399 ἐθελήσουσιν

191 2405 364 2496 ὁμολογεῖν
390 2410 449 2499 τὴν
478 2410 655 2497 ἀλήθειαν·
687 2412 716 2479 εί
741 2411 802 2498 γάρ
834 2409 927 2492 ἅπαξ
947 2412 1082 2479 όιόόασι
1103 2411 1161 2479 τὸν
1182 2411 1265 2480 θεὸν
1287 2418 1417 2501 προφέ-

190 2534 292 2597 ροντα
322 2512 455 2599 λόγους,
485 2515 599 2581 ἴσασιν
623 2509 709 2592 ῦλως
729 2509 830 2580 αὐτὸν
852 2520 996 2599 πατέρα·
1024 2518 1123 2581 τοῦτο
1141 2508 1182 2581 ’δέ
1203 2514 1418 2601 γινώσκοντες
1444 2512 1448 2519 ’

191 2621 430 2696 σκοπείτωσαν,
455 2611 509 2682 ότι
528 2615 573 2703 μὴ
598 2616 753 2694 θέλοντες
775 2616 832 2683 ἕνα
854 2614 985 2683 όιόόναι
997 2620 1055 2683 τοῦ
1071 2619 1154 2683 θεοῦ
1170 2615 1267 2701 λόγον
1282 2617 1417 2682 πολλῶν

191 2709 291 2781 αὐτὸν
313 2710 399 2783 εἶναι
420 2724 550 2804 πατέρα
572 2715 803 2806 φαντάζονται,
826 2716 941 2785 καὶτὸ
962 2719 1022 2801 μὲν
1045 2713 1131 2796 ὅλως
1153 2711 1239 2785 εἶναι
1257 2719 1317 2784 τοῦ
1333 2720 1417 2785 θεοῦ

189 2815 287 2901 λόγον
316 2813 352 2882 οῦ
382 2820 542 2887 θέλουσιν
565 2814 760 2906 άρνεῖσθαι,
789 2817 829 2885 τὸ
851 2819 887 2886 δὲ
910 2813 996 2886 εἶναι
1012 2823 1133 2909 τοῦτον
1156 2822 1214 2886 τοῦ
1236 2822 1321 2888 θεοῦ
1344 2813 1427 2886 υἱόν

191 2912 248 2998 οὐχ
277 2912 503 3004 ὁμολογοῦσιν.
550 2921 621 2988 ἔστι
652 2922 688 2987 δὲ
717 2924 814 2987 τοῦτο
843 2923 902 3007 τῆς
923 2914 1084 3008 ἀληθείας
1107 2914 1253 3005 άγνωσία
1274 2919 1417 2987 καὶτῶν

174 3010 296 3084 ’θείων
325 3025 461 3107 γραφῶν
490 3017 635 3106 άπειρία.
682 3021 711 3088 εί
738 3020 800 3108 γὰρ
829 3016 915 3100 ὅλως
938 3017 956 3089 ὃ
977 3021 1061 3101 θεὸς
1081 3021 1191 3110 πατήρ
1214 3019 1287 3089 έστι
1306 3020 1416 3108 λόγου,

191 3115 282 3183 όιατί
307 3120 351 3206 μὴ
381 3120 437 3186 καὶ
458 3118 476 3186 ό
501 3122 719 3207 λγεννώμενος
739 3121 812 3201 υλός
833 3121 940 3205 έστιν,·
974 3122 1045 3201 υἱὸς
1068 3123 1104 3188 όὲ
1126 3122 1228 3190 πάλιν
1249 3126 1309 3190 τοῦ
1330 3127 1416 3192 θεοῦ

189 3224 240 3298 τίς
268 3213 308 3285 άν
339 3220 404 3307 ε’ίη,
435 3216 616 3309 ἢόλόγος
637 3219 758 3307 αὐτοῦ,ο
788 3221 926 3311 καὶγὰρ
949 3217 987 3291 οῦ
1009 3223 1133 3291 πολλοὶ
1154 3224 1262 3310 λόγοι,
1291 3224 1349 3292 ἵνα
1369 3223 1415 3311 μὴ
1447 3285 1450 3291 .

190 3319 458 3410 ἕκαστοςένόεὴς
479 3314 525 3411 ἦῆ,
550 3319 635 3391 ἀλλὰ
658 3321 705 3406 εἷς
728 3320 746 3391 ό
768 3322 953 3412 λόγος’ἵνα
973 3327 1099 3405 τέλειος
1118 3325 1221 3410 μόνος
1235 3320 1345 3407 αῦτός,
1361 3325 1418 3395 καὶ

189 3416 242 3487 ὅτι
265 3422 337 3501 ἑνὸς
359 3420 454 3503 όντυς
475 3430 533 3492 τοῦ
555 3430 639 3492 θεοῦ
661 3434 741 3511 μίαν
765 3427 832 3494 ἔδει
853 3424 910 3494 καὶ
929 3422 1328 3512 τὴνεῖκόναελναιάῦτοῦ,
1343 3424 1417 3515 ἥτις

189 3521 280 3590 έστὶν
302 3521 321 3591 ό
345 3525 423 3604 υἱός.
468 3527 606 3614 καὶγὰρ
629 3526 648 3594 ό
670 3533 729 3595 τοῦ
753 3532 835 3596 θεοῦ
857 3528 938 3610 υἱός,
961 3525 1008 3607 ὡς
1029 3528 1065 3609 ἐξ
1086 3523 1193 3596 αῦτιῦν
1214 3525 1416 3617 τῶνλογίων

191 3624 263 3692 ἐστὶ
287 3632 429 3710 μαθεῖν,
460 3624 559 3708 αὐτός
588 3628 725 3700 ἐστινὸ
752 3633 812 3697 τοῦ
840 3633 924 3699 θεοῦ
954 3628 1051 3717 λόγος
1071 3630 1128 3698 καὶ
1147 3627 1167 3719 ἦ
1190 3636 1298 3718 σοφία
1317 3629 1376 3699 καὶ
1396 3627 1416 3716 ἡ

190 3726 285 3794 είκών
306 3727 362 3795 καὶ
382 3725 402 3814 ἡ
424 3730 493 3816 χεὶρ
515 3731 571 3798 καὶ
592 3728 611 3817 ἡ
635 3731 788 3816 όόναμις·
811 3735 846 3800 ἓν
867 3732 928 3818 γάρ
950 3722 1075 3799 έοτιτὸ
1090 3735 1149 3797 τοῦ
1163 3736 1247 3799 θεοῦ
1262 3730 1414 3820 γέννημα,

223 3998 369 4061 ’·1)Ιοαα.
391 4002 431 4063 10,
450 4003 491 4053 30.
562 4004 587 4063 2)
607 4007 670 4055 Ιοειι.
693 4007 731 4065 14,
750 4005 773 4055 9.

223 4114 254 4184 ι..
265 4135 322 4198 Reg.
341 4126 493 4202 ὀνομάζων.
826 4133 886 4189 ἔστι
904 4134 935 4188 δὲ
952 4132 1123 4258 διχαρακτὴρ
1142 4137 1190 4187 ταῦ
1200 4132 1416 4252 βιβλίοσγαῦνοι·

222 4203 246 4251 b.
267 4204 341 4252 Huius
360 4207 407 4255 Arii
432 4208 513 4269 operis
538 4208 646 4256 meminit
663 4207 777 4256 Socrates
827 4202 873 4255 καὶ
898 4203 972 4256 διαλε
988 4222 1025 4274 υμ
1040 4221 1099 4261 νος,
1126 4204 1184 4260 τοῖς
1200 4198 1369 4260 Σωταόεαις
1387 4198 1415 4269 ᾇ·

189 4270 375 4321 ΕειΙεείεειίιει
394 4274 510 4322 historiae
528 4275 570 4323 lib.
588 4275 606 4323 1.
626 4289 678 4337 cap.
697 4276 721 4324 9.
741 4271 777 4339 [p.
829 4288 915 4341 σμασι
924 4265 1261 4344 παραπλόσιος·ῦπερκαί
1271 4265 1415 4343 affirma

192 4336 233 4387 29.
253 4341 281 4387 ed
311 4337 440 4420 [¹⁰1¹dissfl·l
457 4343 494 4393 his
512 4344 607 4391 verbis:
633 4335 724 4389 ἰστὶιν
748 4337 778 4390 δὲ
829 4337 981 4403 ἧσάνοὸος
1005 4336 1174 4409 ἀπεκήρυξεν.
1213 4344 1239 4392 ld
1258 4348 1309 4392 est:
1335 4344 1414 4393 Scien-

191 4395 349 4488 ’ότιἎρειος
365 4405 472 4472 βίβλων
488 4405 675 4479 σννέγραψεπ
710 4404 778 4469 ίτῆς
830 4414 885 4463 dum
901 4419 948 4475 με
965 4413 1047 4477 βελοω
1073 4414 1157 4462 librum
1189 4413 1217 4460 σε
1240 4426 1284 4460 sua
1306 4413 1415 4474 opinione

189 4465 288 4523 ἑαυτου
309 4472 403 4537 δόξης,
436 4466 453 4525 ό
479 4468 621 4544 Μγραψε
649 4422 774 4528 Θάλειαν.
829 4472 994 4569 W
1013 4496 1080 4546 quem
1099 4481 1203 4532 Τλιίίισι
1219 4480 1354 4544 inscripsit,
1373 4495 1415 4532 ιν-
