<?xml version="1.0" encoding="UTF-8"?>
<!DOCTYPE html PUBLIC "-//W3C//DTD XHTML 1.0 Transitional//EN"
    "http://www.w3.org/TR/xhtml1/DTD/xhtml1-transitional.dtd">
<html xmlns="http://www.w3.org/1999/xhtml" xml:lang="en" lang="en">
 <head>
  <title>
</title>
<meta http-equiv="Content-Type" content="text/html;charset=utf-8" />
  <meta name='ocr-system' content='tesseract 3.04.00' />
  <meta name='ocr-capabilities' content='ocr_page ocr_carea ocr_par ocr_line ocrx_word'/>
</head>
<body>
  <div class='ocr_page' id='page_1' title='image "./sanctiathanasii02athagoog_0720.png"; bbox 0 0 2948 5092; ppageno 0'>
   <div class='ocr_carea' id='block_1_1' title="bbox 484 265 1304 342">
    <p class='ocr_par' dir='ltr' id='par_1_1' title="bbox 484 265 1304 342">
     <span class='ocr_line' id='line_1_1' title="bbox 484 265 1304 342; baseline 0.023 -32"><span class='ocrx_word' id='word_1_1' title='bbox 484 267 592 311; x_wconf 84' lang='lat' dir='ltr'><strong>omrro</strong></span> <span class='ocrx_word' id='word_1_2' title='bbox 609 267 646 310; x_wconf 84' lang='grc' dir='ltr'><strong>ιι.</strong></span> <span class='ocrx_word' id='word_1_3' title='bbox 664 267 779 342; x_wconf 63' lang='lat' dir='ltr'><strong>corrui</strong></span> <span class='ocrx_word' id='word_1_4' title='bbox 792 268 927 314; x_wconf 81' lang='lat' dir='ltr'><strong>muros.</strong></span> <span class='ocrx_word' id='word_1_5' title='bbox 1244 265 1304 328; x_wconf 77' lang='lat'><strong>621</strong></span> 
     </span>
    </p>
   </div>
   <div class='ocr_carea' id='block_1_2' title="bbox 30 419 1436 4227">
    <p class='ocr_par' dir='ltr' id='par_1_2' title="bbox 75 419 1436 605">
     <span class='ocr_line' id='line_1_2' title="bbox 75 419 1436 502; baseline 0.007 -18"><span class='ocrx_word' id='word_1_6' title='bbox 75 430 202 493; x_wconf 89' lang='lat' dir='ltr'><strong>nuntur,</strong></span> <span class='ocrx_word' id='word_1_7' title='bbox 225 438 317 482; x_wconf 91' lang='lat' dir='ltr'><strong>unum</strong></span> <span class='ocrx_word' id='word_1_8' title='bbox 339 438 409 481; x_wconf 90' lang='lat' dir='ltr'><strong>vero</strong></span> <span class='ocrx_word' id='word_1_9' title='bbox 433 426 512 491; x_wconf 89' lang='lat' dir='ltr'><strong>sunt,</strong></span> <span class='ocrx_word' id='word_1_10' title='bbox 537 427 682 498; x_wconf 88' lang='lat' dir='ltr'><strong>quatenus</strong></span> <span class='ocrx_word' id='word_1_11' title='bbox 704 419 847 498; x_wconf 77' lang='lat' dir='ltr'>splendor</span> <span class='ocrx_word' id='word_1_12' title='bbox 869 421 905 482; x_wconf 89' lang='lat' dir='ltr'><strong>ab</strong></span> <span class='ocrx_word' id='word_1_13' title='bbox 928 422 995 502; x_wconf 78' lang='lat' dir='ltr'><strong>igne</strong></span> <span class='ocrx_word' id='word_1_14' title='bbox 1011 434 1129 489; x_wconf 90' lang='lat' dir='ltr'><strong>estnec</strong></span> <span class='ocrx_word' id='word_1_15' title='bbox 1149 428 1186 489; x_wconf 90' lang='lat' dir='ltr'><strong>ab</strong></span> <span class='ocrx_word' id='word_1_16' title='bbox 1208 431 1393 493; x_wconf 70' lang='lat' dir='ltr'><strong>contuor.</strong></span> <span class='ocrx_word' id='word_1_17' title='bbox 1429 426 1436 441; x_wconf 66' lang='lat'>²</span> 
     </span>
     <span class='ocr_line' id='line_1_3' title="bbox 75 507 1145 605; baseline -0.002 -21"><span class='ocrx_word' id='word_1_18' title='bbox 75 523 139 585; x_wconf 85' lang='lat' dir='ltr'><strong>ridi</strong></span> <span class='ocrx_word' id='word_1_19' title='bbox 161 530 273 605; x_wconf 89' lang='lat' dir='ltr'><strong>potest.</strong></span> <span class='ocrx_word' id='word_1_20' title='bbox 1141 507 1145 513; x_wconf 64' lang='grc'>’</span> 
     </span>
    </p>

    <p class='ocr_par' dir='ltr' id='par_1_3' title="bbox 73 622 1308 812">
     <span class='ocr_line' id='line_1_4' title="bbox 167 622 1308 698; baseline 0.007 -10"><span class='ocrx_word' id='word_1_21' title='bbox 167 630 218 688; x_wconf 91' lang='lat'><strong>11.</strong></span> <span class='ocrx_word' id='word_1_22' title='bbox 264 623 341 685; x_wconf 89' lang='lat' dir='ltr'><strong>Sane</strong></span> <span class='ocrx_word' id='word_1_23' title='bbox 365 623 405 683; x_wconf 91' lang='lat' dir='ltr'><strong>illi</strong></span> <span class='ocrx_word' id='word_1_24' title='bbox 428 622 457 682; x_wconf 92' lang='lat' dir='ltr'><strong>in</strong></span> <span class='ocrx_word' id='word_1_25' title='bbox 481 622 605 683; x_wconf 89' lang='lat' dir='ltr'><strong>eandem</strong></span> <span class='ocrx_word' id='word_1_26' title='bbox 627 623 804 684; x_wconf 90' lang='lat' dir='ltr'><strong>dementiam</strong></span> <span class='ocrx_word' id='word_1_27' title='bbox 827 625 961 687; x_wconf 88' lang='lat' dir='ltr'><strong>incidunt</strong></span> <span class='ocrx_word' id='word_1_28' title='bbox 982 631 1138 692; x_wconf 78' lang='lat' dir='ltr'><strong>andriani.</strong></span> <span class='ocrx_word' id='word_1_29' title='bbox 1183 633 1256 696; x_wconf 90' lang='lat' dir='ltr'><strong>Nam</strong></span> <span class='ocrx_word' id='word_1_30' title='bbox 1279 643 1308 698; x_wconf 87' lang='lat' dir='ltr'><strong>ot</strong></span> 
     </span>
     <span class='ocr_line' id='line_1_5' title="bbox 73 725 1306 812; baseline 0.006 -23"><span class='ocrx_word' id='word_1_31' title='bbox 73 727 138 808; x_wconf 90' lang='lat' dir='ltr'><strong>ipsi</strong></span> <span class='ocrx_word' id='word_1_32' title='bbox 159 725 290 787; x_wconf 81' lang='lat' dir='ltr'><strong>Verbum</strong></span> <span class='ocrx_word' id='word_1_33' title='bbox 313 725 394 786; x_wconf 88' lang='lat' dir='ltr'><strong>aiunt</strong></span> <span class='ocrx_word' id='word_1_34' title='bbox 415 732 538 804; x_wconf 88' lang='lat' dir='ltr'><strong>propter</strong></span> <span class='ocrx_word' id='word_1_35' title='bbox 560 742 617 785; x_wconf 88' lang='lat' dir='ltr'><strong>nos</strong></span> <span class='ocrx_word' id='word_1_36' title='bbox 640 733 770 786; x_wconf 71' lang='lat' dir='ltr'><strong>cremum</strong></span> <span class='ocrx_word' id='word_1_37' title='bbox 794 744 872 799; x_wconf 88' lang='lat' dir='ltr'><strong>esse,</strong></span> <span class='ocrx_word' id='word_1_38' title='bbox 895 736 929 788; x_wconf 93' lang='lat' dir='ltr'><strong>ut</strong></span> <span class='ocrx_word' id='word_1_39' title='bbox 950 747 1006 790; x_wconf 89' lang='lat' dir='ltr'><strong>nos</strong></span> <span class='ocrx_word' id='word_1_40' title='bbox 1027 732 1165 794; x_wconf 87' lang='lat' dir='ltr'><strong>videlicet</strong></span> <span class='ocrx_word' id='word_1_41' title='bbox 1182 743 1306 812; x_wconf 87' lang='lat' dir='ltr'><strong>crearet,</strong></span> 
     </span>
    </p>

    <p class='ocr_par' dir='ltr' id='par_1_4' title="bbox 30 819 1374 2837">
     <span class='ocr_line' id='line_1_6' title="bbox 30 819 1305 911; baseline 0.008 -22"><span class='ocrx_word' id='word_1_42' title='bbox 30 902 37 911; x_wconf 31' lang='lat'>¹</span> <span class='ocrx_word' id='word_1_43' title='bbox 72 827 161 910; x_wconf 87' lang='lat' dir='ltr'><strong>qnasi</strong></span> <span class='ocrx_word' id='word_1_44' title='bbox 182 827 262 890; x_wconf 86' lang='lat' dir='ltr'><strong>Deus</strong></span> <span class='ocrx_word' id='word_1_45' title='bbox 290 836 424 888; x_wconf 88' lang='lat' dir='ltr'><strong>nostram</strong></span> <span class='ocrx_word' id='word_1_46' title='bbox 453 819 656 905; x_wconf 73' lang='lat' dir='ltr'><strong>exspectasset</strong></span> <span class='ocrx_word' id='word_1_47' title='bbox 682 827 878 902; x_wconf 79' lang='lat' dir='ltr'><strong>creationem,</strong></span> <span class='ocrx_word' id='word_1_48' title='bbox 912 838 945 889; x_wconf 85' lang='lat' dir='ltr'><strong>ut</strong></span> <span class='ocrx_word' id='word_1_49' title='bbox 970 831 1016 892; x_wconf 84' lang='lat' dir='ltr'><strong>rel</strong></span> <span class='ocrx_word' id='word_1_50' title='bbox 1046 835 1210 896; x_wconf 87' lang='lat' dir='ltr'><strong>secundum</strong></span> <span class='ocrx_word' id='word_1_51' title='bbox 1239 837 1305 900; x_wconf 85' lang='lat' dir='ltr'><strong>illos</strong></span> 
     </span>
     <span class='ocr_line' id='line_1_7' title="bbox 71 927 1303 1011; baseline 0.006 -19"><span class='ocrx_word' id='word_1_52' title='bbox 71 928 176 1010; x_wconf 85' lang='lat' dir='ltr'><strong>ipsum</strong></span> <span class='ocrx_word' id='word_1_53' title='bbox 200 927 363 1001; x_wconf 79' lang='lat' dir='ltr'><strong>emitteret,</strong></span> <span class='ocrx_word' id='word_1_54' title='bbox 395 927 441 988; x_wconf 92' lang='lat' dir='ltr'><strong>vel</strong></span> <span class='ocrx_word' id='word_1_55' title='bbox 463 927 626 988; x_wconf 89' lang='lat' dir='ltr'><strong>secundum</strong></span> <span class='ocrx_word' id='word_1_56' title='bbox 653 927 731 989; x_wconf 87' lang='lat' dir='ltr'><strong>istos</strong></span> <span class='ocrx_word' id='word_1_57' title='bbox 754 934 876 990; x_wconf 91' lang='lat' dir='ltr'><strong>crearet.</strong></span> <span class='ocrx_word' id='word_1_58' title='bbox 920 930 990 992; x_wconf 86' lang='lat' dir='ltr'><strong>Plus</strong></span> <span class='ocrx_word' id='word_1_59' title='bbox 1020 932 1109 1011; x_wconf 84' lang='lat' dir='ltr'><strong>igitur</strong></span> <span class='ocrx_word' id='word_1_60' title='bbox 1138 937 1225 997; x_wconf 89' lang='lat' dir='ltr'><strong>nobis</strong></span> <span class='ocrx_word' id='word_1_61' title='bbox 1250 939 1303 1000; x_wconf 85' lang='lat' dir='ltr'><strong>tri-</strong></span> 
     </span>
     <span class='ocr_line' id='line_1_8' title="bbox 70 1028 1303 1114; baseline 0.006 -20"><span class='ocrx_word' id='word_1_62' title='bbox 70 1030 172 1094; x_wconf 88' lang='lat' dir='ltr'><strong>buunt</strong></span> <span class='ocrx_word' id='word_1_63' title='bbox 192 1028 292 1092; x_wconf 77' lang='lat' dir='ltr'><strong>Ariani</strong></span> <span class='ocrx_word' id='word_1_64' title='bbox 314 1047 401 1108; x_wconf 90' lang='lat' dir='ltr'><strong>quam</strong></span> <span class='ocrx_word' id='word_1_65' title='bbox 423 1028 508 1089; x_wconf 83' lang='lat' dir='ltr'><strong>Filio.</strong></span> <span class='ocrx_word' id='word_1_66' title='bbox 552 1029 613 1091; x_wconf 88' lang='lat' dir='ltr'><strong>Nec</strong></span> <span class='ocrx_word' id='word_1_67' title='bbox 635 1028 713 1090; x_wconf 83' lang='lat' dir='ltr'><strong>enirn</strong></span> <span class='ocrx_word' id='word_1_68' title='bbox 735 1047 792 1091; x_wconf 89' lang='lat' dir='ltr'><strong>nos</strong></span> <span class='ocrx_word' id='word_1_69' title='bbox 814 1041 937 1109; x_wconf 91' lang='lat' dir='ltr'><strong>propter</strong></span> <span class='ocrx_word' id='word_1_70' title='bbox 958 1033 1049 1107; x_wconf 91' lang='lat' dir='ltr'><strong>illum,</strong></span> <span class='ocrx_word' id='word_1_71' title='bbox 1073 1030 1225 1114; x_wconf 75' lang='lat' dir='ltr'><strong>inquiunt,</strong></span> <span class='ocrx_word' id='word_1_72' title='bbox 1248 1039 1303 1101; x_wconf 87' lang='lat' dir='ltr'><strong>sed</strong></span> 
     </span>
     <span class='ocr_line' id='line_1_9' title="bbox 70 1130 1300 1212; baseline 0.006 -18"><span class='ocrx_word' id='word_1_73' title='bbox 70 1131 124 1194; x_wconf 87' lang='lat' dir='ltr'><strong>ille</strong></span> <span class='ocrx_word' id='word_1_74' title='bbox 145 1140 269 1212; x_wconf 91' lang='lat' dir='ltr'><strong>propter</strong></span> <span class='ocrx_word' id='word_1_75' title='bbox 290 1149 346 1192; x_wconf 87' lang='lat' dir='ltr'><strong>nos</strong></span> <span class='ocrx_word' id='word_1_76' title='bbox 367 1131 461 1192; x_wconf 87' lang='lat' dir='ltr'><strong>lactus</strong></span> <span class='ocrx_word' id='word_1_77' title='bbox 485 1140 541 1204; x_wconf 87' lang='lat' dir='ltr'><strong>est,</strong></span> <span class='ocrx_word' id='word_1_78' title='bbox 566 1130 591 1190; x_wconf 90' lang='lat' dir='ltr'><strong>si</strong></span> <span class='ocrx_word' id='word_1_79' title='bbox 614 1149 721 1211; x_wconf 86' lang='lat' dir='ltr'><strong>nempe</strong></span> <span class='ocrx_word' id='word_1_80' title='bbox 743 1130 853 1193; x_wconf 89' lang='lat' dir='ltr'><strong>idcirco</strong></span> <span class='ocrx_word' id='word_1_81' title='bbox 877 1140 994 1195; x_wconf 89' lang='lat' dir='ltr'><strong>creatus</strong></span> <span class='ocrx_word' id='word_1_82' title='bbox 1010 1144 1101 1197; x_wconf 89' lang='lat' dir='ltr'><strong>estet</strong></span> <span class='ocrx_word' id='word_1_83' title='bbox 1122 1138 1243 1211; x_wconf 85' lang='lat' dir='ltr'><strong>exstitit,</strong></span> <span class='ocrx_word' id='word_1_84' title='bbox 1266 1147 1300 1201; x_wconf 88' lang='lat' dir='ltr'><strong>ut</strong></span> 
     </span>
     <span class='ocr_line' id='line_1_10' title="bbox 68 1232 1301 1318; baseline 0.004 -22"><span class='ocrx_word' id='word_1_85' title='bbox 68 1251 130 1296; x_wconf 87' lang='lat' dir='ltr'><strong>nos</strong></span> <span class='ocrx_word' id='word_1_86' title='bbox 152 1232 233 1295; x_wconf 83' lang='lat' dir='ltr'><strong>Deus</strong></span> <span class='ocrx_word' id='word_1_87' title='bbox 255 1252 311 1313; x_wconf 89' lang='lat' dir='ltr'><strong>per</strong></span> <span class='ocrx_word' id='word_1_88' title='bbox 332 1252 400 1294; x_wconf 90' lang='lat' dir='ltr'><strong>eum</strong></span> <span class='ocrx_word' id='word_1_89' title='bbox 422 1241 545 1294; x_wconf 90' lang='lat' dir='ltr'><strong>crearet.</strong></span> <span class='ocrx_word' id='word_1_90' title='bbox 589 1233 627 1294; x_wconf 87' lang='lat' dir='ltr'><strong>lli</strong></span> <span class='ocrx_word' id='word_1_91' title='bbox 649 1242 747 1295; x_wconf 91' lang='lat' dir='ltr'><strong>autem</strong></span> <span class='ocrx_word' id='word_1_92' title='bbox 769 1233 833 1312; x_wconf 93' lang='lat' dir='ltr'><strong>pari</strong></span> <span class='ocrx_word' id='word_1_93' title='bbox 855 1235 902 1296; x_wconf 87' lang='lat' dir='ltr'><strong>vel</strong></span> <span class='ocrx_word' id='word_1_94' title='bbox 925 1235 1012 1297; x_wconf 86' lang='lat' dir='ltr'><strong>etiam</strong></span> <span class='ocrx_word' id='word_1_95' title='bbox 1029 1238 1134 1298; x_wconf 88' lang='lat' dir='ltr'><strong>maiori</strong></span> <span class='ocrx_word' id='word_1_96' title='bbox 1149 1239 1301 1318; x_wconf 77' lang='lat' dir='ltr'><strong>impietate</strong></span> 
     </span>
     <span class='ocr_line' id='line_1_11' title="bbox 67 1333 1302 1416; baseline 0.005 -20"><span class='ocrx_word' id='word_1_97' title='bbox 67 1333 172 1396; x_wconf 88' lang='lat' dir='ltr'><strong>minus</strong></span> <span class='ocrx_word' id='word_1_98' title='bbox 194 1334 258 1396; x_wconf 86' lang='lat' dir='ltr'><strong>Deo</strong></span> <span class='ocrx_word' id='word_1_99' title='bbox 281 1353 368 1413; x_wconf 91' lang='lat' dir='ltr'><strong>quam</strong></span> <span class='ocrx_word' id='word_1_100' title='bbox 395 1334 482 1394; x_wconf 90' lang='lat' dir='ltr'><strong>nobis</strong></span> <span class='ocrx_word' id='word_1_101' title='bbox 505 1333 681 1395; x_wconf 90' lang='lat' dir='ltr'><strong>concedunt.</strong></span> <span class='ocrx_word' id='word_1_102' title='bbox 734 1333 797 1395; x_wconf 87' lang='lat' dir='ltr'><strong>Nos</strong></span> <span class='ocrx_word' id='word_1_103' title='bbox 827 1335 906 1396; x_wconf 91' lang='lat' dir='ltr'><strong>enim</strong></span> <span class='ocrx_word' id='word_1_104' title='bbox 936 1356 1024 1416; x_wconf 81' lang='lat' dir='ltr'><strong>saepe</strong></span> <span class='ocrx_word' id='word_1_105' title='bbox 1052 1338 1097 1398; x_wconf 88' lang='lat' dir='ltr'><strong>rel</strong></span> <span class='ocrx_word' id='word_1_106' title='bbox 1125 1339 1248 1401; x_wconf 87' lang='lat' dir='ltr'><strong>silentes</strong></span> <span class='ocrx_word' id='word_1_107' title='bbox 1271 1349 1302 1403; x_wconf 92' lang='lat' dir='ltr'><strong>et</strong></span> 
     </span>
     <span class='ocr_line' id='line_1_12' title="bbox 67 1430 1299 1520; baseline 0.004 -22"><span class='ocrx_word' id='word_1_108' title='bbox 67 1436 170 1498; x_wconf 85' lang='lat' dir='ltr'><strong>solum</strong></span> <span class='ocrx_word' id='word_1_109' title='bbox 192 1430 356 1515; x_wconf 84' lang='lat' dir='ltr'><strong>cogitantes·</strong></span> <span class='ocrx_word' id='word_1_110' title='bbox 379 1436 503 1514; x_wconf 84' lang='lat' dir='ltr'><strong>agimus,</strong></span> <span class='ocrx_word' id='word_1_111' title='bbox 526 1435 567 1497; x_wconf 92' lang='lat' dir='ltr'><strong>ita</strong></span> <span class='ocrx_word' id='word_1_112' title='bbox 588 1443 623 1497; x_wconf 90' lang='lat' dir='ltr'><strong>ut</strong></span> <span class='ocrx_word' id='word_1_113' title='bbox 643 1454 687 1509; x_wconf 88' lang='lat' dir='ltr'><strong>ea,</strong></span> <span class='ocrx_word' id='word_1_114' title='bbox 709 1455 784 1516; x_wconf 88' lang='lat' dir='ltr'><strong>quae</strong></span> <span class='ocrx_word' id='word_1_115' title='bbox 807 1438 988 1518; x_wconf 84' lang='lat' dir='ltr'><strong>cogitamus,</strong></span> <span class='ocrx_word' id='word_1_116' title='bbox 1012 1439 1099 1501; x_wconf 89' lang='lat' dir='ltr'><strong>etiarn</strong></span> <span class='ocrx_word' id='word_1_117' title='bbox 1122 1441 1299 1520; x_wconf 82' lang='lat' dir='ltr'><strong>imaginibus</strong></span> 
     </span>
     <span class='ocr_line' id='line_1_13' title="bbox 67 1536 1298 1621; baseline 0.003 -21"><span class='ocrx_word' id='word_1_118' title='bbox 67 1545 100 1600; x_wconf 87' lang='lat' dir='ltr'><strong>et</strong></span> <span class='ocrx_word' id='word_1_119' title='bbox 122 1537 289 1599; x_wconf 83' lang='lat' dir='ltr'><strong>simulacris</strong></span> <span class='ocrx_word' id='word_1_120' title='bbox 312 1537 521 1617; x_wconf 81' lang='lat' dir='ltr'><strong>exprimantur,</strong></span> <span class='ocrx_word' id='word_1_121' title='bbox 545 1536 575 1598; x_wconf 90' lang='lat' dir='ltr'><strong>bi</strong></span> <span class='ocrx_word' id='word_1_122' title='bbox 598 1555 669 1600; x_wconf 81' lang='lat' dir='ltr'><strong>vero</strong></span> <span class='ocrx_word' id='word_1_123' title='bbox 683 1538 778 1601; x_wconf 86' lang='lat' dir='ltr'><strong>Deum</strong></span> <span class='ocrx_word' id='word_1_124' title='bbox 793 1539 930 1601; x_wconf 87' lang='lat' dir='ltr'><strong>silentem</strong></span> <span class='ocrx_word' id='word_1_125' title='bbox 945 1540 1018 1602; x_wconf 91' lang='lat' dir='ltr'><strong>nibil</strong></span> <span class='ocrx_word' id='word_1_126' title='bbox 1040 1560 1137 1621; x_wconf 83' lang='lat' dir='ltr'><strong>agere,</strong></span> <span class='ocrx_word' id='word_1_127' title='bbox 1161 1542 1215 1603; x_wconf 87' lang='lat' dir='ltr'><strong>sed</strong></span> <span class='ocrx_word' id='word_1_128' title='bbox 1231 1551 1298 1604; x_wconf 89' lang='lat' dir='ltr'><strong>tan-</strong></span> 
     </span>
     <span class='ocr_line' id='line_1_14' title="bbox 64 1639 1298 1723; baseline 0.001 -20"><span class='ocrx_word' id='word_1_129' title='bbox 64 1648 131 1703; x_wconf 86' lang='lat' dir='ltr'><strong>turn</strong></span> <span class='ocrx_word' id='word_1_130' title='bbox 153 1639 324 1719; x_wconf 88' lang='lat' dir='ltr'><strong>loquentem</strong></span> <span class='ocrx_word' id='word_1_131' title='bbox 346 1639 404 1700; x_wconf 86' lang='lat' dir='ltr'><strong>vim</strong></span> <span class='ocrx_word' id='word_1_132' title='bbox 426 1639 537 1701; x_wconf 89' lang='lat' dir='ltr'><strong>babere</strong></span> <span class='ocrx_word' id='word_1_133' title='bbox 557 1639 669 1713; x_wconf 82' lang='lat' dir='ltr'><strong>volunt,</strong></span> <span class='ocrx_word' id='word_1_134' title='bbox 693 1641 720 1701; x_wconf 89' lang='lat' dir='ltr'><strong>si</strong></span> <span class='ocrx_word' id='word_1_135' title='bbox 742 1640 843 1720; x_wconf 88' lang='lat' dir='ltr'><strong>utique</strong></span> <span class='ocrx_word' id='word_1_136' title='bbox 865 1641 959 1703; x_wconf 88' lang='lat' dir='ltr'><strong>silens</strong></span> <span class='ocrx_word' id='word_1_137' title='bbox 982 1643 1053 1704; x_wconf 87' lang='lat' dir='ltr'><strong>nibil</strong></span> <span class='ocrx_word' id='word_1_138' title='bbox 1076 1644 1208 1723; x_wconf 88' lang='lat' dir='ltr'><strong>potuerit</strong></span> <span class='ocrx_word' id='word_1_139' title='bbox 1230 1645 1298 1705; x_wconf 86' lang='lat' dir='ltr'><strong>elli-</strong></span> 
     </span>
     <span class='ocr_line' id='line_1_15' title="bbox 64 1740 1298 1824; baseline 0.002 -20"><span class='ocrx_word' id='word_1_140' title='bbox 64 1759 152 1815; x_wconf 81' lang='lat' dir='ltr'><strong>oere,</strong></span> <span class='ocrx_word' id='word_1_141' title='bbox 185 1740 239 1801; x_wconf 89' lang='lat' dir='ltr'><strong>sed</strong></span> <span class='ocrx_word' id='word_1_142' title='bbox 265 1741 391 1820; x_wconf 88' lang='lat' dir='ltr'><strong>loquens</strong></span> <span class='ocrx_word' id='word_1_143' title='bbox 421 1759 522 1802; x_wconf 82' lang='lat' dir='ltr'><strong>meare</strong></span> <span class='ocrx_word' id='word_1_144' title='bbox 549 1741 722 1820; x_wconf 86' lang='lat' dir='ltr'><strong>incoeperit</strong></span> <span class='ocrx_word' id='word_1_145' title='bbox 767 1742 926 1805; x_wconf 81' lang='lat' dir='ltr'><strong>Enimvero</strong></span> <span class='ocrx_word' id='word_1_146' title='bbox 955 1763 1081 1824; x_wconf 90' lang='lat' dir='ltr'><strong>aequum</strong></span> <span class='ocrx_word' id='word_1_147' title='bbox 1111 1752 1158 1806; x_wconf 88' lang='lat' dir='ltr'><strong>est</strong></span> <span class='ocrx_word' id='word_1_148' title='bbox 1183 1763 1239 1807; x_wconf 90' lang='lat' dir='ltr'><strong>nos</strong></span> <span class='ocrx_word' id='word_1_149' title='bbox 1261 1745 1298 1806; x_wconf 87' lang='lat' dir='ltr'><strong>ab</strong></span> 
     </span>
     <span class='ocr_line' id='line_1_16' title="bbox 62 1838 1297 1926; baseline 0.003 -21"><span class='ocrx_word' id='word_1_150' title='bbox 62 1838 124 1905; x_wconf 84' lang='lat' dir='ltr'><strong>illis</strong></span> <span class='ocrx_word' id='word_1_151' title='bbox 145 1860 303 1921; x_wconf 86' lang='lat' dir='ltr'><strong>quaerere,</strong></span> <span class='ocrx_word' id='word_1_152' title='bbox 326 1861 397 1904; x_wconf 94' lang='lat' dir='ltr'><strong>num</strong></span> <span class='ocrx_word' id='word_1_153' title='bbox 420 1843 564 1917; x_wconf 84' lang='lat' dir='ltr'><strong>Verbum,</strong></span> <span class='ocrx_word' id='word_1_154' title='bbox 594 1861 660 1905; x_wconf 92' lang='lat' dir='ltr'><strong>cum</strong></span> <span class='ocrx_word' id='word_1_155' title='bbox 683 1851 766 1906; x_wconf 87' lang='lat' dir='ltr'><strong>esset</strong></span> <span class='ocrx_word' id='word_1_156' title='bbox 787 1844 818 1904; x_wconf 93' lang='lat' dir='ltr'><strong>in</strong></span> <span class='ocrx_word' id='word_1_157' title='bbox 840 1844 920 1919; x_wconf 86' lang='lat' dir='ltr'><strong>Deo,</strong></span> <span class='ocrx_word' id='word_1_158' title='bbox 942 1850 1105 1926; x_wconf 89' lang='lat' dir='ltr'><strong>perlectum</strong></span> <span class='ocrx_word' id='word_1_159' title='bbox 1127 1848 1234 1921; x_wconf 89' lang='lat' dir='ltr'><strong>luerit,</strong></span> <span class='ocrx_word' id='word_1_160' title='bbox 1257 1847 1297 1909; x_wconf 84' lang='lat' dir='ltr'><strong>its</strong></span> 
     </span>
     <span class='ocr_line' id='line_1_17' title="bbox 60 1935 1297 2032; baseline 0.002 -23"><span class='ocrx_word' id='word_1_161' title='bbox 60 1950 98 2009; x_wconf 83' lang='grc' dir='ltr'><strong>ιιι</strong></span> <span class='ocrx_word' id='word_1_162' title='bbox 117 1952 228 2024; x_wconf 87' lang='lat' dir='ltr'><strong>posset</strong></span> <span class='ocrx_word' id='word_1_163' title='bbox 253 1962 349 2023; x_wconf 76' lang='lat' dir='ltr'><strong>agere.</strong></span> <span class='ocrx_word' id='word_1_164' title='bbox 394 1944 424 2005; x_wconf 89' lang='lat' dir='ltr'><strong>Si</strong></span> <span class='ocrx_word' id='word_1_165' title='bbox 454 1935 660 2024; x_wconf 80' lang='lat' dir='ltr'><strong>imperfectum</strong></span> <span class='ocrx_word' id='word_1_166' title='bbox 686 1953 766 2019; x_wconf 88' lang='lat' dir='ltr'><strong>erat,</strong></span> <span class='ocrx_word' id='word_1_167' title='bbox 796 1965 863 2008; x_wconf 93' lang='lat' dir='ltr'><strong>cum</strong></span> <span class='ocrx_word' id='word_1_168' title='bbox 891 1949 922 2009; x_wconf 92' lang='lat' dir='ltr'><strong>in</strong></span> <span class='ocrx_word' id='word_1_169' title='bbox 945 1947 1007 2009; x_wconf 85' lang='lat' dir='ltr'><strong>lleo</strong></span> <span class='ocrx_word' id='word_1_170' title='bbox 1037 1955 1134 2032; x_wconf 66' lang='lat' dir='ltr'><strong>esset,</strong></span> <span class='ocrx_word' id='word_1_171' title='bbox 1167 1957 1297 2029; x_wconf 83' lang='lat' dir='ltr'><strong>tuncque</strong></span> 
     </span>
     <span class='ocr_line' id='line_1_18' title="bbox 41 2036 1296 2129; baseline 0.002 -21"><span class='ocrx_word' id='word_1_172' title='bbox 41 2036 229 2129; x_wconf 74' lang='lat' dir='ltr'><strong>¹perlectum</strong></span> <span class='ocrx_word' id='word_1_173' title='bbox 253 2053 308 2121; x_wconf 89' lang='lat' dir='ltr'><strong>est,</strong></span> <span class='ocrx_word' id='word_1_174' title='bbox 331 2064 397 2108; x_wconf 91' lang='lat' dir='ltr'><strong>cum</strong></span> <span class='ocrx_word' id='word_1_175' title='bbox 420 2055 467 2107; x_wconf 91' lang='lat' dir='ltr'><strong>est</strong></span> <span class='ocrx_word' id='word_1_176' title='bbox 488 2047 640 2125; x_wconf 79' lang='lat' dir='ltr'><strong>genitum3</strong></span> <span class='ocrx_word' id='word_1_177' title='bbox 662 2064 719 2107; x_wconf 87' lang='lat' dir='ltr'><strong>nos</strong></span> <span class='ocrx_word' id='word_1_178' title='bbox 743 2065 813 2126; x_wconf 82' lang='lat' dir='ltr'><strong>ergo</strong></span> <span class='ocrx_word' id='word_1_179' title='bbox 836 2049 901 2110; x_wconf 89' lang='lat' dir='ltr'><strong>eius</strong></span> <span class='ocrx_word' id='word_1_180' title='bbox 923 2050 1114 2128; x_wconf 78' lang='lat' dir='ltr'><strong>perfectionis</strong></span> <span class='ocrx_word' id='word_1_181' title='bbox 1139 2068 1227 2112; x_wconf 87' lang='lat' dir='ltr'><strong>causa</strong></span> <span class='ocrx_word' id='word_1_182' title='bbox 1243 2067 1296 2111; x_wconf 89' lang='lat' dir='ltr'><strong>sn-</strong></span> 
     </span>
     <span class='ocr_line' id='line_1_19' title="bbox 58 2147 1295 2231; baseline 0.002 -21"><span class='ocrx_word' id='word_1_183' title='bbox 58 2166 149 2221; x_wconf 87' lang='lat' dir='ltr'><strong>mus,</strong></span> <span class='ocrx_word' id='word_1_184' title='bbox 176 2147 203 2209; x_wconf 91' lang='lat' dir='ltr'><strong>si</strong></span> <span class='ocrx_word' id='word_1_185' title='bbox 230 2166 337 2228; x_wconf 89' lang='lat' dir='ltr'><strong>nempe</strong></span> <span class='ocrx_word' id='word_1_186' title='bbox 363 2155 487 2227; x_wconf 90' lang='lat' dir='ltr'><strong>propter</strong></span> <span class='ocrx_word' id='word_1_187' title='bbox 514 2166 572 2209; x_wconf 88' lang='lat' dir='ltr'><strong>nos</strong></span> <span class='ocrx_word' id='word_1_188' title='bbox 600 2148 731 2227; x_wconf 77' lang='lat' dir='ltr'><strong>genitum</strong></span> <span class='ocrx_word' id='word_1_189' title='bbox 759 2149 857 2210; x_wconf 87' lang='lat' dir='ltr'><strong>luerit.</strong></span> <span class='ocrx_word' id='word_1_190' title='bbox 901 2151 945 2210; x_wconf 89' lang='lat' dir='ltr'><strong>lta</strong></span> <span class='ocrx_word' id='word_1_191' title='bbox 975 2150 1054 2211; x_wconf 92' lang='lat' dir='ltr'><strong>enim</strong></span> <span class='ocrx_word' id='word_1_192' title='bbox 1083 2158 1208 2231; x_wconf 90' lang='lat' dir='ltr'><strong>propter</strong></span> <span class='ocrx_word' id='word_1_193' title='bbox 1237 2168 1295 2213; x_wconf 87' lang='lat' dir='ltr'><strong>uos</strong></span> 
     </span>
     <span class='ocr_line' id='line_1_20' title="bbox 58 2249 1295 2331; baseline 0.001 -19"><span class='ocrx_word' id='word_1_194' title='bbox 58 2249 169 2330; x_wconf 79' lang='lat' dir='ltr'><strong>agendi</strong></span> <span class='ocrx_word' id='word_1_195' title='bbox 198 2256 376 2328; x_wconf 85' lang='lat' dir='ltr'><strong>potestatem</strong></span> <span class='ocrx_word' id='word_1_196' title='bbox 405 2250 560 2331; x_wconf 85' lang='lat' dir='ltr'><strong>acceperit.</strong></span> <span class='ocrx_word' id='word_1_197' title='bbox 605 2249 636 2310; x_wconf 91' lang='lat' dir='ltr'><strong>Si</strong></span> <span class='ocrx_word' id='word_1_198' title='bbox 659 2268 730 2311; x_wconf 86' lang='lat' dir='ltr'><strong>vero</strong></span> <span class='ocrx_word' id='word_1_199' title='bbox 758 2252 923 2328; x_wconf 89' lang='lat' dir='ltr'><strong>perlectum</strong></span> <span class='ocrx_word' id='word_1_200' title='bbox 953 2260 1032 2324; x_wconf 89' lang='lat' dir='ltr'><strong>erat,</strong></span> <span class='ocrx_word' id='word_1_201' title='bbox 1060 2270 1126 2313; x_wconf 91' lang='lat' dir='ltr'><strong>cum</strong></span> <span class='ocrx_word' id='word_1_202' title='bbox 1154 2253 1185 2313; x_wconf 90' lang='lat' dir='ltr'><strong>in</strong></span> <span class='ocrx_word' id='word_1_203' title='bbox 1207 2252 1295 2313; x_wconf 88' lang='lat' dir='ltr'><strong>Patre</strong></span> 
     </span>
     <span class='ocr_line' id='line_1_21' title="bbox 58 2349 1293 2432; baseline 0.001 -18"><span class='ocrx_word' id='word_1_204' title='bbox 58 2357 155 2425; x_wconf 81' lang='lat' dir='ltr'><strong>esset,</strong></span> <span class='ocrx_word' id='word_1_205' title='bbox 178 2349 218 2412; x_wconf 89' lang='lat' dir='ltr'><strong>ita</strong></span> <span class='ocrx_word' id='word_1_206' title='bbox 240 2360 274 2413; x_wconf 92' lang='lat' dir='ltr'><strong>ut</strong></span> <span class='ocrx_word' id='word_1_207' title='bbox 295 2351 382 2412; x_wconf 90' lang='lat' dir='ltr'><strong>etiam</strong></span> <span class='ocrx_word' id='word_1_208' title='bbox 404 2352 537 2430; x_wconf 90' lang='lat' dir='ltr'><strong>potuerit</strong></span> <span class='ocrx_word' id='word_1_209' title='bbox 558 2369 655 2431; x_wconf 80' lang='lat' dir='ltr'><strong>agere,</strong></span> <span class='ocrx_word' id='word_1_210' title='bbox 678 2352 788 2413; x_wconf 79' lang='lat' dir='ltr'><strong>frustra</strong></span> <span class='ocrx_word' id='word_1_211' title='bbox 812 2362 893 2414; x_wconf 91' lang='lat' dir='ltr'><strong>certe</strong></span> <span class='ocrx_word' id='word_1_212' title='bbox 915 2353 1045 2431; x_wconf 86' lang='lat' dir='ltr'><strong>genitum</strong></span> <span class='ocrx_word' id='word_1_213' title='bbox 1066 2360 1121 2427; x_wconf 89' lang='lat' dir='ltr'><strong>est,</strong></span> <span class='ocrx_word' id='word_1_214' title='bbox 1146 2353 1293 2432; x_wconf 86' lang='lat' dir='ltr'><strong>siquidem</strong></span> 
     </span>
     <span class='ocr_line' id='line_1_22' title="bbox 58 2453 1291 2533; baseline -0.001 -18"><span class='ocrx_word' id='word_1_215' title='bbox 58 2470 165 2515; x_wconf 82' lang='lat' dir='ltr'><strong>creare</strong></span> <span class='ocrx_word' id='word_1_216' title='bbox 187 2460 316 2532; x_wconf 90' lang='lat' dir='ltr'><strong>poterat,</strong></span> <span class='ocrx_word' id='word_1_217' title='bbox 335 2472 402 2515; x_wconf 90' lang='lat' dir='ltr'><strong>cum</strong></span> <span class='ocrx_word' id='word_1_218' title='bbox 424 2453 519 2514; x_wconf 91' lang='lat' dir='ltr'><strong>adbuc</strong></span> <span class='ocrx_word' id='word_1_219' title='bbox 540 2453 571 2513; x_wconf 92' lang='lat' dir='ltr'><strong>in</strong></span> <span class='ocrx_word' id='word_1_220' title='bbox 595 2453 681 2514; x_wconf 87' lang='lat' dir='ltr'><strong>Patre</strong></span> <span class='ocrx_word' id='word_1_221' title='bbox 703 2463 793 2526; x_wconf 89' lang='lat' dir='ltr'><strong>esset,</strong></span> <span class='ocrx_word' id='word_1_222' title='bbox 816 2473 851 2516; x_wconf 90' lang='lat' dir='ltr'><strong>ac</strong></span> <span class='ocrx_word' id='word_1_223' title='bbox 869 2454 996 2533; x_wconf 90' lang='lat' dir='ltr'><strong>proinde</strong></span> <span class='ocrx_word' id='word_1_224' title='bbox 1014 2454 1060 2514; x_wconf 87' lang='lat' dir='ltr'><strong>rel</strong></span> <span class='ocrx_word' id='word_1_225' title='bbox 1076 2472 1136 2514; x_wconf 95' lang='lat' dir='ltr'><strong>non</strong></span> <span class='ocrx_word' id='word_1_226' title='bbox 1158 2454 1291 2531; x_wconf 81' lang='lat' dir='ltr'><strong>genitum</strong></span> 
     </span>
     <span class='ocr_line' id='line_1_23' title="bbox 57 2539 1291 2635; baseline 0 -19"><span class='ocrx_word' id='word_1_227' title='bbox 57 2562 117 2629; x_wconf 86' lang='lat' dir='ltr'><strong>est,</strong></span> <span class='ocrx_word' id='word_1_228' title='bbox 142 2554 190 2616; x_wconf 86' lang='lat' dir='ltr'><strong>vel</strong></span> <span class='ocrx_word' id='word_1_229' title='bbox 209 2572 272 2617; x_wconf 94' lang='lat' dir='ltr'><strong>non</strong></span> <span class='ocrx_word' id='word_1_230' title='bbox 293 2562 417 2635; x_wconf 91' lang='lat' dir='ltr'><strong>propter</strong></span> <span class='ocrx_word' id='word_1_231' title='bbox 442 2573 498 2616; x_wconf 89' lang='lat' dir='ltr'><strong>nos</strong></span> <span class='ocrx_word' id='word_1_232' title='bbox 521 2555 653 2634; x_wconf 83' lang='lat' dir='ltr'><strong>genitum</strong></span> <span class='ocrx_word' id='word_1_233' title='bbox 675 2552 738 2627; x_wconf 63' lang='lat' dir='ltr'><strong>est,</strong></span> <span class='ocrx_word' id='word_1_234' title='bbox 756 2554 810 2616; x_wconf 86' lang='lat' dir='ltr'><strong>sed</strong></span> <span class='ocrx_word' id='word_1_235' title='bbox 833 2555 900 2633; x_wconf 91' lang='lat' dir='ltr'><strong>quia</strong></span> <span class='ocrx_word' id='word_1_236' title='bbox 923 2572 1044 2634; x_wconf 87' lang='lat' dir='ltr'><strong>semper</strong></span> <span class='ocrx_word' id='word_1_237' title='bbox 1066 2565 1111 2615; x_wconf 89' lang='lat' dir='ltr'><strong>est</strong></span> <span class='ocrx_word' id='word_1_238' title='bbox 1135 2573 1171 2614; x_wconf 87' lang='lat' dir='ltr'><strong>err</strong></span> <span class='ocrx_word' id='word_1_239' title='bbox 1192 2539 1291 2616; x_wconf 86' lang='lat' dir='ltr'><strong>Patre.</strong></span> 
     </span>
     <span class='ocr_line' id='line_1_24' title="bbox 56 2640 1374 2734; baseline 0.001 -19"><span class='ocrx_word' id='word_1_240' title='bbox 56 2652 133 2716; x_wconf 83' lang='lat' dir='ltr'><strong>Eius</strong></span> <span class='ocrx_word' id='word_1_241' title='bbox 156 2654 235 2716; x_wconf 88' lang='lat' dir='ltr'><strong>enirn</strong></span> <span class='ocrx_word' id='word_1_242' title='bbox 258 2640 427 2718; x_wconf 52' lang='lat' dir='ltr'><strong>ortus&#39;non</strong></span> <span class='ocrx_word' id='word_1_243' title='bbox 449 2657 547 2717; x_wconf 89' lang='lat' dir='ltr'><strong>nostri</strong></span> <span class='ocrx_word' id='word_1_244' title='bbox 570 2656 760 2725; x_wconf 86' lang='lat' dir='ltr'><strong>creationem,</strong></span> <span class='ocrx_word' id='word_1_245' title='bbox 784 2655 837 2715; x_wconf 91' lang='lat' dir='ltr'><strong>sed</strong></span> <span class='ocrx_word' id='word_1_246' title='bbox 859 2656 958 2734; x_wconf 89' lang='lat' dir='ltr'><strong>ipsum</strong></span> <span class='ocrx_word' id='word_1_247' title='bbox 981 2654 1093 2716; x_wconf 77' lang='lat' dir='ltr'><strong>culleo</strong></span> <span class='ocrx_word' id='word_1_248' title='bbox 1111 2673 1180 2715; x_wconf 86' lang='lat' dir='ltr'><strong>esse</strong></span> <span class='ocrx_word' id='word_1_249' title='bbox 1194 2654 1374 2734; x_wconf 78' lang='lat' dir='ltr'><strong>signi-eoas.</strong></span> 
     </span>
     <span class='ocr_line' id='line_1_25' title="bbox 53 2754 887 2837; baseline -0.002 -18"><span class='ocrx_word' id='word_1_250' title='bbox 53 2754 136 2831; x_wconf 77' lang='lat' dir='ltr'><strong>fleat,</strong></span> <span class='ocrx_word' id='word_1_251' title='bbox 158 2765 224 2819; x_wconf 88' lang='lat' dir='ltr'><strong>erat</strong></span> <span class='ocrx_word' id='word_1_252' title='bbox 244 2756 391 2837; x_wconf 76' lang='lat' dir='ltr'><strong>siquidem</strong></span> <span class='ocrx_word' id='word_1_253' title='bbox 413 2759 501 2819; x_wconf 89' lang='lat' dir='ltr'><strong>etiam</strong></span> <span class='ocrx_word' id='word_1_254' title='bbox 524 2767 680 2836; x_wconf 89' lang='lat' dir='ltr'><strong>antequam</strong></span> <span class='ocrx_word' id='word_1_255' title='bbox 707 2775 887 2819; x_wconf 89' lang='lat' dir='ltr'><strong>crearemur.</strong></span> 
     </span>
    </p>

    <p class='ocr_par' dir='ltr' id='par_1_5' title="bbox 47 2858 1384 3970">
     <span class='ocr_line' id='line_1_26' title="bbox 145 2858 1288 2938; baseline 0 -17"><span class='ocrx_word' id='word_1_256' title='bbox 145 2859 196 2921; x_wconf 80' lang='lat'><strong>12.</strong></span> <span class='ocrx_word' id='word_1_257' title='bbox 241 2858 321 2931; x_wconf 83' lang='lat' dir='ltr'><strong>Quin</strong></span> <span class='ocrx_word' id='word_1_258' title='bbox 350 2860 437 2921; x_wconf 89' lang='lat' dir='ltr'><strong>etiam</strong></span> <span class='ocrx_word' id='word_1_259' title='bbox 466 2860 544 2921; x_wconf 91' lang='lat' dir='ltr'><strong>idem</strong></span> <span class='ocrx_word' id='word_1_260' title='bbox 573 2859 707 2938; x_wconf 88' lang='lat' dir='ltr'><strong>prolecto</strong></span> <span class='ocrx_word' id='word_1_261' title='bbox 729 2858 881 2920; x_wconf 92' lang='lat' dir='ltr'><strong>audebunt</strong></span> <span class='ocrx_word' id='word_1_262' title='bbox 908 2858 945 2919; x_wconf 93' lang='lat' dir='ltr'><strong>de</strong></span> <span class='ocrx_word' id='word_1_263' title='bbox 967 2859 1095 2920; x_wconf 91' lang='lat' dir='ltr'><strong>Patre</strong></span> <span class='ocrx_word' id='word_1_264' title='bbox 1087 2877 1154 2938; x_wconf 88' lang='lat' dir='ltr'><strong>rpso</strong></span> <span class='ocrx_word' id='word_1_265' title='bbox 1179 2859 1288 2922; x_wconf 87' lang='lat' dir='ltr'><strong>dicere.</strong></span> 
     </span>
     <span class='ocr_line' id='line_1_27' title="bbox 52 2956 1342 3040; baseline 0.003 -19"><span class='ocrx_word' id='word_1_266' title='bbox 52 2958 191 3040; x_wconf 80' lang='lat' dir='ltr'><strong>Namque</strong></span> <span class='ocrx_word' id='word_1_267' title='bbox 219 2959 244 3021; x_wconf 89' lang='lat' dir='ltr'><strong>si</strong></span> <span class='ocrx_word' id='word_1_268' title='bbox 273 2960 365 3022; x_wconf 91' lang='lat' dir='ltr'><strong>silens</strong></span> <span class='ocrx_word' id='word_1_269' title='bbox 392 2978 480 3038; x_wconf 80' lang='lat' dir='ltr'><strong>agere</strong></span> <span class='ocrx_word' id='word_1_270' title='bbox 508 2978 569 3020; x_wconf 92' lang='lat' dir='ltr'><strong>non</strong></span> <span class='ocrx_word' id='word_1_271' title='bbox 598 2959 712 3038; x_wconf 90' lang='lat' dir='ltr'><strong>potuit,</strong></span> <span class='ocrx_word' id='word_1_272' title='bbox 741 2977 866 3021; x_wconf 89' lang='lat' dir='ltr'><strong>necesse</strong></span> <span class='ocrx_word' id='word_1_273' title='bbox 895 2968 996 3020; x_wconf 89' lang='lat' dir='ltr'><strong>estut</strong></span> <span class='ocrx_word' id='word_1_274' title='bbox 1018 2960 1164 3039; x_wconf 82' lang='lat' dir='ltr'><strong>gignendo</strong></span> <span class='ocrx_word' id='word_1_275' title='bbox 1189 2960 1217 3020; x_wconf 95' lang='lat' dir='ltr'><strong>id</strong></span> <span class='ocrx_word' id='word_1_276' title='bbox 1241 2956 1333 3021; x_wconf 87' lang='lat' dir='ltr'><strong>est</strong></span> <span class='ocrx_word' id='word_1_277' title='bbox 1338 3014 1342 3025; x_wconf 89' lang='lat'>.</span> 
     </span>
     <span class='ocr_line' id='line_1_28' title="bbox 51 3059 1288 3144; baseline -0.002 -19"><span class='ocrx_word' id='word_1_278' title='bbox 51 3061 207 3144; x_wconf 88' lang='lat' dir='ltr'><strong>loquendo</strong></span> <span class='ocrx_word' id='word_1_279' title='bbox 229 3062 367 3123; x_wconf 84' lang='lat' dir='ltr'><strong>virtutem</strong></span> <span class='ocrx_word' id='word_1_280' title='bbox 390 3062 545 3141; x_wconf 85' lang='lat' dir='ltr'><strong>acceperit.</strong></span> <span class='ocrx_word' id='word_1_281' title='bbox 588 3062 627 3122; x_wconf 86' lang='grc' dir='ltr'><strong>Αι</strong></span> <span class='ocrx_word' id='word_1_282' title='bbox 648 3061 728 3125; x_wconf 91' lang='lat' dir='ltr'><strong>unde</strong></span> <span class='ocrx_word' id='word_1_283' title='bbox 750 3069 780 3123; x_wconf 91' lang='lat' dir='ltr'><strong>et</strong></span> <span class='ocrx_word' id='word_1_284' title='bbox 800 3078 856 3143; x_wconf 88' lang='lat' dir='ltr'><strong>per</strong></span> <span class='ocrx_word' id='word_1_285' title='bbox 878 3062 948 3140; x_wconf 95' lang='lat' dir='ltr'><strong>quid</strong></span> <span class='ocrx_word' id='word_1_286' title='bbox 971 3059 1108 3140; x_wconf 79' lang='lat' dir='ltr'><strong>accepit?</strong></span> <span class='ocrx_word' id='word_1_287' title='bbox 1153 3059 1288 3132; x_wconf 79' lang='lat' dir='ltr'><strong>Quodsi</strong></span> 
     </span>
     <span class='ocr_line' id='line_1_29' title="bbox 51 3161 1284 3243; baseline -0.004 -17"><span class='ocrx_word' id='word_1_288' title='bbox 51 3164 186 3237; x_wconf 83' lang='lat' dir='ltr'><strong>Verbum</strong></span> <span class='ocrx_word' id='word_1_289' title='bbox 207 3163 239 3223; x_wconf 94' lang='lat' dir='ltr'><strong>in</strong></span> <span class='ocrx_word' id='word_1_290' title='bbox 261 3181 296 3226; x_wconf 91' lang='lat' dir='ltr'><strong>se</strong></span> <span class='ocrx_word' id='word_1_291' title='bbox 317 3163 430 3225; x_wconf 88' lang='lat' dir='ltr'><strong>babens</strong></span> <span class='ocrx_word' id='word_1_292' title='bbox 452 3164 550 3242; x_wconf 92' lang='lat' dir='ltr'><strong>potuit</strong></span> <span class='ocrx_word' id='word_1_293' title='bbox 572 3180 673 3242; x_wconf 84' lang='lat' dir='ltr'><strong>agere,</strong></span> <span class='ocrx_word' id='word_1_294' title='bbox 703 3161 848 3224; x_wconf 88' lang='lat' dir='ltr'><strong>inutiliter</strong></span> <span class='ocrx_word' id='word_1_295' title='bbox 870 3181 941 3241; x_wconf 83' lang='lat' dir='ltr'><strong>ergo</strong></span> <span class='ocrx_word' id='word_1_296' title='bbox 964 3164 1071 3243; x_wconf 78' lang='lat' dir='ltr'><strong>gignit,</strong></span> <span class='ocrx_word' id='word_1_297' title='bbox 1101 3181 1169 3223; x_wconf 90' lang='lat' dir='ltr'><strong>cum</strong></span> <span class='ocrx_word' id='word_1_298' title='bbox 1191 3161 1284 3222; x_wconf 88' lang='lat' dir='ltr'><strong>silens</strong></span> 
     </span>
     <span class='ocr_line' id='line_1_30' title="bbox 49 3263 1286 3349; baseline -0.005 -20"><span class='ocrx_word' id='word_1_299' title='bbox 49 3264 154 3349; x_wconf 86' lang='lat' dir='ltr'><strong>possit</strong></span> <span class='ocrx_word' id='word_1_300' title='bbox 174 3282 271 3345; x_wconf 78' lang='lat' dir='ltr'><strong>agere.</strong></span> <span class='ocrx_word' id='word_1_301' title='bbox 315 3264 427 3325; x_wconf 85' lang='lat' dir='ltr'><strong>Deinde</strong></span> <span class='ocrx_word' id='word_1_302' title='bbox 450 3264 475 3324; x_wconf 91' lang='lat' dir='ltr'><strong>si</strong></span> <span class='ocrx_word' id='word_1_303' title='bbox 490 3263 630 3336; x_wconf 80' lang='lat' dir='ltr'><strong>Verbum,</strong></span> <span class='ocrx_word' id='word_1_304' title='bbox 652 3263 826 3343; x_wconf 89' lang='lat' dir='ltr'><strong>priusquam</strong></span> <span class='ocrx_word' id='word_1_305' title='bbox 842 3265 972 3343; x_wconf 80' lang='lat' dir='ltr'><strong>genitum</strong></span> <span class='ocrx_word' id='word_1_306' title='bbox 997 3273 1051 3339; x_wconf 90' lang='lat' dir='ltr'><strong>est,</strong></span> <span class='ocrx_word' id='word_1_307' title='bbox 1075 3265 1106 3324; x_wconf 88' lang='grc' dir='ltr'><strong>ιιι</strong></span> <span class='ocrx_word' id='word_1_308' title='bbox 1121 3263 1183 3326; x_wconf 85' lang='lat' dir='ltr'><strong>Deo</strong></span> <span class='ocrx_word' id='word_1_309' title='bbox 1207 3271 1286 3340; x_wconf 88' lang='lat' dir='ltr'><strong>erat,</strong></span> 
     </span>
     <span class='ocr_line' id='line_1_31' title="bbox 48 3352 1286 3449; baseline 0 -22"><span class='ocrx_word' id='word_1_310' title='bbox 48 3368 143 3449; x_wconf 73' lang='lat' dir='ltr'><strong>igitur</strong></span> <span class='ocrx_word' id='word_1_311' title='bbox 164 3367 296 3448; x_wconf 75' lang='lat' dir='ltr'><strong>genitum</strong></span> <span class='ocrx_word' id='word_1_312' title='bbox 323 3365 398 3427; x_wconf 87' lang='lat' dir='ltr'><strong>loris</strong></span> <span class='ocrx_word' id='word_1_313' title='bbox 421 3373 452 3426; x_wconf 92' lang='lat' dir='ltr'><strong>et</strong></span> <span class='ocrx_word' id='word_1_314' title='bbox 473 3373 554 3426; x_wconf 83' lang='lat' dir='ltr'><strong>extra</strong></span> <span class='ocrx_word' id='word_1_315' title='bbox 576 3365 670 3427; x_wconf 87' lang='lat' dir='ltr'><strong>Deum</strong></span> <span class='ocrx_word' id='word_1_316' title='bbox 694 3374 749 3427; x_wconf 79' lang='lat' dir='ltr'><strong>est.</strong></span> <span class='ocrx_word' id='word_1_317' title='bbox 796 3365 884 3439; x_wconf 81' lang='lat' dir='ltr'><strong>Quod</strong></span> <span class='ocrx_word' id='word_1_318' title='bbox 912 3366 938 3428; x_wconf 90' lang='lat' dir='ltr'><strong>si</strong></span> <span class='ocrx_word' id='word_1_319' title='bbox 968 3384 1072 3427; x_wconf 86' lang='lat' dir='ltr'><strong>rerum</strong></span> <span class='ocrx_word' id='word_1_320' title='bbox 1103 3374 1166 3439; x_wconf 88' lang='lat' dir='ltr'><strong>est,</strong></span> <span class='ocrx_word' id='word_1_321' title='bbox 1195 3352 1286 3445; x_wconf 79' lang='lat' dir='ltr'><strong>quare</strong></span> 
     </span>
     <span class='ocr_line' id='line_1_32' title="bbox 49 3466 1287 3551; baseline -0.003 -20"><span class='ocrx_word' id='word_1_322' title='bbox 49 3486 124 3551; x_wconf 70' lang='lat' dir='ltr'><strong>ergo</strong></span> <span class='ocrx_word' id='word_1_323' title='bbox 148 3486 229 3531; x_wconf 91' lang='lat' dir='ltr'><strong>nuno</strong></span> <span class='ocrx_word' id='word_1_324' title='bbox 248 3466 334 3529; x_wconf 90' lang='lat' dir='ltr'><strong>dicit:</strong></span> <span class='ocrx_word' id='word_1_325' title='bbox 363 3467 423 3546; x_wconf 77' lang='lat' dir='ltr'><strong>Epo</strong></span> <span class='ocrx_word' id='word_1_326' title='bbox 452 3470 486 3529; x_wconf 79' lang='lat' dir='ltr'><strong>ia</strong></span> <span class='ocrx_word' id='word_1_327' title='bbox 507 3467 601 3529; x_wconf 85' lang='lat' dir='ltr'><strong>Patre</strong></span> <span class='ocrx_word' id='word_1_328' title='bbox 628 3476 659 3529; x_wconf 84' lang='lat' dir='ltr'><strong>et</strong></span> <span class='ocrx_word' id='word_1_329' title='bbox 679 3467 772 3530; x_wconf 86' lang='lat' dir='ltr'><strong>Pater</strong></span> <span class='ocrx_word' id='word_1_330' title='bbox 799 3471 833 3529; x_wconf 78' lang='lat' dir='ltr'><strong>tn</strong></span> <span class='ocrx_word' id='word_1_331' title='bbox 854 3486 900 3529; x_wconf 85' lang='lat' dir='ltr'><strong>me</strong></span> <span class='ocrx_word' id='word_1_332' title='bbox 923 3467 990 3529; x_wconf 77' lang='lat' dir='ltr'><strong>eat?</strong></span> <span class='ocrx_word' id='word_1_333' title='bbox 1035 3467 1066 3528; x_wconf 87' lang='lat' dir='ltr'><strong>si</strong></span> <span class='ocrx_word' id='word_1_334' title='bbox 1090 3485 1182 3546; x_wconf 88' lang='lat' dir='ltr'><strong>porro</strong></span> <span class='ocrx_word' id='word_1_335' title='bbox 1206 3484 1287 3528; x_wconf 91' lang='lat' dir='ltr'><strong>nunc</strong></span> 
     </span>
     <span class='ocr_line' id='line_1_33' title="bbox 49 3568 1285 3649; baseline -0.003 -16"><span class='ocrx_word' id='word_1_336' title='bbox 49 3578 98 3633; x_wconf 83' lang='lat' dir='ltr'><strong>cst</strong></span> <span class='ocrx_word' id='word_1_337' title='bbox 118 3570 153 3631; x_wconf 90' lang='lat' dir='ltr'><strong>in</strong></span> <span class='ocrx_word' id='word_1_338' title='bbox 173 3568 271 3642; x_wconf 86' lang='lat' dir='ltr'><strong>Patro,</strong></span> <span class='ocrx_word' id='word_1_339' title='bbox 294 3587 365 3647; x_wconf 84' lang='lat' dir='ltr'><strong>ergo</strong></span> <span class='ocrx_word' id='word_1_340' title='bbox 381 3586 500 3648; x_wconf 87' lang='lat' dir='ltr'><strong>semper</strong></span> <span class='ocrx_word' id='word_1_341' title='bbox 513 3569 571 3629; x_wconf 88' lang='lat' dir='ltr'><strong>luit</strong></span> <span class='ocrx_word' id='word_1_342' title='bbox 593 3568 623 3628; x_wconf 90' lang='lat' dir='ltr'><strong>in</strong></span> <span class='ocrx_word' id='word_1_343' title='bbox 638 3568 736 3641; x_wconf 87' lang='lat' dir='ltr'><strong>Patre,</strong></span> <span class='ocrx_word' id='word_1_344' title='bbox 760 3569 803 3630; x_wconf 93' lang='lat' dir='ltr'><strong>uti</strong></span> <span class='ocrx_word' id='word_1_345' title='bbox 826 3587 908 3630; x_wconf 90' lang='lat' dir='ltr'><strong>nunc</strong></span> <span class='ocrx_word' id='word_1_346' title='bbox 922 3586 1041 3649; x_wconf 88' lang='lat' dir='ltr'><strong>quoque</strong></span> <span class='ocrx_word' id='word_1_347' title='bbox 1064 3576 1119 3641; x_wconf 88' lang='lat' dir='ltr'><strong>est,</strong></span> <span class='ocrx_word' id='word_1_348' title='bbox 1142 3568 1285 3647; x_wconf 86' lang='lat' dir='ltr'><strong>lutileque</strong></span> 
     </span>
     <span class='ocr_line' id='line_1_34' title="bbox 48 3663 1284 3750; baseline -0.005 -16"><span class='ocrx_word' id='word_1_349' title='bbox 48 3670 132 3735; x_wconf 66' lang='lat' dir='ltr'><strong>dieu</strong></span> <span class='ocrx_word' id='word_1_350' title='bbox 153 3678 202 3732; x_wconf 89' lang='lat' dir='ltr'><strong>est</strong></span> <span class='ocrx_word' id='word_1_351' title='bbox 222 3671 322 3749; x_wconf 91' lang='lat' dir='ltr'><strong>ipsum</strong></span> <span class='ocrx_word' id='word_1_352' title='bbox 343 3678 467 3750; x_wconf 90' lang='lat' dir='ltr'><strong>propter</strong></span> <span class='ocrx_word' id='word_1_353' title='bbox 488 3688 546 3730; x_wconf 92' lang='lat' dir='ltr'><strong>nos</strong></span> <span class='ocrx_word' id='word_1_354' title='bbox 569 3669 702 3749; x_wconf 84' lang='lat' dir='ltr'><strong>genitum</strong></span> <span class='ocrx_word' id='word_1_355' title='bbox 730 3669 839 3742; x_wconf 86' lang='lat' dir='ltr'><strong>luisse,</strong></span> <span class='ocrx_word' id='word_1_356' title='bbox 871 3688 905 3730; x_wconf 90' lang='lat' dir='ltr'><strong>ao</strong></span> <span class='ocrx_word' id='word_1_357' title='bbox 932 3676 1003 3749; x_wconf 90' lang='lat' dir='ltr'><strong>post</strong></span> <span class='ocrx_word' id='word_1_358' title='bbox 1031 3663 1088 3729; x_wconf 87' lang='lat' dir='ltr'><strong>nos</strong></span> <span class='ocrx_word' id='word_1_359' title='bbox 1117 3685 1284 3740; x_wconf 88' lang='lat' dir='ltr'><strong>recurrere,</strong></span> 
     </span>
     <span class='ocr_line' id='line_1_35' title="bbox 48 3770 1285 3852; baseline -0.005 -16"><span class='ocrx_word' id='word_1_360' title='bbox 48 3781 82 3836; x_wconf 83' lang='lat' dir='ltr'><strong>nt</strong></span> <span class='ocrx_word' id='word_1_361' title='bbox 104 3771 146 3834; x_wconf 87' lang='lat' dir='ltr'><strong>sit</strong></span> <span class='ocrx_word' id='word_1_362' title='bbox 166 3772 415 3852; x_wconf 89' lang='lat' dir='ltr'><strong>quemadmodum</strong></span> <span class='ocrx_word' id='word_1_363' title='bbox 438 3778 511 3833; x_wconf 83' lang='lat' dir='ltr'><strong>erat.</strong></span> <span class='ocrx_word' id='word_1_364' title='bbox 555 3771 617 3831; x_wconf 92' lang='lat' dir='ltr'><strong>Nec</strong></span> <span class='ocrx_word' id='word_1_365' title='bbox 648 3771 726 3832; x_wconf 87' lang='lat' dir='ltr'><strong>enim</strong></span> <span class='ocrx_word' id='word_1_366' title='bbox 756 3779 820 3832; x_wconf 91' lang='lat' dir='ltr'><strong>erat</strong></span> <span class='ocrx_word' id='word_1_367' title='bbox 846 3770 925 3851; x_wconf 92' lang='lat' dir='ltr'><strong>quod</strong></span> <span class='ocrx_word' id='word_1_368' title='bbox 953 3790 1033 3832; x_wconf 90' lang='lat' dir='ltr'><strong>nunc</strong></span> <span class='ocrx_word' id='word_1_369' title='bbox 1053 3788 1115 3831; x_wconf 91' lang='lat' dir='ltr'><strong>non</strong></span> <span class='ocrx_word' id='word_1_370' title='bbox 1137 3778 1198 3843; x_wconf 88' lang='lat' dir='ltr'><strong>est,</strong></span> <span class='ocrx_word' id='word_1_371' title='bbox 1228 3787 1285 3830; x_wconf 89' lang='lat' dir='ltr'><strong>nec</strong></span> 
     </span>
     <span class='ocr_line' id='line_1_36' title="bbox 47 3870 1384 3989; baseline -0.007 -50"><span class='ocrx_word' id='word_1_372' title='bbox 47 3891 131 3939; x_wconf 89' lang='lat' dir='ltr'><strong>nnnc</strong></span> <span class='ocrx_word' id='word_1_373' title='bbox 158 3873 307 3953; x_wconf 87' lang='lat' dir='ltr'><strong>estquod</strong></span> <span class='ocrx_word' id='word_1_374' title='bbox 328 3891 389 3934; x_wconf 93' lang='lat' dir='ltr'><strong>non</strong></span> <span class='ocrx_word' id='word_1_375' title='bbox 412 3880 490 3946; x_wconf 81' lang='lat' dir='ltr'><strong>erat3</strong></span> <span class='ocrx_word' id='word_1_376' title='bbox 519 3871 573 3932; x_wconf 90' lang='lat' dir='ltr'><strong>sed</strong></span> <span class='ocrx_word' id='word_1_377' title='bbox 596 3879 642 3989; x_wconf 85' lang='lat' dir='ltr'><strong>est</strong></span> <span class='ocrx_word' id='word_1_378' title='bbox 664 3870 913 3952; x_wconf 86' lang='lat' dir='ltr'><strong>quemadmodum</strong></span> <span class='ocrx_word' id='word_1_379' title='bbox 936 3879 999 3933; x_wconf 90' lang='lat' dir='ltr'><strong>erat</strong></span> <span class='ocrx_word' id='word_1_380' title='bbox 1021 3890 1156 3951; x_wconf 87' lang='lat' dir='ltr'><strong>semper,</strong></span> <span class='ocrx_word' id='word_1_381' title='bbox 1184 3870 1281 3931; x_wconf 92' lang='lat' dir='ltr'><strong>idem·</strong></span> <span class='ocrx_word' id='word_1_382' title='bbox 1379 3958 1384 3970; x_wconf 59' lang='lat'><strong>,</strong></span> 
     </span>
    </p>

    <p class='ocr_par' dir='ltr' id='par_1_6' title="bbox 44 4016 1278 4106">
     <span class='ocr_line' id='line_1_37' title="bbox 44 4016 1278 4106; baseline -0.003 -31.802"><span class='ocrx_word' id='word_1_383' title='bbox 44 4018 188 4090; x_wconf 69' lang='grc' dir='ltr'>’,ται</span> <span class='ocrx_word' id='word_1_384' title='bbox 727 4040 749 4086; x_wconf 77' lang='lat' dir='ltr'><strong>g.</strong></span> <span class='ocrx_word' id='word_1_385' title='bbox 767 4024 824 4072; x_wconf 86' lang='lat' dir='ltr'><strong>lle.</strong></span> <span class='ocrx_word' id='word_1_386' title='bbox 843 4033 867 4074; x_wconf 84' lang='lat' dir='ltr'><strong>et</strong></span> <span class='ocrx_word' id='word_1_387' title='bbox 885 4025 983 4106; x_wconf 77' lang='lat' dir='ltr'><strong>Seguer.</strong></span> <span class='ocrx_word' id='word_1_388' title='bbox 1003 4016 1071 4070; x_wconf 75' lang='grc' dir='ltr'><strong>διΗ</strong></span> <span class='ocrx_word' id='word_1_389' title='bbox 1058 4021 1129 4102; x_wconf 76' lang='grc' dir='ltr'><strong>ημᾶς</strong></span> <span class='ocrx_word' id='word_1_390' title='bbox 1150 4016 1206 4088; x_wconf 75' lang='grc' dir='ltr'><strong>γὰρ</strong></span> <span class='ocrx_word' id='word_1_391' title='bbox 1223 4018 1278 4071; x_wconf 77' lang='grc' dir='ltr'><strong>καί.</strong></span> 
     </span>
    </p>

    <p class='ocr_par' dir='ltr' id='par_1_7' title="bbox 42 4039 1281 4227">
     <span class='ocr_line' id='line_1_38' title="bbox 42 4039 1281 4227; baseline -0.002 -82.905"><span class='ocrx_word' id='word_1_392' title='bbox 42 4111 105 4220; x_wconf 55' lang='lat' dir='ltr'><strong>oec.</strong></span> <span class='ocrx_word' id='word_1_393' title='bbox 126 4094 186 4156; x_wconf 68' lang='lat' dir='ltr'><strong>lless</strong></span> <span class='ocrx_word' id='word_1_394' title='bbox 89 4101 310 4227; x_wconf 47' lang='lat' dir='ltr'><strong>mquam.</strong></span> <span class='ocrx_word' id='word_1_395' title='bbox 338 4090 412 4142; x_wconf 85' lang='lat' dir='ltr'><strong>Panlo</strong></span> <span class='ocrx_word' id='word_1_396' title='bbox 439 4099 495 4156; x_wconf 91' lang='lat' dir='ltr'><strong>post</strong></span> <span class='ocrx_word' id='word_1_397' title='bbox 517 4090 640 4154; x_wconf 68' lang='lat' dir='ltr'><strong>lngllcsn</strong></span> <span class='ocrx_word' id='word_1_398' title='bbox 690 4026 851 4210; x_wconf 35' lang='lat' dir='ltr'><strong>&amp;dimidiis</strong></span> <span class='ocrx_word' id='word_1_399' title='bbox 870 4083 903 4207; x_wconf 62' lang='lat' dir='ltr'><strong>tl&#39;q&#39;</strong></span> <span class='ocrx_word' id='word_1_400' title='bbox 924 4086 1042 4207; x_wconf 55' lang='grc' dir='ltr'><em>ἦμᾶςέδὲ</em></span> <span class='ocrx_word' id='word_1_401' title='bbox 1060 4104 1152 4203; x_wconf 49' lang='lat' dir='ltr'><strong>sog</strong></span> <span class='ocrx_word' id='word_1_402' title='bbox 1142 4091 1281 4154; x_wconf 73' lang='lat' dir='ltr'><strong>l’aolopost</strong></span> 
     </span>
     <span class='ocr_line' id='line_1_39' title="bbox 256 4156 1266 4222; baseline -0.004 -14"><span class='ocrx_word' id='word_1_403' title='bbox 256 4151 373 4216; x_wconf 78' lang='grc' dir='ltr'>ιιζόνωι.</span> <span class='ocrx_word' id='word_1_404' title='bbox 710 4175 745 4209; x_wconf 80' lang='grc' dir='ltr'><strong>ιιι</strong></span> <span class='ocrx_word' id='word_1_405' title='bbox 791 4175 803 4207; x_wconf 79' lang='lat' dir='ltr'><strong>e</strong></span> <span class='ocrx_word' id='word_1_406' title='bbox 851 4174 922 4222; x_wconf 70' lang='lat' dir='ltr'><strong>ngrr„</strong></span> <span class='ocrx_word' id='word_1_407' title='bbox 941 4174 974 4219; x_wconf 77' lang='grc' dir='ltr'><strong>ην</strong></span> <span class='ocrx_word' id='word_1_408' title='bbox 1004 4172 1077 4222; x_wconf 70' lang='lat' dir='ltr'><strong>resp</strong></span> <span class='ocrx_word' id='word_1_409' title='bbox 1117 4156 1160 4221; x_wconf 76' lang='lat' dir='ltr'><strong>aqi.</strong></span> <span class='ocrx_word' id='word_1_410' title='bbox 1258 4196 1266 4204; x_wconf 80' lang='grc'><em>.</em></span> 
     </span>
    </p>
   </div>
   <div class='ocr_carea' id='block_1_3' title="bbox 41 4154 1280 4376">
    <p class='ocr_par' dir='ltr' id='par_1_8' title="bbox 41 4154 1280 4358">
     <span class='ocr_line' id='line_1_40' title="bbox 42 4154 1130 4303; baseline -0.011 -21.642"><span class='ocrx_word' id='word_1_411' title='bbox 42 4154 165 4281; x_wconf 52' lang='lat' dir='ltr'><strong>“aste</strong></span> <span class='ocrx_word' id='word_1_412' title='bbox 181 4175 255 4291; x_wconf 76' lang='lat' dir='ltr'><strong>lleg.</strong></span> <span class='ocrx_word' id='word_1_413' title='bbox 258 4235 281 4278; x_wconf 92' lang='lat' dir='ltr'><strong>et</strong></span> <span class='ocrx_word' id='word_1_414' title='bbox 299 4228 398 4288; x_wconf 79' lang='lat' dir='ltr'><strong>Seguer.</strong></span> <span class='ocrx_word' id='word_1_415' title='bbox 440 4228 515 4276; x_wconf 79' lang='lat' dir='ltr'><strong>ltin</strong></span> <span class='ocrx_word' id='word_1_416' title='bbox 543 4225 597 4276; x_wconf 86' lang='lat' dir='ltr'><strong>aliis</strong></span> <span class='ocrx_word' id='word_1_417' title='bbox 615 4233 639 4274; x_wconf 81' lang='lat' dir='ltr'><strong>et</strong></span> <span class='ocrx_word' id='word_1_418' title='bbox 725 4228 748 4276; x_wconf 86' lang='lat' dir='ltr'><strong>b.</strong></span> <span class='ocrx_word' id='word_1_419' title='bbox 768 4228 824 4291; x_wconf 62' lang='lat' dir='ltr'><strong>llas.</strong></span> <span class='ocrx_word' id='word_1_420' title='bbox 843 4234 867 4277; x_wconf 84' lang='lat' dir='ltr'><strong>et</strong></span> <span class='ocrx_word' id='word_1_421' title='bbox 883 4228 983 4290; x_wconf 69' lang='lat' dir='ltr'><strong>sepner.</strong></span> <span class='ocrx_word' id='word_1_422' title='bbox 1000 4222 1130 4303; x_wconf 52' lang='grc' dir='ltr'><strong>γεννηθῇ</strong></span> 
     </span>
     <span class='ocr_line' id='line_1_41' title="bbox 41 4290 1280 4376; baseline -0.006 -25"><span class='ocrx_word' id='word_1_423' title='bbox 41 4296 117 4351; x_wconf 70' lang='lat' dir='ltr'><strong>diua</strong></span> <span class='ocrx_word' id='word_1_424' title='bbox 138 4296 217 4347; x_wconf 80' lang='lat' dir='ltr'><strong>deest</strong></span> <span class='ocrx_word' id='word_1_425' title='bbox 224 4290 277 4346; x_wconf 75' lang='grc' dir='ltr'><strong>καί</strong></span> <span class='ocrx_word' id='word_1_426' title='bbox 723 4296 740 4344; x_wconf 90' lang='grc' dir='ltr'><strong>ι.</strong></span> <span class='ocrx_word' id='word_1_427' title='bbox 757 4296 835 4376; x_wconf 74' lang='lat' dir='ltr'><strong>Reg.</strong></span> <span class='ocrx_word' id='word_1_428' title='bbox 850 4303 875 4345; x_wconf 82' lang='lat' dir='ltr'><strong>et</strong></span> <span class='ocrx_word' id='word_1_429' title='bbox 891 4294 990 4357; x_wconf 74' lang='lat' dir='ltr'><strong>Sequor.</strong></span> <span class='ocrx_word' id='word_1_430' title='bbox 1016 4290 1071 4358; x_wconf 80' lang='grc' dir='ltr'><strong>ἄρα</strong></span> <span class='ocrx_word' id='word_1_431' title='bbox 1095 4305 1134 4347; x_wconf 83' lang='grc' dir='ltr'><strong>ει,</strong></span> <span class='ocrx_word' id='word_1_432' title='bbox 1163 4292 1280 4343; x_wconf 83' lang='lat' dir='ltr'><strong>mendoso</strong></span> 
     </span>
    </p>
   </div>
   <div class='ocr_carea' id='block_1_4' title="bbox 37 4352 1281 4498">
    <p class='ocr_par' dir='ltr' id='par_1_9' title="bbox 37 4352 1281 4498">
     <span class='ocr_line' id='line_1_42' title="bbox 74 4352 869 4443; baseline -0.009 -27"><span class='ocrx_word' id='word_1_433' title='bbox 74 4380 99 4417; x_wconf 76' lang='lat' dir='ltr'><strong>a.</strong></span> <span class='ocrx_word' id='word_1_434' title='bbox 119 4364 180 4429; x_wconf 70' lang='lat' dir='ltr'><strong>lleq.</strong></span> <span class='ocrx_word' id='word_1_435' title='bbox 197 4364 336 4427; x_wconf 72' lang='lat' dir='ltr'><strong>etSsquer.</strong></span> <span class='ocrx_word' id='word_1_436' title='bbox 349 4355 482 4443; x_wconf 56' lang='grc' dir='ltr'>ἐρέσθαι,</span> <span class='ocrx_word' id='word_1_437' title='bbox 502 4368 571 4413; x_wconf 82' lang='lat' dir='ltr'><strong>scota</strong></span> <span class='ocrx_word' id='word_1_438' title='bbox 589 4375 634 4426; x_wconf 92' lang='lat' dir='ltr'><strong>pe·</strong></span> <span class='ocrx_word' id='word_1_439' title='bbox 689 4376 734 4425; x_wconf 91' lang='lat' dir='ltr'><strong>pro</strong></span> <span class='ocrx_word' id='word_1_440' title='bbox 752 4352 794 4429; x_wconf 74' lang='grc' dir='ltr'><strong>ἄρ’</strong></span> <span class='ocrx_word' id='word_1_441' title='bbox 819 4354 869 4412; x_wconf 74' lang='grc' dir='ltr'><strong>ἀεί,</strong></span> 
     </span>
     <span class='ocr_line' id='line_1_43' title="bbox 37 4427 1281 4498; baseline -0.005 -13"><span class='ocrx_word' id='word_1_442' title='bbox 37 4432 156 4495; x_wconf 68' lang='lat' dir='ltr'><strong>nltim-</strong></span> <span class='ocrx_word' id='word_1_443' title='bbox 190 4431 237 4483; x_wconf 77' lang='lat' dir='ltr'><strong>alii</strong></span> <span class='ocrx_word' id='word_1_444' title='bbox 256 4439 279 4481; x_wconf 83' lang='lat' dir='ltr'><strong>et</strong></span> <span class='ocrx_word' id='word_1_445' title='bbox 297 4430 353 4482; x_wconf 87' lang='lat' dir='ltr'><strong>editi</strong></span> <span class='ocrx_word' id='word_1_446' title='bbox 371 4429 493 4498; x_wconf 63' lang='lat' dir='ltr'><strong>spector</strong></span> <span class='ocrx_word' id='word_1_447' title='bbox 649 4456 663 4479; x_wconf 79' lang='lat'><strong>.</strong></span> <span class='ocrx_word' id='word_1_448' title='bbox 722 4430 805 4481; x_wconf 79' lang='lat' dir='ltr'><strong>l.Sie</strong></span> <span class='ocrx_word' id='word_1_449' title='bbox 823 4445 882 4481; x_wconf 83' lang='lat' dir='ltr'><strong>mss.</strong></span> <span class='ocrx_word' id='word_1_450' title='bbox 917 4430 945 4480; x_wconf 82' lang='lat' dir='ltr'><strong>lt</strong></span> <span class='ocrx_word' id='word_1_451' title='bbox 963 4429 1036 4481; x_wconf 87' lang='lat' dir='ltr'><strong>editio</strong></span> <span class='ocrx_word' id='word_1_452' title='bbox 1055 4427 1173 4480; x_wconf 87' lang='lat' dir='ltr'><strong>Commel.</strong></span> <span class='ocrx_word' id='word_1_453' title='bbox 1192 4428 1281 4479; x_wconf 85' lang='lat' dir='ltr'><strong>omittit</strong></span> 
     </span>
    </p>
   </div>
   <div class='ocr_carea' id='block_1_5' title="bbox 71 4486 773 4562">
    <p class='ocr_par' dir='ltr' id='par_1_10' title="bbox 71 4486 773 4562">
     <span class='ocr_line' id='line_1_44' title="bbox 71 4486 773 4562; baseline -0.014 -7"><span class='ocrx_word' id='word_1_454' title='bbox 71 4502 93 4555; x_wconf 82' lang='lat' dir='ltr'><strong>l.</strong></span> <span class='ocrx_word' id='word_1_455' title='bbox 118 4486 174 4553; x_wconf 61' lang='grc' dir='ltr'><strong>ἦν</strong></span> <span class='ocrx_word' id='word_1_456' title='bbox 189 4500 259 4553; x_wconf 74' lang='lat' dir='ltr'><strong>abest</strong></span> <span class='ocrx_word' id='word_1_457' title='bbox 277 4498 379 4552; x_wconf 75' lang='lat' dir='ltr'><strong>eliasib</strong></span> <span class='ocrx_word' id='word_1_458' title='bbox 398 4506 421 4550; x_wconf 83' lang='lat' dir='ltr'><strong>et</strong></span> <span class='ocrx_word' id='word_1_459' title='bbox 438 4496 528 4562; x_wconf 63' lang='lat' dir='ltr'><strong>boelio</strong></span> <span class='ocrx_word' id='word_1_460' title='bbox 687 4488 773 4546; x_wconf 69' lang='lat' dir='ltr'><strong>toro.</strong></span> 
     </span>
    </p>
   </div>
   <div class='ocr_carea' id='block_1_6' title="bbox 0 0 1478 5092">
    <p class='ocr_par' dir='ltr' id='par_1_11' title="bbox 0 0 1478 5092">
     <span class='ocr_line' id='line_1_45' title="bbox 0 0 1478 5092; baseline 0 10"><span class='ocrx_word' id='word_1_461' title='bbox 0 0 1478 5092; x_wconf 95' lang='lat' dir='ltr'><strong> </strong></span> 
     </span>
    </p>
   </div>
  </div>
 </body>
</html>
