2948 5092
476 270 780 317 numericorum
794 270 931 318 menos
992 270 997 279 ·
1233 261 1297 325 477

70 412 237 487 excluderet
257 420 459 504 splendorem,
482 421 536 484 sed
559 428 670 485 tantum
691 420 770 486 illius
792 424 904 499 erroris
926 423 1047 487 tollendi
1070 444 1169 498 causa,
1192 427 1242 507 qui
1263 427 1383 491 inacte

68 526 162 607 lignea
182 524 313 607 inagim
335 524 492 606 inanisque
513 523 626 604 hqurae
654 523 896 590 dissimilitudine
923 526 1119 600 obiiceretur3
1147 527 1187 589 ita
1210 528 1296 591 simi-

67 628 133 690 liter
154 626 231 690 dixit
244 624 340 689 Deus:
363 626 425 708 Epo
447 644 515 688 sum
536 634 567 688 ct
582 626 644 707 llqo
666 626 751 689 solue
766 626 850 690 Dm
872 635 904 689 et
922 647 987 691 eon
1008 639 1054 692 cst
1071 628 1151 692 oleate
1171 640 1298 709 praeter

66 748 124 802 ne,
147 737 184 791 nt
203 728 342 790 homines
363 746 382 789 a
401 725 486 790 falsis
507 725 564 788 diis
586 735 748 803 averteret,
777 728 905 810 indeque
932 730 1084 793 discerent
1104 750 1206 793 rerum
1228 749 1297 795 euna

68 849 134 894 esse
157 828 262 893 ileum
296 830 434 892 Ceterum
455 846 524 891 nrm
544 829 619 891 haec
632 827 712 892 heus
735 828 858 899 diceret,
882 849 916 895 ea
939 832 1005 894 sine
1027 832 1118 895 dubio
1140 852 1195 914 per
1209 851 1297 896 suum

67 931 195 994 Verbum
218 931 284 1013 ipse
311 930 442 1003 dicebat,
475 930 535 992 nisi
564 932 642 992 forte
664 930 802 993 hodierni
829 931 930 994 ludaei
963 934 1088 1008 addant,
1121 934 1175 996 ista
1203 935 1297 998 ileum

67 1032 188 1096 minime
210 1051 264 1114 per
285 1050 372 1095 suum
395 1031 523 1094 Verbum
546 1032 676 1094 locustum
699 1031 804 1094 luisse.
849 1031 960 1095 Verum
986 1032 1096 1097 itailla
1118 1035 1297 1113 dictasunt,

66 1135 255 1217 quantumvis
277 1135 377 1196 iurant
398 1133 535 1196 diabolici
558 1134 624 1195 riri.
668 1133 741 1196 Nam
754 1128 892 1197 'Verbum
914 1123 1168 1199 llnmini'lactum
1191 1146 1239 1200 est
1259 1139 1295 1200 ad
1328 1197 1331 1201 ,

65 1237 262 1318 Prophetam,
285 1236 416 1316 haecque
438 1235 537 1298 audita
560 1243 640 1297 suut.
684 1236 773 1309 Quod
796 1237 823 1298 si
845 1236 910 1299 eins
933 1244 998 1299 erat
1018 1238 1162 1311 Verbum,
1186 1257 1220 1301 ac
1239 1256 1297 1320 per

66 1340 165 1420 ipsum
195 1337 270 1400 baec
298 1337 487 1411 dicebantur,
518 1337 648 1417 nihilque
669 1345 733 1412 est,
761 1337 841 1418 quod
861 1337 909 1400 rel
930 1338 1008 1401 dicat
1028 1338 1075 1401 rel
1096 1340 1184 1402 iaciat
1204 1340 1294 1416 lleus,

66 1442 121 1504 nisi
144 1441 176 1503 in
201 1439 315 1514 Verbo3
336 1458 398 1502 non
420 1439 510 1520 igitur
530 1447 655 1521 propter
674 1437 775 1520 ipsum
797 1439 874 1503 dicta
895 1439 954 1501 ista
975 1447 1057 1513 sunt,
1079 1440 1165 1503 ollci
1181 1441 1296 1514 hostes,

66 1544 115 1606 sed
137 1552 265 1624 propter
286 1542 380 1604 aliena
403 1551 433 1604 et
454 1561 531 1622 quae
552 1541 589 1603 ab
611 1543 679 1622 ipso
701 1559 762 1602 non
785 1550 863 1604 sunl.
909 1540 1044 1616 Etenim,
1074 1550 1109 1604 ut
1136 1542 1166 1603 iu
1189 1542 1295 1607 eodem

66 1645 239 1708 insistamus
261 1643 408 1724 exemplo,
432 1643 458 1705 si
482 1643 528 1705 sul
550 1643 596 1705 illa
619 1642 708 1705 rerba
730 1643 916 1723 protulisset,
938 1661 1000 1705 uon
1022 1644 1070 1705 his
1091 1644 1193 1724 utiquc
1208 1644 1296 1707 dictis

66 1746 241 1819 indicasset,
277 1764 311 1809 se
343 1745 533 1827 splendorem
563 1764 651 1807 snum
681 1754 763 1807 extra
786 1765 820 1807 se
840 1745 968 1820 hahere,
995 1745 1049 1808 sed
1071 1746 1173 1826 potius
1194 1744 1295 1809 lumen

67 1866 152 1913 suum
170 1848 208 1911 'in
231 1849 391 1928 splendore
414 1866 482 1909 esse
505 1846 668 1909 ostendens
692 1865 825 1909 errorem
849 1846 930 1909 illum
945 1846 1116 1909 refellisset
1147 1847 1210 1910 Nec
1223 1864 1295 1927 erge

66 1951 175 2028 pariter
197 1950 273 2012 dicta
296 1949 343 2010 illa
365 1957 435 2010 suut
457 1949 493 2010 ad
522 1948 736 2010 excludendum
765 1948 887 2022 Filium,
921 1967 1018 2029 neque
1049 1957 1174 2031 propter
1201 1949 1294 2023 illum,

67 2054 112 2115 sed
145 2053 184 2114 ad
215 2050 427 2139 confutandum
460 2049 655 2112 mendacium.
701 2051 777 2113 llinc
803 2051 883 2113 Deus
912 2049 998 2112 initio
1021 2051 1127 2114 muudi
1149 2069 1294 2131 nusquam

63 2151 115 2217 illis
141 2163 192 2216 est
212 2172 286 2216 usus
302 2152 447 2225 uocibus,
477 2155 543 2214 cbm
565 2152 676 2214 bdamo
699 2152 886 2232 loqueretur,
917 2153 1050 2233 quamvis
1073 2153 1218 2227 Verbum,
1239 2170 1296 2234 per

60 2257 140 2333 quod
166 2256 268 2316 omnia
290 2255 364 2316 sacta
387 2263 467 2328 sunt,
490 2273 557 2316 cum
579 2255 630 2315 illo
653 2262 744 2316 essct.
782 2255 843 2316 Nec
865 2255 942 2317 enim
966 2262 1028 2316 tum
1051 2254 1098 2316 his
1120 2273 1197 2334 opus
1220 2262 1293 2328 erat

57 2374 126 2420 urm
158 2357 293 2418 nundum
327 2355 405 2417 idola
438 2357 555 2417 lucrant
581 2356 709 2418 inventa.
752 2357 861 2418 Postea
889 2366 986 2419 auteur
1009 2375 1097 2436 quam
1118 2357 1293 2420 hominess

51 2461 185 2522 veritate
214 2457 385 2520 deiecerunt
414 2458 530 2537 sibique
558 2457 631 2519 deos
653 2458 690 2519 ad
718 2458 871 2520 arbitrium
906 2459 1127 2531 confinxerunt,
1159 2465 1230 2519 tunc
1256 2458 1381 2527 adram
1459 2476 1465 2483 ’

46 2560 155 2623 falsos
180 2560 255 2622 deus
283 2559 524 2622 exterminandus
555 2560 643 2620 verba
665 2559 869 2621 huiuscemodi
893 2562 976 2622 luere
999 2560 1176 2620 necessaria.
1220 2558 1293 2621 blihi

40 2678 131 2725 vero
156 2661 243 2723 liceat
264 2662 352 2722 etiam
380 2662 505 2734 addere,
533 2661 582 2721 illa
611 2670 680 2722 ante
702 2661 919 2723 haereticorum
942 2661 1089 2723 insaniam
1112 2660 1189 2721 dicta
1212 2678 1292 2736 esse,

33 2771 94 2823 ut
114 2765 187 2826 inde
209 2763 394 2845 exploratum
415 2764 575 2838 haherent,
599 2782 682 2837 eum,
711 2783 797 2842 quem
820 2772 901 2825 extra
923 2763 1020 2825 Patris
1042 2771 1176 2825 naturam
1199 2762 1294 2824 [lcum

28 2861 194 2945 fingunt,
229 2883 289 2926 non
319 2883 386 2927 csse
414 2884 518 2926 verum
546 2864 640 2927 Deum
668 2884 764 2945 neque
794 2865 888 2927 solius
914 2865 1063 2947 primique
1084 2864 1241 2943 imaginem
1264 2870 1296 2927 et

26 2961 166 3027 filium.

147 3273 178 3334 9.
226 3271 372 3343 Quocirca
395 3271 452 3332 etsi
475 3271 563 3333 Pater
585 3271 668 3333 sulus
691 3289 779 3332 uerus
807 3270 888 3332 Deus
916 3271 1037 3343 dicitur,
1068 3289 1127 3330 non
1157 3271 1292 3349 prolecto

16 3358 171 3434 dicitur
193 3372 229 3432 ad
253 3372 468 3452 repudiandum
491 3392 568 3447 eum,
592 3373 644 3453 qui
666 3372 752 3434 dicit:
775 3373 837 3453 qu
860 3393 928 3435 sum
949 3377 1074 3439 veritos.
1097 3372 1150 3433 sed
1173 3372 1208 3433 ad
1225 3371 1293 3433 illos

21 3469 258 3547 ¹'eliciendum
288 3474 337 3554 qui
368 3478 472 3536 natura
493 3477 554 3537 veri
577 3494 637 3536 nou
661 3485 749 3549 sunt,
779 3475 874 3554 qualis
904 3477 968 3556 ipse
990 3483 1038 3537 est
1059 3474 1146 3536 Pater
1168 3473 1294 3553 eiusque

25 3553 201 3640 Verbum.
246 3575 296 3638 Sic
318 3576 396 3638 enim
418 3577 563 3639 Dominus
586 3577 652 3657 ipse
675 3576 774 3637 statim
803 3577 971 3638 coniunxit:
1004 3577 1042 3640 Et
1071 3596 1156 3658 quem
1183 3578 1296 3639 misisti

34 3660 163 3742 Iesum
187 3679 350 3741 Christum.
395 3679 453 3752 Qui
476 3678 501 3740 si
524 3697 574 3739 res
596 3687 678 3740 esset
699 3686 806 3753 creata,
829 3697 889 3739 non
912 3686 992 3740 certe
1013 3678 1217 3741 coniunxisset
1237 3695 1294 3738 nec

40 3784 95 3841 Bc
119 3799 187 3842 cum
211 3799 266 3841 suo
289 3788 422 3841 creatore
444 3788 642 3842 numerasset.
688 3779 771 3852 Quae
794 3781 873 3842 euim
895 3782 1023 3843 societas
1046 3799 1116 3842 vero
1140 3799 1205 3842 cum
1229 3797 1290 3840 non

93 3984 115 4016 e.
136 3967 234 4017 Gohler.
254 3976 279 4017 et
292 3968 395 4016 l'elclm.
411 3968 432 4016 l.
450 3959 523 4031 ἔλεγε
540 3961 586 4014 καὶ
603 3961 654 4026 τὴν
701 3960 766 4019 θεὸς
784 3959 797 4013 ὁ
815 3960 914 4033 πατήρ.
951 3968 978 4017 ln
1002 3967 1056 4016 aliis
1081 3975 1104 4015 et
1128 3966 1198 4014 editis
1223 3965 1292 4013 deest

45 4030 175 4093 ’elsim
211 4035 287 4083 iidem
307 4037 394 4084 ibidem
414 4044 437 4085 et
456 4036 512 4096 llep.
528 4037 548 4084 l.
567 4052 595 4084 ac
608 4039 653 4085 Se·
701 4028 772 4087 θεός.

46 4108 127 4153 sues.
148 4093 323 4152 ἂντοιαῦτα.
359 4104 652 4153 lliicteditioCommel.
736 4137 760 4184 ΙΙ.
787 4138 827 4185 Sic
855 4137 909 4199 Res.
931 4137 952 4185 ¹.
980 4145 1004 4186 et
1027 4136 1127 4196 segnes·
1161 4136 1189 4182 Μ
1208 4134 1249 4182 am
1267 4141 1292 4183 u

55 4157 75 4184 η
137 4163 145 4179 .
235 4168 248 4180 .

49 4180 293 4316 ωιτῗξοῖῗτῖί
312 4240 411 4301 Segucr.
436 4230 513 4305 ῥητά.
549 4239 610 4288 Edill
630 4248 654 4289 ⁸²
703 4199 1001 4337 {fflgegq‘iarwogina'ruzliip
1021 4204 1108 4323 chararico.
1123 4202 1291 4319 philliet‘gdili
1396 4245 1403 4257 ’

48 4309 99 4357 *lii
120 4301 240 4373 ρηματα.
705 4353 790 4393 ουτως

92 4390 117 4438 8·
137 4377 178 4424 5ἰο
196 4375 253 4437 fleg.
266 4375 288 4422 l.
306 4374 406 4436 Seguer.
426 4375 523 4425 Gohler.
534 4374 652 4424 etlalck-
806 4355 860 4406 7⁰¹9
878 4353 924 4388 m
941 4354 1030 4393 “⁰¹⁰9

51 4443 144 4493 manni
163 4443 186 4491 1.
220 4448 249 4493 bt
274 4442 313 4491 alii
338 4451 362 4492 et
385 4443 441 4492 editi
468 4437 529 4491 οὕτε
555 4437 585 4490 δὲ
603 4440 652 4490 τοῦ
738 4442 754 4491 i.
777 4443 834 4505 fleg.
856 4443 877 4493 1.
895 4443 995 4505 Sequar.
1021 4441 1118 4492 Gohler.
1144 4448 1167 4489 et
1185 4438 1291 4488 Felclrm.

48 4505 158 4570 μόνον.
191 4508 246 4560 llos
262 4510 354 4574 lieni.
373 4511 503 4575 etSequer.
523 4501 653 4570 ἀληθινὸς
706 4512 727 4560 1.
745 4504 770 4560 'ri
785 4505 895 4577 κτίσμα.
932 4500 1118 4561 uditretatirel
1135 4501 1165 4557 δὲ
1181 4501 1291 4572 κτίσμα.
