2948 5092
120 250 163 316 ιο
651 255 824 303 meanto.

121 416 261 481 homiliae
283 414 399 494 aliaque
420 411 478 473 sub
505 411 569 473 sius
599 368 721 472 nomino
749 409 869 489 scripto.
912 406 1034 469 Eusebii
1056 406 1149 469 libros
1171 406 1239 468 lbos
1261 424 1356 469 nemo

122 518 228 581 doctus
251 515 357 586 nescit,
379 512 495 576 etiamsi
517 531 573 592 pm
594 531 627 573 se
651 529 712 572 noo
734 511 832 590 magui
854 509 916 570 sint
937 506 1097 580 momenti,
1119 514 1217 570 moseo
1239 507 1355 570 idcireo

121 618 201 681 baud
216 616 354 694 exiguum
369 614 480 675 habere
499 613 638 692 pretium,
662 610 741 692 quod
764 611 854 672 multa
877 613 1042 689 hugmenta
1057 609 1158 690 operis
1172 609 1356 672 Marcelliani

122 712 282 802 περῒτῆς
302 715 361 779 τοῦ
389 710 463 776 olori
492 705 660 796 ὑποταγῆς
689 713 876 785 contineant,
904 710 1076 790 exquibus
1106 710 1234 773 obscure
1265 718 1358 790 etque

124 828 316 881 controversa
339 813 473 896 episcopi
495 815 639 894 Ancyrani
669 813 817 875 sententie
845 811 972 873 maxime
994 812 1165 875 illustranda
1188 822 1217 873 et
1238 811 1356 874 diiudi-

124 921 216 982 cxoda
238 928 296 980 est.
340 916 441 994 ltaque
463 915 601 995 quoniam
616 916 807 994 requiruntur
821 914 859 975 ab
880 913 1030 988 omnihus,
1052 913 1148 993 quiin
1164 912 1357 993 disceptanda

123 1019 251 1084 Heraclii
274 1034 361 1079 cause
384 1033 440 1078 suo
462 1016 572 1077 iudicio
594 1017 637 1077 uti
662 1015 777 1087 volunt,
807 1015 844 1077 iis
865 1014 950 1077 loeus
979 1016 1010 1076 in
1031 1014 1211 1075 Bibliotheca
1233 1023 1357 1094 musam

124 1121 288 1200 dogmatica
310 1118 426 1179 ridetur
447 1117 657 1178 concedendus
673 1134 749 1178 csse.
793 1115 853 1178 Sed
868 1125 902 1178 ut
915 1125 1027 1178 taceam
1050 1115 1121 1176 olim
1136 1115 1194 1176 iam
1209 1114 1355 1177 liettber·

124 1222 214 1302 giam
236 1218 356 1282 scholae
372 1218 615 1280 ileostbaliensis
637 1227 794 1289 rectorem,
818 1217 1029 1288 Marcelliano,
1052 1216 1111 1278 hoc
1131 1225 1180 1278 est
1200 1214 1357 1278 collectio-

122 1341 191 1384 nem
213 1322 455 1400 fragmentorum,
477 1337 603 1398 quorum
626 1319 716 1380 modo
739 1319 921 1379 mentionem
943 1317 1010 1391 leci,
1034 1317 1191 1396 Gottingae
1213 1336 1240 1378 a.
1259 1319 1357 1400 1194.

123 1423 271 1494 edidisse,
294 1420 464 1500 nuperrime
486 1421 609 1482 Busebr'i
628 1420 780 1501 Pamphili
800 1429 910 1482 contro
932 1419 1101 1481 Hieroclem
1123 1430 1152 1480 et
1174 1417 1358 1480 Marcellam

124 1524 200 1586 libri
220 1541 309 1603 opera
333 1532 362 1583 et
383 1521 482 1583 studio
505 1521 612 1582 Thone.
635 1520 784 1582 Gaislordi
806 1520 902 1583 Oxou.
925 1539 951 1583 a.
971 1522 1063 1584 1852.
1086 1520 1274 1601 prodierunt,
1298 1537 1355 1581 ne-

125 1642 183 1703 que
206 1624 295 1702 igitur
316 1641 392 1703 opus
414 1631 461 1684 est
476 1631 507 1682 ut
529 1621 627 1682 denuo
649 1623 726 1702 typis
750 1621 965 1684 exscribantur.
1008 1621 1231 1701 Disputationes
1255 1628 1356 1682 sutem

123 1723 238 1804 Didymi
267 1724 304 1785 de
327 1723 466 1796 trinitate,
495 1722 641 1801 siquidem
670 1723 735 1785 eius
764 1732 849 1794 suut,
879 1723 990 1784 ariris
1019 1723 1115 1784 doctis
1144 1721 1295 1803 plerisque
1322 1724 1358 1783 in
1394 1718 1400 1727 “

123 1825 277 1887 tractando
301 1825 358 1886 hoc
380 1825 517 1902 dogmate
543 1842 670 1903 prorsus
700 1824 890 1904 negliguntur
911 1825 957 1885 vel
985 1825 1174 1903 ignorentur:
1203 1822 1290 1885 euius
1310 1823 1356 1884 rei

124 1944 213 1988 causa
234 1926 334 1987 nescio
358 1935 456 1989 utrum
479 1925 520 1986 sit
533 1924 637 1987 unicae
660 1926 800 1988 editionis'
815 1926 1052 2005 blingarellianae
1069 1927 1190 1997 raritas,
1213 1942 1251 1986 an
1273 1925 1356 2004 quod

122 2027 223 2107 ipsum
250 2045 327 2107 opus
357 2027 572 2088 infructuosum
601 2035 631 2088 et
658 2027 768 2089 nullius
795 2029 937 2088 momenti
966 2045 1033 2089 esse
1059 2025 1157 2088 visum
1185 2025 1234 2088 sit.
1280 2024 1356 2087 Nom

123 2129 202 2210 quod
232 2128 371 2209 Didymus
398 2137 523 2208 propter
559 2130 721 2191 sententias
749 2128 945 2208 origenianas
974 2146 990 2189 a
1019 2127 1134 2207 synodo
1166 2122 1357 2212 dudqposiop

122 2229 283 2291 iustiniani
305 2229 389 2291 iussu
412 2236 570 2290 convocata
592 2237 732 2308 tanquam
754 2231 922 2291 haereticus
946 2231 1101 2291 damnatus
1123 2235 1154 2289 et
1174 2246 1190 2289 a
1214 2227 1354 2300 Maltino,

122 2332 264 2412 pontihee
286 2350 422 2403 romano,
445 2331 631 2392 anathemate
652 2331 807 2410 perculsus
830 2340 886 2405 est,
909 2331 938 2391 id
962 2330 1126 2402 neminem,
1149 2329 1251 2402 eredo,
1273 2346 1357 2391 nunc

124 2432 312 2505 deterruerit,
334 2432 493 2512 quominus
521 2427 615 2492 libros
643 2430 721 2510 legat
743 2440 772 2493 et
794 2432 829 2493 ad
853 2433 1000 2510 dogmatis
1023 2430 1243 2510 expositionem
1265 2429 1356 2492 adbi-

125 2533 208 2607 beat,
244 2533 419 2614 praesertim
456 2549 545 2611 quum
575 2541 693 2593 constet
720 2532 802 2594 illum
832 2541 917 2593 antea
945 2550 1080 2612 magnam
1109 2530 1185 2610 apud
1214 2532 1360 2593 doctores

3 2710 11 2718 ,
124 2636 267 2699 ecclesiae
296 2634 439 2696 habuisse
463 2635 580 2706 lamam,
610 2651 705 2712 neque
728 2633 765 2695 de
794 2652 944 2695 consensu
973 2632 1106 2695 eiusdem
1128 2652 1194 2694 cum
1218 2632 1277 2694 lide
1298 2632 1356 2694 Ni·

124 2753 213 2800 ceena
237 2756 308 2799 esse
328 2735 501 2798 dubitatum.
547 2733 702 2814 Utcunque
723 2754 774 2797 res
798 2755 865 2796 sese
888 2735 985 2809 habet,
1008 2743 1121 2796 certum
1137 2744 1184 2795 est
1198 2733 1359 2813 Didymum

125 2838 234 2916 ingemi
258 2837 392 2900 acumine
408 2844 439 2897 et
452 2836 621 2915 disputandi
642 2835 749 2915 peritia
771 2847 859 2915 atque
874 2837 1043 2916 eloquentia
1064 2835 1238 2896 inferiorem
1260 2835 1359 2896 luisse

125 2938 298 3010 Athanasio,
320 2923 444 3006 Basilio,
466 2937 611 3014 Gregorio
635 2944 777 3014 utroque,
800 2946 831 2997 ut
854 2939 880 2998 si
902 2956 967 2999 eum
992 2937 1038 2997 his
1060 2945 1258 3014 comparetur,
1282 2934 1359 2996 nihil

124 3036 283 3099 admodum
312 3035 349 3095 ed
378 3034 581 3112 expoliendam
612 3036 758 3113 dogmatis
792 3037 947 3098 formulam
977 3048 1007 3098 et
1035 3037 1195 3098 acuendahx
1223 3035 1357 3098 demon·

126 3137 300 3198 strationem
324 3135 457 3196 videatur
478 3136 653 3196 contulisse.
699 3136 783 3197 Sicut
802 3156 855 3216 per
883 3147 975 3199 totam
997 3139 1085 3199 vitam
1115 3155 1266 3199 summum
1287 3148 1358 3219 sto-¹

125 3238 206 3300 dium
227 3236 331 3317 posuit
353 3235 381 3296 in
405 3236 550 3315 scripture
573 3255 655 3298 sacra
679 3257 713 3298 ex
735 3239 921 3318 praescripto
943 3247 973 3300 ot
995 3240 1031 3300 ad
1054 3238 1220 3320 exemplum
1243 3239 1356 3318 Orige-

124 3339 173 3400 nis
195 3337 426 3416 interpretanda,
449 3337 520 3399 item
543 3339 579 3399 ad
603 3339 816 3418 profligandam
839 3340 975 3402 haeresin
999 3341 1135 3403 Arianam
1158 3358 1193 3401 ac
1212 3341 1356 3402 blacedo-

123 3440 242 3502 oiaaam
265 3438 294 3499 id
310 3438 468 3518 praecipue
490 3439 558 3520 egit,
582 3449 615 3502 ut
636 3441 802 3520 scripturae
818 3460 919 3503 sacrae
941 3441 1120 3503 testimoniis
1135 3458 1225 3521 saepe
1246 3442 1355 3523 copio-

125 3540 189 3603 sius
212 3539 357 3619 expositis
379 3539 533 3602 veritatem
556 3541 729 3603 catholicam
752 3543 880 3606 muniret
902 3553 933 3603 et
953 3542 1222 3622 argumentationes
1242 3543 1356 3606 haere-

126 3641 254 3703 ticorum
278 3640 314 3701 ab
337 3641 443 3703 eodem
458 3643 542 3704 lente
557 3643 659 3705 ductas
676 3645 851 3706 confutaret.
897 3646 998 3724 ltaque
1013 3644 1043 3705 in
1058 3644 1142 3705 libris
1159 3645 1194 3705 de
1208 3644 1357 3717 trinitate,

124 3760 200 3821 quos
221 3749 293 3822 post
305 3741 456 3805 Athanasii
479 3751 509 3805 et
521 3745 623 3807 Basilii
638 3746 675 3807 bl.
691 3754 818 3807 mortem
832 3756 973 3826 provecta
995 3755 1090 3808 aetate
1111 3744 1354 3830 contra-Lucium

126 3841 208 3904 illum
229 3841 419 3905 Alexandrini
447 3845 624 3907 Asianorum
655 3854 758 3909 coetus
787 3847 951 3909 antistitem
981 3847 1141 3927 scripsisse
1169 3846 1357 3927 perhibetur,

123 3943 252 4006 lectores
282 3943 359 4005 sacri
389 3945 500 4008 codicis
532 3948 660 4011 oraculis
690 3966 784 4027 paene
816 3949 928 4022 obruit,
962 3948 1061 4010 minos
1083 3964 1154 4009 vero
1184 3947 1368 4010 rationibus·

124 4044 297 4123 dogmatum
329 4044 483 4121 subtilius,
517 4066 605 4129 quam
628 4048 757 4111 ab-aliis
789 4051 896 4112 lactum
929 4058 1006 4122 erat,
1040 4048 1200 4110 reddendis
1232 4050 1357 4112 adiurit.

123 4145 255 4208 Laudem
285 4143 471 4225 eloquentiae
499 4149 561 4212 sive
587 4150 711 4229 peritiae
740 4151 889 4213 sermonis
916 4151 975 4212 iam
1000 4150 1199 4230 Hieronymus
1228 4149 1358 4230 Didymo

125 4245 288 4327 derogavit,
311 4263 367 4308 nec
388 4249 454 4327 ipse
476 4249 532 4311 sihi
556 4243 620 4312 eam
644 4253 800 4331 arrogavit.
844 4253 895 4314 llle
922 4253 952 4314 in
981 4253 1163 4333 praelatione
1190 4252 1222 4314 in
1243 4251 1357 4314 librum

124 4347 163 4410 de
185 4347 291 4428 spiritu
320 4357 422 4410 saneto
450 4349 540 4412 latios
566 4352 714 4415 redditum
747 4353 818 4416 dicit
847 4363 998 4416 auctorem
1020 4358 1194 4435 inperitum
1214 4371 1360 4416 sermm

125 4445 396 4527 moesticiam)
428 4469 491 4513 aon
518 4455 653 4516 scientio.
697 4454 754 4517 llic
774 4454 807 4518 in
827 4456 887 4518 dne
907 4456 975 4518 libri
1007 4454 1124 4518 scribit:
1159 4453 1247 4518 Sicut
1274 4457 1358 4517 carin
