2948 5092
99 230 164 299 ²88
497 208 932 293 041minidiiincnmiisco91

12 399 155 466 τινακαὶ
177 391 228 464 ἀπ’
252 391 353 462 αύτού
381 399 440 463 τοῦ
468 396 565 483 λόγου
596 391 670 463 ἀντὶ
697 397 756 462 τοῦ
784 397 832 482 τῷ
861 398 1053 484 γεννήσαντι
1073 399 1121 484 τῷ
1144 397 1329 485 ποιήσαντι

98 493 334 582 ·δνομάζουσιν
357 499 390 564 οἱ
412 495 517 584 άγιοι,
542 493 587 576 ὥς
609 492 796 584 ἀδιαφόρου
819 501 878 563 τοῦ
900 494 1047 584 ῥήματος
1068 497 1163 577 ὄντος
1184 497 1331 568 ἐπὶτῶν

97 598 272 680 τοιούτων,
302 601 364 678 ἕως
384 598 424 665 τὸ
444 599 529 666 κατὰ
550 598 650 687 φύσιν
673 594 892 684 ὁμολογεῖται.
938 594 975 665 ού
998 598 1060 686 γὰρ
1083 600 1119 666 αἱ
1140 601 1246 680 λέξεις
1269 601 1331 689 τήν

98 698 200 787 φύσιν
221 704 477 787 παραιροῦνται,
511 695 597 766 ἀλλὰ
616 702 743 784 μᾶλλον
763 697 784 789 ή
808 700 909 788 φύσις
930 700 990 780 τὰς
1011 703 1115 781 λέξεις
1132 701 1184 784 ,είς
1207 702 1332 792 ἑαυτήν

98 801 238 869 ἕλκουσα
258 801 471 887 μεταβάλλει·
493 805 547 869 καί
568 800 630 888 γὰρ
652 797 691 868 ού
712 800 875 889 πρότεραι
895 807 962 871 τῶν
984 798 1107 871 ούσιῶν
1128 804 1186 870 1ἀἱ
1209 805 1326 885 λέξεις,

98 895 173 968 ἀλλ’
203 903 239 969 αλ
267 898 380 969 ούσίαι
404 906 538 988 πρῶται
563 902 620 970 καὶ
649 902 797 990 δεύτεραι
823 903 949 971 τούτων
977 905 1013 971 ai
1034 906 1146 984 λέξεις.
1193 905 1249 972 διὸ
1272 904 1330 972 καὶ

62 1036 66 1042 ’
98 998 178 1070 ὅταν
197 1000 218 1093 ἦ
241 998 339 1072 ούσία
359 1011 507 1092 οποίημα
526 998 548 1093 ἢ
569 1012 690 1088 κτίσμα
709 994 740 1093 ᾖ,
763 1004 839 1074 τότε
859 1005 899 1072 τδ
915 1005 1053 1093 ἐποίησε
1066 1007 1121 1073 καὶ
1136 1006 1175 1073 τὸ
1196 1006 1328 1093 ἐγένετο

95 1106 151 1172 καὶ
172 1102 211 1171 τὸ
232 1106 339 1174 ἔκτισε
358 1103 478 1193 κυρίως
500 1103 552 1175 ἐπ’
575 1100 684 1174 αύτῶν
704 1108 834 1194 λέγεταί
854 1106 967 1176 τεκαὶ
989 1114 1142 1196 σημαίνει
1162 1108 1202 1175 τὸ
1224 1117 1329 1198 ποίη-

94 1226 160 1292 μα·
183 1202 262 1275 ὅταν
285 1209 321 1276 δὲ
341 1204 362 1296 ή
385 1202 483 1276 ούσία
503 1214 645 1296 γέννημα
665 1197 686 1296 ᾗ
707 1208 764 1276 καὶ
784 1209 866 1291 υίός,
888 1208 965 1276 τότε
985 1208 1025 1276 τὸ
1047 1209 1187 1298 ἐποίησε
1207 1214 1264 1278 καλ
1287 1209 1329 1278 τὸ

95 1307 223 1396 ἐγένετο
243 1313 317 1378 ἰκαὶ
338 1309 378 1376 τό
401 1311 525 1379 ἔκτισεν
547 1304 606 1378 ούκ
625 1311 675 1378 δτι
688 1317 808 1399 κυρίως
823 1307 875 1380 ἐπ’
892 1305 993 1378 αὐτοῦ
1007 1321 1116 1378 κεῖται
1130 1306 1209 1379 midi
1222 1319 1329 1401 ποίη·

93 1432 143 1497 μα
164 1418 327 1500 σημαίνει,
353 1405 422 1479 ἀλλ’
447 1407 521 1480 ἀντὶ
541 1416 601 1480 τοῦ
623 1412 772 1501 ἐγέννησε
792 1416 840 1501 τῷ
862 1411 1019 1501 ἐποίησεν
1040 1409 1238 1501 ἀδιαφόρως
1259 1423 1329 1494 ’τις

94 1516 248 1600 κέχρηται
274 1514 405 1603 ῥήματι.
449 1514 612 1595 πολλάκις
638 1517 716 1601 γοῦν
743 1520 885 1601 πατέρες
910 1514 989 1594 τοὺς
1010 1515 1047 1595 ἐξ
1067 1511 1176 1583 αύτῶν
1198 1514 1331 1604 φύντας

94 1613 188 1695 υἱούς
209 1616 346 1696 δούλους
367 1616 493 1684 ἑαυτῶν
517 1611 729 1702 ὀνομάζουσι,
757 1619 811 1683 καλ
835 1612 893 1683 ούκ
922 1613 1099 1705 ἀρνοῦνται
1127 1616 1167 1682 τὸ
1188 1616 1328 1704 γνήσιον

92 1719 153 1808 τῆς
173 1717 321 1807 φύσεως
355 1721 408 1784 καί
437 1718 599 1797 πολλάκις
620 1717 697 1798 τοὺς
719 1717 823 1797 ίδίους
851 1718 989 1798 δούλους
1018 1717 1329 1808 φιλοφρονούμενοι

93 1824 190 1888 τέκνα
210 1822 357 1901 καλοῦσι,
380 1819 437 1887 καὶ
458 1815 497 1887 ού
518 1821 702 1909 κρύπτουσι
721 1819 797 1909 ἰτήν
820 1820 856 1900 ἒξ
876 1815 976 1910 ἀρχῆς
997 1816 1108 1888 αὐτῶν
1128 1823 1263 1906 κτῆσιν·
1286 1822 1326 1887 τὸ

93 1923 154 2008 μὲν
167 1922 229 2011 γὰρ
245 1919 296 1990 ἀπ’
322 1922 473 2003 ἐξουσίας
488 1920 533 2001 ὡς
551 1927 692 2008 πατέρες
706 1923 847 2009 λέγουσι,
870 1922 961 1990 τὸδὲ
977 1921 1234 2011 φιλανθρώπως
1250 1916 1327 1989 ὄνο-

92 2021 243 2109 μάζουσι.
288 2022 402 2111 Σάρρα
422 2026 500 2110 γοῦν
521 2023 579 2093 τὸν
597 2019 751 2111 Ἀβραάμ
770 2022 883 2111 κύριον
905 2024 1022 2105 ἐκάλει,
1045 2030 1102 2091 καί
1115 2047 1170 2090 τοι
1184 2022 1230 2111 μή
1247 2023 1327 2090 δού-

94 2125 133 2214 λη
155 2119 241 2193 ἀλλὰ
262 2124 399 2211 σύζυγος
420 2115 512 2207 οὖσα,
535 2129 589 2193 καὶ
613 2121 632 2192 ό
653 2128 714 2211 μέν
736 2119 926 2205 ἀπόστολος
950 2125 1116 2214 Φιλήμονι
1129 2128 1178 2212 τῷ
1194 2149 1328 2213 Ικτησα-

92 2231 181 2314 μένῳ
203 2229 366 2313 συνῆπτεν
388 2222 434 2306 ὡς
456 2222 601 2316 ἀδελφὸν
619 2223 795 2314 Ὠνήσιμον
816 2227 874 2294 τὸν
897 2229 1025 2308 δοῦλον,
1047 2223 1067 2314 ἡ
1091 2228 1127 2294 δὲ
1149 2229 1327 2314 Βηρσαβεέ

92 2334 149 2396 καί
169 2351 224 2395 τοι
244 2327 350 2417 μήτηρ
381 2319 464 2397 οάσα
484 2329 541 2396 τὸν
564 2328 635 2396 υἱὸν
658 2328 767 2398 ἐκάλει
789 2330 923 2410 δοῦλον,
954 2331 1095 2416 λέγουσα
1122 2332 1170 2416 τῷ
1198 2336 1309 2416 πατρί
1317 2350 1326 2364 ·

92 2431 150 2499 τόν
172 2430 292 2498 δοῦλόν
313 2454 374 2498 σου
396 2433 607 2515 ῑΣολομιδνα,
632 2425 704 2498 εἶτα
723 2434 779 2498 καί
794 2430 919 2498 Νάθαν
936 2427 955 2497 ό
970 2430 1144 2519 προφήτης
1162 2430 1327 2509 είςελθὼν

91 2531 135 2601 τδι
156 2526 240 2600 αύτὰ
262 2533 366 2621 ἐκείνη
390 2534 479 2620 ἔλεγε
498 2536 547 2620 τῷ
569 2533 695 2618 Added,
717 2528 774 2619 du
794 2535 978 2618 Σολομῶνα
998 2533 1056 2600 τὸν
1078 2530 1197 2599 δοῦλόν
1221 2537 1324 2614 σουἿ,

90 2638 154 2703 καὶ.
169 2630 227 2703 οὐκ
247 2636 380 2720 ιέμελεν
403 2630 516 2724 αὐτοῖς
536 2635 594 2702 τὸν
616 2633 689 2702 υἱὸν
712 2634 819 2703 εἰπεῖν
837 2636 972 2701 δοῦλον·
995 2630 1122 2701 ἀκούων
1136 2633 1198 2721 γὰρ
1213 2628 1326 2722 κάκεῖ-

5 2800 9 2812 ,
91 2759 147 2816 νας
169 2737 368 2824 ίπεγίνωσκε
388 2738 447 2823 τήν
469 2737 580 2824 φύσιν,
603 2735 659 2803 καὶ
681 2725 775 2804 οὗτοι
797 2738 833 2803 δὲ
855 2737 1003 2823 λέγοντες
1019 2733 1124 2814 ούτως
1145 2730 1204 2801 ούκ
1226 2730 1325 2824 ήγνό-

91 2861 149 2907 ουν
177 2840 216 2907 τὸ
243 2839 392 2929 γνήσιον·
421 2838 624 2927 κληρονόμον
645 2841 724 2925 γοῦν
745 2835 857 2927 ήξίουν
880 2835 981 2906 αύτδν
1002 2841 1061 2904 τοῦ
1083 2836 1213 2923 πατρὸς
1235 2843 1325 2923 γενέ·

91 2947 186 3023 σθαι,
212 2942 249 3009 ὃν
271 2939 317 3021 ὥς
338 2942 456 3008 δοῦλον
479 2940 624 3020 ἐκάλουν,
646 2929 686 3028 ήν
708 2940 769 3028 γὰρ
791 2939 864 3019 υἱὸς
884 2944 924 3028 τῇ
948 2940 1047 3029 φύσει
1068 2941 1127 3006 τοῦ
1149 2939 1272 3024 Audio.

175 3053 206 3112 4.
243 3041 366 3130 Ὥςπερ
388 3049 499 3110 τοίνυν
521 3037 799 3129 ἀναγινώσκοντες
826 3044 931 3108 ταῦτα
953 3040 1181 3126 διανοούμεθα
1202 3042 1321 3120 καλῶς,

89 3147 145 3212 καὶ
167 3142 342 3224 ἀκούοντες
364 3146 482 3211 δοῦλον
504 3144 562 3211 τὸν
584 3145 766 3228 Σολομῶνα
781 3138 820 3210 ού
834 3144 1010 3228 νομίζομεν
1024 3139 1125 3210 αὐτὸν
1141 3136 1229 3209 εἶναι
1244 3144 1322 3209 δοῦ-

89 3246 158 3327 λον,
182 3241 266 3313 ἀλλὰ
288 3245 388 3335 φύσει
409 3244 465 3312 καὶ
485 3245 619 3332 γνήσιον
639 3243 729 3312 υἱόν·
752 3241 858 3324 οὕτως
881 3245 938 3312 ἐὰν
959 3244 1015 3312 καὶ
1035 3244 1115 3330 περὶ
1135 3247 1195 3311 τοῦ
1214 3247 1324 3331 σωτή-

90 3371 148 3434 ρος
169 3350 228 3414 τοῦ
251 3343 388 3436 ἀληθῶς
410 3341 672 3433 ὁμολογουμένου
701 3346 774 3414 υίοῦ
801 3349 856 3413 καὶ
887 3346 987 3434 φύσει
1015 3345 1113 3432 λόγου
1137 3343 1234 3425 όντος
1256 3347 1325 3413 ἰλί-

89 3470 192 3536 γωσιν
215 3450 248 3516 οἱ
270 3447 377 3536 ἅγιοι·
405 3449 528 3516 πιστὸν
551 3446 632 3516 ὄντα
651 3451 700 3536 τῷ
722 3448 903 3536 ποιήσαντι
925 3441 1040 3528 αύτύν,
1070 3442 1091 3534 ἢ
1119 3440 1221 3526 αύτὸς
1241 3452 1322 3535 περὶ

90 3549 208 3619 ἑαυτοῦ
231 3550 288 3619 ἐὰν
310 3554 402 3640 λέγῃ·
423 3549 535 3638 κύριος
557 3551 664 3619 δκτισί
683 3575 741 3636 με,
770 3557 841 3618 καί·
865 3549 928 3637 ίγώ
951 3551 1069 3628 δοῦλος
1090 3547 1150 3628 σὸς
1169 3546 1227 3616 καὶ
1248 3550 1323 3629 υίὸς

89 3655 148 3741 τῆς
169 3655 348 3742 παιδίσκης
370 3677 430 3721 σου
442 3657 475 3735 ²),
498 3657 552 3721 καὶ
575 3649 640 3719 ὅσα
659 3655 808 3733 τοιαῦτα,
831 3653 875 3742 μή
899 3651 957 3719 διά
970 3655 1069 3717 τοῦτο
1085 3644 1323 3737 ἀρκείσθωσαν

89 3750 177 3835 τινες
197 3755 256 3843 τὴν
278 3755 313 3824 έν
333 3758 393 3822 τού
415 3755 544 3843 πατρὸς
566 3748 667 3823 αύτοῦ
690 3754 856 3842 ἰδιότητα,
881 3749 950 3821 ἀλλ’
976 3750 1021 3834 ὡς
1042 3753 1099 3821 ἐπὶ
1121 3754 1322 3838 Σολομῶνος

161 3981 185 4042 1)
206 3981 226 4031 ι.
246 3976 282 4046 [ο.
301 3980 381 4048 ixii]
399 3982 456 4044 neg.
478 3942 508 4041 ι,
520 3980 560 4031 ιε.
579 3978 620 4030 ιο.
697 3978 722 4040 2)
741 3980 803 4030 isai.
826 3978 881 4040 116,
902 3978 934 4029 ιε
952 3973 1023 4043 μω,
1042 3978 1066 4028 τ.
1084 3978 1152 4028 Lxx.
1171 3975 1210 4026 ιε.
1229 3973 1323 4042 κόρη.

124 4166 145 4202 υ.
164 4150 263 4213 Sogdoi.
281 4142 463 4215 ίνομόζωσιν.
730 4148 803 4198 ΒεείΙ.
821 4149 911 4209 ΑυςΙίε.
937 4148 993 4209 fleg.
1013 4146 1112 4198 θείνει.
1138 4153 1162 4195 ει
1179 4145 1287 4195 Feickm.
1301 4148 1324 4196 l.

123 4219 146 4269 b.
166 4220 306 4270 hiemi.
326 4211 356 4266 ai
373 4215 468 4274 λέξας’
487 4211 531 4267 διό
548 4212 595 4267 καί
611 4207 681 4269 ὅταν
731 4225 755 4266 οι
773 4217 796 4266 5.
814 4209 859 4266 ἐπ’
880 4205 978 4264 αύτῶν.
1012 4214 1058 4266 Alii
1082 4222 1105 4263 et
1131 4215 1189 4264 editi
1207 4205 1256 4262 ὑπ’
1277 4206 1326 4262 αύ-

88 4294 133 4339 οίι.
152 4287 250 4337 omissis
268 4287 428 4338 intermediis.
730 4282 794 4335 τῶν.
831 4285 890 4335 ibid.
910 4285 1010 4345 Seguer.
1029 4282 1127 4335 Gohier.
1146 4281 1288 4333 ειδείυέια.
1301 4283 1325 4333 1.

124 4370 144 4406 ε.
163 4355 203 4404 Sic
221 4356 320 4419 signer.
340 4353 594 4434 Gobierulieleitmll.
613 4361 637 4404 ιι
653 4354 678 4404 d.
721 4345 838 4418 ,λέγεταί
854 4365 890 4403 τε,
926 4352 973 4402 Sed
1001 4351 1025 4401 in
1050 4351 1104 4400 aliis
1122 4357 1146 4399 οι
1164 4350 1237 4400 editis
1254 4350 1327 4402 deest

90 4423 119 4474 ii
135 4438 149 4474 ι
167 4422 241 4486 negiu
260 4423 405 4474 ειδείελα.
421 4422 446 4474 δ.
469 4423 538 4473 abest
554 4437 579 4489 d·
615 4421 679 4473 Editi
729 4433 767 4470 τε.
806 4422 865 4471 item
893 4420 981 4470 ibidem
1001 4433 1059 4468 mss.
1078 4432 1163 4468 omnes
1182 4413 1322 4484 σημαίνει.

89 4477 229 4557 αοίημαή
248 4482 264 4553 ἢ
281 4485 401 4559 κτίσμα-
423 4490 680 4558 Ριιίυφστιεοςσει.
729 4489 809 4540 Editio
828 4488 945 4540 Commi.
964 4481 1093 4553 σημαίνει,
1113 4487 1241 4538 mendoso.
