2948 5092
473 235 588 307 'enarro
604 263 646 306 in.
663 264 778 307 conatu
792 264 926 309 anianae.
1061 256 1074 296 '-
1242 254 1301 335 aar

101 417 188 477 ilium
218 415 359 485 habetur,
394 416 491 476 niellus
520 415 671 475 dubitandi
694 415 776 475 locus
800 423 860 486 est,
891 416 961 494 qtvin
984 417 1049 495 ipse
1072 419 1230 489 Dominus,
1254 422 1389 499 qutiens.

101 519 300 596 iterrogabat,
324 519 352 578 id
375 519 458 595 prius
482 517 569 576 Petro
593 537 626 576 ex
650 516 735 577 l‘atre
757 518 944 589 revelaverit,
975 520 1138 598 deindeque
1160 530 1193 582 ut
1215 523 1304 584 homo

101 619 328 698 derrogaverit,
363 637 420 696 quo
455 618 687 686 demonstraret,
723 638 772 692 ea,
806 621 842 680 de
872 621 978 698 quibus
1003 624 1163 682 secundum
1187 643 1304 686 carnem

101 722 290 783 :iscitabatur
318 731 347 781 et
375 739 448 798 qnae
472 721 576 779 Petrus
605 730 667 780 erat
696 721 843 791 dicturus,
878 741 910 783 se
940 724 1102 784 secundum
1125 726 1303 788 divinitatem

101 826 200 902 ignita
225 823 341 884 habere.
387 822 547 882 Fatendum
571 841 640 910 ergo
663 830 716 892 est,
740 822 787 883 illa
804 824 980 901 cognovisse
995 825 1110 898 Filium,
1134 828 1182 905 qui
1200 848 1304 907 nempe

101 927 182 986 mnia
207 934 236 985 et
258 943 344 984 sumn
365 924 481 983 Patrem
506 925 602 994 novit,
634 943 689 1001 qua
710 924 806 986 Patris
836 927 1004 1004 cognitione
1025 928 1099 987 nihil
1120 948 1191 990 sane
1213 930 1306 991 maius

101 1036 128 1087 rt
152 1027 315 1106 perfectius
339 1044 406 1085 esse
428 1034 537 1103 potest.

168 1132 222 1191 47.
266 1128 303 1187 Et
324 1127 397 1187 haec
418 1128 536 1204 nantem
559 1126 707 1188 sulhciunt
728 1127 763 1188 ad
787 1127 852 1189 illos
868 1129 954 1206 plene
969 1129 1157 1190 refellendos.
1187 1130 1307 1193 biberet

101 1249 180 1290 tmen
205 1230 277 1289 haec
299 1229 335 1288 ab
357 1229 414 1289 illis
436 1230 607 1306 requirere,
639 1248 696 1306 qiio
727 1230 890 1290 evidentius
914 1231 968 1302 sit,
999 1251 1051 1291 ens
1075 1240 1103 1291 et
1119 1232 1253 1316 ¹veritatis
1277 1241 1307 1295 et

101 1332 194 1393 bristi
220 1332 349 1392 nefarios
372 1332 475 1391 hostes
499 1350 584 1403 esse3
615 1331 725 1391 scilicet
746 1333 1056 1411 apostotus-secunda
1079 1335 1114 1394 ad
1138 1334 1306 1395 Corinthios

101 1433 218 1512 pistola
241 1433 279 1493 ita
301 1433 417 1493 scribit:
448 1432 518 1493 Scio
542 1434 688 1494 hominem
710 1437 742 1494 in
766 1412 979 1496 conserente
1001 1454 1098 1498 anons
1121 1436 1307 1514 ptantnorde-

101 1541 154 1609 in,
186 1541 250 1596 aive
276 1541 308 1596 in
337 1554 466 1613 corpore
495 1540 610 1609 nescio,
646 1539 708 1595 sive
736 1547 826 1597 cntra
856 1555 967 1615 corpus
990 1541 1106 1606 nescio,
1135 1537 1216 1598 Dens
1238 1541 1304 1599 ecit.

104 1637 161 1699 uid
186 1655 257 1713 ergo
280 1636 328 1696 bic
350 1634 472 1696 dicitis?
495 1635 581 1695 Novit
603 1636 775 1713 Apostolus,
797 1637 869 1714 quid
892 1637 949 1697 sihi
965 1638 994 1698 in
1011 1638 1124 1699 visione
1139 1639 1304 1716 contigerit,

101 1749 149 1802 :et
172 1739 252 1799 dicat
271 1743 386 1808 neso'o,
410 1738 455 1797 vel
478 1757 537 1797 non
561 1737 666 1798 novit?
703 1739 734 1798 Si
757 1757 816 1799 non
839 1741 961 1800 novisse
984 1741 1186 1818 respondetis,
1209 1740 1307 1801 videte

101 1862 112 1904 e
138 1840 296 1902 erroribus
320 1841 430 1899 assueti
455 1840 484 1899 in
500 1840 646 1917 Phrygum
670 1859 787 1919 quoque
809 1841 988 1919 impietatem
1010 1843 1156 1914 incidatis,
1179 1861 1305 1921 quorum

101 1962 191 2022 empie
226 1942 372 2003 sententia
405 1952 466 2013 est,
500 1943 664 2020 Prophetas
693 1952 723 2004 et
750 1942 823 2004 alios
847 1945 932 2014 Verbi
956 1945 1148 2006 administros
1170 1946 1307 2024 ignorare

101 2065 140 2107 m
165 2064 213 2114 ea,
236 2063 309 2122 qnae
331 2052 430 2121 agunt,
455 2052 516 2104 tum
540 2063 613 2121 quae
636 2046 826 2140 annuntiant,¹
859 2046 944 2118 Quod
969 2047 993 2108 si
1016 2056 1129 2117 nosset,
1152 2066 1218 2109 cum
1235 2047 1307 2108 dixit

101 2151 193 2214 racio,
217 2146 326 2224 quippe
348 2146 396 2224 qni
414 2145 561 2207 Christum
586 2148 615 2208 in
639 2147 740 2225 seipso
764 2147 820 2208 sibi
844 2149 943 2208 ouinia
967 2150 1190 2227 patel'acientem
1212 2149 1295 2210 habe·

101 2258 140 2319 tt,
176 2266 214 2306 an
245 2265 305 2306 nou
335 2265 438 2308 revera
470 2267 629 2327 perversus
653 2258 681 2310 et
705 2249 893 2310 damnatione
914 2268 969 2328 per
991 2270 1023 2311 se
1046 2251 1238 2335 dignissimus
1259 2257 1307 2312 est

101 2351 129 2413 ei
156 2348 288 2409 bostium
317 2352 451 2420 animus,
486 2352 534 2428 qni
563 2352 738 2430 Apostolum
760 2353 906 2413 dicentem
928 2357 1027 2415 nereio
1051 2354 1127 2414 scire
1150 2352 1246 2424 aiunt,
1277 2360 1307 2414 et
1378 2420 1381 2425 ,

101 2451 241 2513 ominum
264 2450 400 2511 similiter
421 2452 566 2513 dicentem
589 2457 688 2515 rveacr'a
716 2454 830 2514 nescire
858 2454 1062 2516 contendunt?
1105 2454 1177 2514 Nam
1209 2454 1234 2514 si
1258 2471 1305 2525 eo,

101 2554 160 2615 rod
185 2552 320 2612 Christus
342 2554 372 2612 in
396 2553 444 2613 illo
469 2564 565 2625 esset,
589 2556 674 2615 scivit
694 2555 803 2616 Paulus
827 2575 876 2626 ea,
899 2575 973 2634 quae
996 2575 1029 2617 se
1052 2557 1167 2617 nescire
1189 2556 1244 2625 ait,
1267 2572 1305 2614 an

101 2675 139 2717 an
163 2654 259 2714 multo
282 2655 374 2732 magis
399 2656 454 2715 scit
476 2656 622 2729 Christus,
646 2658 714 2717 licet
735 2676 768 2718 ae
790 2657 906 2718 nescire
929 2656 1031 2718 dicat?
1064 2657 1163 2735 ltaque
1186 2654 1304 2716 Christo

101 2757 275 2819 itelariente
296 2766 419 2829 noverat
440 2759 617 2836 Apostolus,
647 2760 716 2836 quiid
745 2758 801 2819 sibi
830 2759 994 2831 evenisset;
1027 2758 1172 2837 siquidem
1194 2756 1304 2818 idcirco

101 2879 142 2922 ee
168 2858 223 2918 ait:
258 2856 327 2919 Scio
351 2860 497 2919 hominem
520 2865 551 2921 in
577 2861 707 2922 Christo.
751 2860 823 2922 Nam
846 2861 895 2938 qui
918 2860 1068 2920 bominem
1090 2867 1227 2930 noverat,
1244 2876 1318 2929 nou,

101 2980 152 3022 me
175 2959 339 3036 ignorabat,
363 2978 490 3038 quonam
515 2962 603 3023 modo
627 2972 728 3040 raptus
751 2962 858 3024 luisset
879 2962 927 3022 ille
942 2962 1043 3022 bomo.
1075 2962 1208 3022 Elizaeua
1224 2959 1305 3031 item,

101 3063 126 3125 ri
154 3061 246 3122 Etiam
269 3061 299 3121 in
322 3062 432 3123 caelum
455 3065 519 3141 rapi
541 3064 623 3134 vidit,
648 3072 769 3126 noverat
791 3082 862 3124 sane
877 3063 1027 3141 quomodo
1043 3071 1193 3124 assumtus
1209 3068 1305 3134 esset3

101 3175 210 3226 tamen
233 3164 366 3241 quamvis
396 3164 423 3224 id
452 3184 511 3225 non
544 3165 711 3242 ignoraret,
746 3165 815 3226 liliis
846 3165 1061 3243 Prophetarum
1094 3162 1304 3226 arbitrantibus

101 3268 174 3329 liam
197 3265 226 3326 in
250 3265 374 3343 aliquem
404 3267 548 3327 montium
577 3286 593 3328 a
622 3267 732 3346 Spiritu
761 3268 926 3346 proiectum
958 3267 1066 3340 luisse;
1100 3266 1147 3327 ille
1175 3265 1387 3344 increementa.

103 3369 125 3444 ri
150 3368 238 3429 initio
268 3377 406 3440 noverat,
436 3371 513 3446 qnod
542 3371 671 3443 viderat,
702 3389 794 3449 eaque
816 3370 853 3431 de
875 3389 907 3430 re
930 3369 996 3431 illos
1018 3370 1127 3431 lecerat
1150 3369 1303 3442 certiorem

101 3471 186 3534 vdem
222 3469 389 3547 importune
423 3471 596 3548 urgentibus
626 3481 656 3532 et
684 3472 858 3551 cogentibus
889 3471 1032 3533 conticuit
1059 3479 1089 3532 et
1117 3469 1198 3531 abire
1227 3468 1303 3531 sivit

102 3558 157 3634 um
180 3589 267 3650 ergo,
291 3572 358 3649 quia
380 3572 536 3644 conticuit,
560 3572 710 3635 nescivit?
747 3574 832 3635 Certe
855 3573 956 3643 scivit3
985 3573 1037 3633 sed
1060 3591 1113 3634 eos
1135 3571 1219 3652 quasi
1241 3590 1305 3634 rem

101 3694 146 3737 ise
168 3673 300 3734 nesciret
326 3674 453 3744 dimisit,
486 3683 518 3735 ut
547 3677 666 3736 tandem
697 3677 832 3755 persuasi
863 3694 923 3737 nou
946 3675 1071 3754 amplius
1094 3675 1130 3737 de
1152 3673 1233 3735 Eliae
1254 3690 1304 3734 aa·

112 3829 130 3877 t.
153 3828 211 3874 tide
230 3827 346 3889 leiptran.
367 3829 431 3876 haer.
451 3828 491 3876 48.
719 3821 874 3895 ὃΧριστός.
913 3828 957 3876 Alii
970 3837 992 3877 et
1005 3829 1061 3877 editt
1073 3819 1139 3876 ariri
1151 3820 1165 3873 ὁ
1175 3817 1303 3890 Χριστός.

110 3913 135 3958 g.
157 3896 198 3943 Sic
216 3895 269 3955 [teg
294 3895 314 3942 l.
334 3897 431 3955 sepner.
442 3898 538 3943 Gotder.
551 3904 572 3944 et
583 3897 666 3944 Felrlt-
754 3899 775 3946 lr.
795 3898 850 3953 Reg.
862 3898 882 3946 1.
902 3898 1001 3957 Segner.
1021 3893 1302 3946 detinetdetinet.

101 3963 162 4013 anni
183 3963 205 4010 l.
243 3964 303 4010 ento
323 3977 376 4010 reru
395 3955 424 4009 lv
442 3955 515 4028 αὐτῷ
534 3957 584 4009 τὸν
600 3963 667 4030 Χρι-
719 3963 886 4029 τοῦκυρίου.
922 3965 1000 4015 Ceteri
1028 3974 1051 4013 et
1079 3966 1135 4013 editi
1163 3959 1212 4008 τοῦ
1235 3952 1303 4008 υἱοῦ.

101 4026 149 4080 r'or
167 4023 223 4078 τὸν
246 4021 477 4079 ἀποκαλύπτοντα,
516 4032 588 4079 Perde
613 4040 669 4095 post
718 4033 771 4081 blot
790 4034 846 4093 lteg.
869 4034 889 4081 l.
914 4040 937 4080 et
956 4033 1054 4092 Segner.
1072 4025 1126 4096 γὰρ
1143 4025 1190 4079 καί
1207 4039 1299 4094 φησιν.

101 4115 134 4157 ῃ.
159 4099 180 4146 l.
205 4099 344 4159 arguerim.
364 4101 459 4149 Gobter.
480 4109 502 4146 et
521 4101 625 4148 Feli-tim.
646 4100 667 4147 l.
719 4102 805 4150 Aliter
824 4092 952 4164 editiyu'p
972 4112 1066 4165 φησιν.

101 4158 237 4232 εομάχων.
257 4166 336 4215 Ceteri
349 4175 373 4214 et
386 4160 680 4232 enrrixmaropetpav„
754 4168 774 4230 t.¹
789 4169 844 4226 iter.
865 4169 887 4218 1.
906 4177 929 4216 et
947 4171 1046 4229 Seguer.
1065 4156 1121 4216 olda
1138 4163 1203 4219 πῶς.
1262 4203 1265 4209 f

110 4239 126 4284 b
158 4236 215 4294 neg.
228 4234 248 4282 1.
267 4234 367 4294 Seguer.
386 4237 476 4284 Gobter
498 4245 520 4283 et
531 4237 633 4285 Falctm.
646 4237 668 4285 1.
754 4250 785 4286 m.
803 4232 855 4302 μέν
872 4238 940 4286 abeat
957 4253 970 4284 a
989 4237 1060 4286 basil.

101 4296 244 4354 ᾰσιουσιν.
280 4302 325 4350 Atii
343 4311 366 4351 et
385 4304 440 4351 edni
459 4299 590 4365 λέγουσιν.
754 4321 776 4354 ιι.
796 4306 867 4354 uasti.
886 4304 976 4367 Anglic.
1002 4313 1025 4353 et
1049 4303 1153 4352 Feleltm.
1172 4301 1195 4349 5.
1213 4291 1305 4348 trott-

107 4374 126 4422 i.
149 4372 208 4429 lteg.
228 4369 249 4418 l.
267 4378 290 4418 et
308 4364 556 4431 Segardinlnetdri
575 4381 598 4421 et
616 4387 670 4421 mox
721 4382 798 4419 σωσι.
838 4372 910 4421 Panlo
935 4380 989 4436 post
1013 4382 1112 4434 uterque
1132 4371 1186 4430 Reg.
1205 4370 1304 4428 Segnior.

101 4452 149 4505 περ
167 4432 248 4500 λέγει
285 4438 331 4486 arn
355 4447 378 4486 er
400 4440 456 4488 editt
480 4433 539 4488 laet
563 4449 585 4489 et
602 4431 670 4506 ὅπερ
720 4440 793 4489 aaut.
818 4442 914 4490 flenter.
939 4426 1304 4489 erroreum.1.0ta.drt

101 4519 159 4573 ru.
196 4504 439 4569 Panlopoatltog.t.
457 4516 481 4558 et
498 4510 571 4570 Sego.
588 4499 671 4560 αὗτὸς
721 4498 858 4576 ἅρπαγας.
893 4507 920 4558 ln
938 4507 993 4558 aliia
1009 4516 1034 4557 at
1050 4507 1122 4556 aditis
1139 4498 1155 4556 l
1172 4502 1265 4579 bot,
1304 4532 1309 4575 2

110 4597 245 4638 brainam
255 4602 308 4636 om·
318 4604 388 4636 aean.
401 4606 450 4638 aaa.
1069 4589 1103 4642 36
1146 4604 1152 4614 ·
