2948 5092
453 248 561 291 omaro
577 248 616 290 rr.
632 248 747 291 oonrm
760 200 896 291 trimos.
1217 236 1279 298 655
1400 250 1406 257 ·
1442 216 1445 223 Ι

54 410 106 465 est
129 408 266 463 testatus.
310 400 405 479 Atque
426 407 539 461 utnon
562 397 636 460 alius
659 405 704 461 est
725 398 885 459 paraclitus
912 407 941 459 et
963 398 1037 459 alius
1059 400 1186 479 Spiritus
1209 414 1366 463 san-reto.

54 512 137 575 otus,
160 501 214 562 sed
237 518 313 562 uuus
336 500 483 579 idemque,
506 501 551 561 sic
572 518 628 561 neo
647 498 726 561 aliud
748 509 795 560 est
811 499 935 560 Verbum
959 510 988 559 et
1009 500 1204 573 mineribus,
1228 503 1283 564 sed
1303 570 1311 583 Ι

53 605 189 667 Verbum
217 611 264 665 est
291 601 474 681 [inigenitus.
499 630 502 637 ·
525 601 585 663 Nee
611 600 689 662 euim
717 601 812 661 earnis
845 600 897 661 sed
927 600 1012 661 Verbi
1040 601 1171 682 pluriam
1199 602 1281 665 dixit.

55 706 251 786 Quapropter
273 704 322 783 qui
345 702 472 765 Verbum
495 712 525 763 et
545 703 651 764 Filium
673 703 761 763 audet
783 720 931 781 separare,
955 703 1096 782 Spiritum
1119 724 1237 785 qrroque
1253 714 1283 767 et

17 834 23 847 ·
53 807 237 871 Par-aditum
260 814 387 886 separet.
433 804 486 866 Sin
509 814 607 866 autem
622 804 790 865 individuus
807 812 855 865 est
869 802 1007 882 Spiritus,
1029 806 1211 869 individuum
1225 827 1281 888 pa-

56 911 134 972 riter
157 907 285 970 Verbum
309 926 376 969 esse
399 905 549 968 fatendum
572 914 634 979 est,
664 906 714 985 qui
744 906 821 966 idem
844 904 936 966 Filius
963 914 1009 967 est
1035 916 1066 968 et
1087 909 1231 986 sapientia
1253 917 1284 971 et

57 1013 165 1073 virtus.
210 1008 347 1070 Ceterum
369 1016 479 1069 nortun
505 1007 560 1086 ipsi
584 1006 715 1068 Gentiles
742 1007 893 1068 literarum
920 1006 1009 1087 periti
1038 1008 1175 1070 dilectum
1204 1010 1283 1072 idem

58 1130 187 1175 esseae
214 1110 407 1189 unigenitum.
450 1110 523 1169 Nam
545 1109 694 1171 Homerus
720 1107 760 1169 de
781 1106 958 1171 Telemaobo
980 1109 1094 1189 Ulyssis
1123 1111 1182 1172 tilio
1211 1112 1280 1172 uni-

57 1213 159 1294 genito
183 1214 223 1275 ita
245 1213 373 1274 secunda
397 1211 530 1289 Odyssea
551 1210 696 1289 loquitur:

305 1316 376 1385 Quid
397 1325 428 1372 tu
448 1333 512 1373 care
534 1325 581 1371 tuo
603 1316 686 1372 volvis
708 1314 759 1371 sub
781 1324 894 1389 peetore
916 1312 975 1373 ibi?

308 1417 378 1486 Quid
397 1418 496 1475 multas
519 1426 607 1475 terrae
628 1426 722 1492 partes
745 1434 893 1492 peragrare
913 1427 1052 1492 peroptas,
1153 1474 1157 1483 ,

308 1519 358 1588 Qui
381 1520 455 1576 sotus
478 1518 593 1577 dilectus
614 1518 665 1577 esi
685 1528 714 1577 at
734 1518 838 1576 divinus
860 1520 968 1594 Ulysses

307 1622 417 1695 ignotas
438 1623 510 1678 inter
530 1630 627 1695 gentes
648 1622 798 1697 patriisque
819 1630 941 1678 remotus

308 1723 423 1780 Sedibus
446 1724 555 1780 interiit.

57 1820 152 1903 tgiuu
174 1820 224 1900 qui
247 1821 330 1883 solus
353 1833 398 1884 est
419 1823 506 1903 patri,
528 1822 554 1883 is
576 1822 700 1885 dilectus
722 1821 894 1902 appellatur.

14 1926 18 1933 '
144 1924 196 1987 30.
242 1922 367 1996 Quidam
389 1943 425 1985 ex
447 1922 666 1987 samosatensis
688 1922 886 1986 sectatoribus
908 1922 1036 1985 Verbum
1058 1942 1075 1983 a
1095 1922 1177 1985 Filio·
1192 1941 1281 2003 sepa·

55 2034 142 2098 rant,
164 2025 305 2105 aiuntque
325 2025 431 2086 Filium
453 2044 522 2087 esse
543 2025 710 2098 Christum,
737 2024 816 2089 aliud
837 2034 936 2087 autem
956 2043 1025 2087 esse
1046 2023 1185 2087 Verbum.
1229 2025 1375 2089 hireni:

55 2134 158 2189 autem
186 2126 305 2191 errandi
333 2128 463 2189 occasio·
478 2128 561 2189 tuere
589 2127 636 2189 illa
664 2129 789 2189 hetuuru
813 2125 920 2203 verbu,
951 2145 1028 2209 quae
1056 2127 1173 2207 quidem
1202 2136 1284 2189 reete

53 2227 184 2309 protulit
204 2228 330 2298 Petrus,
358 2229 412 2289 sed
442 2246 581 2308 perverso
602 2228 660 2307 ipsi
681 2226 1029 2310 interpretanturt'suut
1055 2238 1152 2291 autem
1175 2230 1283 2292 huius-

55 2328 157 2391 modi:
189 2328 314 2393 Verbum
334 2333 415 2394 misit
437 2329 520 2391 Dm
540 2330 615 2412 filiis
635 2328 745 2402 lsrodi,
768 2335 960 2393 orrnsnrr‘orrs
979 2348 1084 2412 perere
1101 2349 1160 2410 per
1182 2331 1284 2393 Iesum

58 2418 225 2493 Cha-istuis.
268 2430 395 2494 Hioest
416 2432 747 2496 mamburnos·
770 2431 883 2511 Nempe
910 2431 992 2493 aiunt
1013 2430 1141 2493 Verbum
1170 2433 1208 2492 ita
1230 2450 1285 2510 per

55 2532 210 2595 Christum
231 2532 363 2595 locutum
385 2552 471 2607 esse,
498 2552 534 2594 ao
559 2552 613 2612 per
632 2532 796 2613 Prophetas
825 2532 953 2594 aientes:
981 2532 1063 2594 Hoeo
1085 2534 1157 2595 dr'rit
1177 2533 1284 2595 Domi-

56 2653 138 2709 rrotr;
160 2632 249 2696 elium
273 2635 350 2697 euim
373 2635 467 2698 fuisse
489 2635 666 2715 Prophetam
689 2644 720 2696 et
742 2636 829 2696 alium
852 2635 1020 2695 bominum.
1064 2633 1172 2695 Verum
1194 2634 1229 2695 ad
1253 2633 1284 2694 id

56 2754 224 2817 pomumm
253 2756 399 2817 reponere
428 2737 500 2798 haee
526 2736 615 2799 verba
636 2737 749 2817 primae
772 2736 922 2817 Epistulae
944 2737 980 2797 ad
1002 2734 1190 2797 Corinthios:
1217 2737 1283 2797 Es—

41 2838 231 2919 ·'spaetontes
253 2839 465 2902 revelationem
485 2839 611 2902 Dmnr'
629 2844 733 2903 rtostrr‘
751 2838 822 2901 deso
845 2838 972 2909 Christi,
995 2842 1048 2919 qui
1067 2849 1096 2900 et
1119 2838 1284 2919 confirmo-

58 2940 103 3003 dr't
120 2957 179 3003 eor
198 2959 294 3021 orpus
316 2945 349 3001 in
369 2939 461 3020 finem
482 2943 701 3017 sinceriores,
723 2946 756 3002 iu
778 2942 824 3002 die
844 2940 967 3019 Donpnr'
985 2944 1089 3003 nostri
1107 2938 1177 3002 lau
1194 2939 1285 3002 Chri·

58 3045 110 3103 rtr'.
154 3040 194 3101 Ut
215 3042 293 3102 enim
314 3059 376 3101 uon
396 3040 472 3101 alius
495 3040 629 3102 Christus
651 3040 771 3102 alterius
793 3040 903 3103 Christi
927 3042 1005 3101 diem
1026 3040 1195 3113 ehnbrmat,
1230 3040 1285 3102 sed

57 3141 124 3222 ipse
147 3143 178 3202 in
201 3143 248 3203 sni
269 3142 367 3221 ipsius
388 3142 437 3203 die
458 3151 662 3221 exspectantes
685 3144 854 3217 continuat,
882 3144 923 3205 ita
944 3143 1032 3211 Pater
1051 3142 1135 3203 misit
1156 3142 1283 3204 Verbum

56 3260 180 3305 omnem
202 3245 326 3319 iactum,
359 3252 393 3305 ut
418 3245 510 3305 homo
531 3246 626 3306 faetus
647 3264 703 3326 per
724 3244 856 3327 seipsum
876 3246 1069 3325 praedicaret.
1100 3245 1189 3307 'ilinc
1210 3244 1283 3307 sub-

57 3340 118 3405 dit:
142 3344 190 3407 In'e
210 3357 258 3408 est
279 3351 409 3409 onoma
429 3345 596 3420 nomnen
618 3346 698 3427 atqui
720 3348 851 3409 omnium
872 3346 1016 3409 Dominus
1036 3347 1163 3409 tersum
1184 3354 1240 3409 est.

143 3650 195 3713 31.
242 3648 281 3711 ttr
303 3650 380 3712 dahit
403 3650 522 3730 Moyses
543 3652 584 3713 od
603 3653 726 3715 Aurem
750 3650 1039 3723 Aristandrum,
1062 3661 1092 3714 et
1112 3654 1164 3732 foe
1186 3657 1286 3713 soeri-

91 3870 111 3919 ί.
130 3868 172 3919 Sie
188 3882 247 3919 tuss.
282 3872 312 3919 tt
327 3870 386 3921 editi
403 3860 560 3925 &notrae
580 3884 649 3920 man·
734 3873 750 3920 i.
768 3872 808 3920 Sie
826 3872 883 3932 her.
901 3873 1002 3931 sepner.
1020 3872 1093 3921 Besii.
1119 3879 1142 3921 et
1162 3870 1283 3931 tngttenn.

59 3938 130 3987 dosa.
700 3940 729 3989 tt
746 3939 787 3988 otii
806 3947 829 3987 et
848 3940 905 3988 editi
924 3926 979 3987 οὖν.

734 4007 756 4055 b.
775 4007 818 4055 lhc
842 4007 871 4056 ad
899 4008 1031 4069 marginem
1053 4008 1127 4068 negti,
1146 4007 1286 4067 Seguerian.

701 4075 770 4125 Cobl.
790 4084 812 4122 et
831 4074 936 4123 Feiebm.
957 4076 977 4124 l.
997 4078 1057 4124 baec
1075 4076 1200 4136 teguntur:
1219 4064 1286 4120 ἀπό-

700 4136 780 4197 δειξις
798 4132 852 4189 ἀπὸ
871 4140 926 4189 aori
937 4141 1079 4191 Αευιτικοῦ
1097 4135 1159 4207 περὶ
1176 4139 1223 4198 τῆς
1240 4132 1282 4206 ἔφ’

93 4210 116 4256 b.
137 4206 304 4269 bemseguer.
316 4208 389 4257 Basii.
407 4218 430 4258 et
447 4210 537 4269 Angiie.
556 4199 646 4263 adroic.
700 4204 740 4257 tut
755 4202 900 4276 πράγματι
917 4202 1056 4276 διαφόρου
1074 4201 1232 4274 ὀνομασίας.
1259 4208 1286 4275 td

56 4276 140 4326 Ceteri
165 4283 189 4324 et
213 4278 268 4325 edrti
293 4266 397 4328 αὐτούς.
433 4271 524 4328 ibidem
551 4278 607 4340 Reg.
626 4285 650 4327 et
700 4286 748 4327 est:
772 4279 885 4328 Probatur
908 4294 938 4328 ea
955 4281 1054 4329 Levitico
1071 4294 1119 4326 rem
1137 4279 1231 4325 eundern
1247 4276 1286 4326 di-

54 4347 160 4407 Sepuer.
184 4335 214 4391 ir
237 4342 269 4410 τῇ
286 4338 393 4393 tauros.
429 4346 474 4395 ttti
497 4360 551 4395 cum
578 4346 648 4396 editis
699 4360 763 4395 verre
780 4348 908 4410 oppedam
927 4362 987 4409 quae
1005 4347 1074 4393 rerba
1095 4344 1287 4394 inbssitiensiet

50 4406 85 4465 ἰν
102 4410 138 4479 τῇ
156 4402 249 4462 αὐτοῦ.
699 4415 829 4530 ἒηεΙίεειιο
854 4408 970 4464 antoroi
988 4400 1085 4463 sinsin
1104 4414 1157 4477 ipso
1176 4420 1287 4463 contextu

717 4482 825 4531 sbentur.

92 4053 116 4100 g.
136 4038 170 4087 hs
189 4038 245 4100 Res.
270 4040 370 4100 Seguer.
396 4048 420 4089 et
436 4040 567 4103 Scriptura.
603 4041 649 4090 ttit

57 4116 142 4155 autem
160 4113 185 4154 et
202 4106 259 4156 editi
276 4099 495 4172 ἀπεκδεχόμενοι.
