2948 5092
192 219 256 286 102
409 179 414 190 '
591 221 618 267 ι.
632 219 788 267 mmm
802 217 1025 263 ιτετιτνιεοοει

105 381 258 469 maa
290 372 368 463 ἡμῖν
401 373 435 441 έιι
465 374 524 458 τῆς
552 366 776 456 πανεγκλητον
805 366 930 444 θαλίας
956 370 1201 452 προφέρουσιν,·
1234 357 1256 450 5
1283 367 1419 450 πρῶτον

190 477 432 566 ἇναγνιότωσαν
462 468 562 560 αὐτὴν
588 469 788 555 μιμούμενοι
808 465 846 534 τό
868 455 955 553 ἦθος
975 470 1034 532 τοῦ
1056 466 1257 553 γράψαντος,
1280 466 1338 533 ἳνα
1359 462 1419 556 κᾷν

189 577 268 669 παρ’
294 580 414 664 ίτέρων
436 573 668 660 χλευαζόμενοι
688 569 847 655 μάθωσιν
870 567 904 634 έν
926 574 1015 654 ποίφ
1032 579 1158 636 κεῖνται
1172 569 1340 654 πτώματι,
1364 572 1419 637 καί

190 681 278 755 οὕτω
308 678 429 748 λοιπόν
458 679 649 763 λεγέτωσαν.
694 678 728 739 τί
756 665 787 738 δ’
813 664 853 738 άν
875 669 1003 738 εἴποιεν
1025 669 1061 748 ἐξ
1081 665 1195 758 αὐτῆς,
1224 665 1263 758 ’ἢ
1285 667 1341 738 ὅτι
1362 669 1421 738 οὐκ

191 780 242 857 άιί
267 782 285 851 5
307 779 391 862 θεὸς
411 777 522 866 πατὴρ
544 767 593 865 ἦν,
617 769 687 841 ἀλλ’
712 770 849 860 ὕστερον
870 777 1013 859 γέγονεν·
1037 766 1095 837 οὐκ
1117 765 1168 839 ἀεὶ
1182 760 1222 859 ἦν
1239 768 1257 837 5
1273 771 1355 854 υἱός,
1379 767 1418 839 οό

190 886 252 977 γὰρ
274 873 314 975 ἦν
336 881 416 969 πρὶν
439 882 598 970 γεννηθῇ·
622 872 681 944 οόκ
702 876 791 944 έοτιν
815 873 849 942 ἐκ
869 877 928 939 τοῦ
943 871 1080 959 πατρός,
1104 867 1172 940 ἀλλ’
1191 873 1227 953 έξ
1240 868 1298 940 οόκ
1314 872 1420 942 ὄντων

191 986 318 1075 ὑπέστη
341 987 394 1055 καί
418 978 533 1063 αὐτός·
557 976 614 1048 οὐκ
637 980 726 1048 ἔστιν
748 978 835 1057 ἴδιος
856 980 913 1062 τῆς
935 971 1051 1054 οὐσίας
1064 978 1123 1041 τοῦ
1138 974 1274 1062 πατρός,
1297 982 1421 1061 κτίσμα

191 1090 252 1181 γάρ
283 1088 352 1158 ίσιι
381 1088 435 1156 καί
464 1088 609 1171 ποίημα·
638 1083 712 1147 Ι’καί
741 1074 799 1146 οὐκ
821 1078 910 1147 ἔστιν
933 1072 1093 1165 ἀληθινὸς
1114 1075 1196 1157 θεὸς
1219 1073 1237 1143 5
1258 1077 1419 1163 Χριστός,

193 1188 279 1267 ἀλλὰ
299 1189 419 1278 μετοχῇ
442 1188 495 1255 καί
519 1180 618 1262 αὐτὸς
640 1180 870 1268 έθεοποιηθη·
893 1174 952 1246 οὐκ
973 1174 1044 1247 οἶδε
1058 1179 1116 1245 τὸν
1130 1185 1259 1265 πατέρα
1275 1174 1421 1267 ἀκριβῶς

194 1290 213 1365 λ
235 1291 315 1374 φης,
340 1287 416 1359 ⁰52⁸
440 1284 501 1376 όρᾷ
524 1282 542 1352 5
565 1284 662 1369 λόγος
682 1280 740 1349 τὸν
755 1287 884 1369 πατέρα
897 1284 1040 1361 τελείως,
1061 1283 1116 1347 καὶ
1131 1278 1207 1349 οὔτε
1221 1293 1330 1350 σονιεῖ
1344 1281 1422 1351 οὔτε

192 1394 345 1485 γινιόιτνιιιι
370 1386 513 1476 ἀκριβῶς
536 1382 554 1453 5
577 1384 673 1470 λόγος
694 1382 752 1449 τὸν
774 1390 919 1469 πατέρα’
949 1379 1007 1449 οόκ
1029 1383 1118 1450 ἔστιν
1140 1379 1159 1449 5
1182 1379 1344 1471 ἀληθινὸς
1364 1387 1421 1451 καί

194 1496 296 1575 μόνος
319 1488 418 1570 αὐτὸς
440 1491 516 1555 ‘rofi
538 1483 666 1572 πατρὸς
687 1483 792 1570 λόγος,
817 1479 886 1551 ἀλλ’
911 1479 1050 1570 ὀνόματι
1064 1485 1164 1570 μόνον
1180 1488 1308 1570 λέγεται
1323 1484 1422 1572 λόγος

195 1599 247 1667 καί
272 1599 394 1681 σοφία,
423 1592 476 1657 καὶ
497 1588 608 1674 χάριτι
630 1588 760 1672 λέγεται
780 1585 852 1665 οἷὸς
873 1585 929 1653 καὶ
951 1587 1104 1671 δύναμις·
1133 1581 1190 1653 οόκ
1213 1586 1301 1653 ἔστιν
1325 1584 1423 1673 άτρε-

194 1718 280 1775 τινος
303 1689 347 1773 ὥς
371 1687 388 1757 ό
412 1688 531 1777 πατήρ,
556 1684 640 1755 ἀλλὰ
662 1685 803 1773 τρεπτός
825 1687 897 1755 έστι
919 1688 1020 1776 φύσει
1042 1684 1087 1767 ιός
1108 1687 1150 1754 τὰ
1170 1694 1342 1773 κτίσματα,
1366 1692 1421 1757 καί

195 1797 306 1867 λείπει
327 1787 416 1878 αὐτῷ
440 1790 488 1868 είς
509 1788 696 1877 κατάληψιν
717 1793 776 1856 τοῦ
798 1793 921 1875 γνῶναι
934 1792 1067 1869 τελείως
1081 1789 1139 1856 τὸν
1154 1796 1300 1876 πατέρας
1332 1797 1424 1857 θαυ-

194 1894 303 1983 μαστή
325 1917 361 1981 γε
382 1888 402 1980 5
426 1892 554 1977 αἵρεσις
574 1892 658 1979 μηδὲ
679 1890 718 1958 τὸ
740 1891 891 1958 πιθανὸν
914 1893 1042 1975 έχονσα,
1065 1887 1169 1959 θάλλὰ
1189 1891 1243 1958 καὶ
1260 1891 1307 1970 είς
1321 1891 1362 1958 τὸ
1376 1892 1422 1979 μὴ

196 1992 281 2067 ιίναι
302 1993 386 2062 κατὰ
407 1996 466 2060 τοῦ
490 1990 585 2071 ὄντος
607 1993 850 2081 φανταζομένη,
874 1989 1026 2061 καλόντί
1049 1988 1211 2081 εὐφημίας
1234 1995 1422 2080 δοςφημίας

196 2098 310 2166 διόλου
338 2096 601 2183 προβαλλομένη.
648 2095 680 2162 εἰ’
705 2120 756 2174 τις
786 2093 851 2181 ἄρα
879 2094 921 2161 τὰ
942 2091 1020 2183 παρ’
1046 2091 1243 2183 ἀμφοτέρων
1265 2095 1424 2176 ἐξετάσας

196 2197 391 2286 έρωτηθείη,
415 2195 473 2283 τὴν
497 2192 660 2283 ὁποτέρου
682 2203 798 2264 πίστιν
820 2191 861 2264 όν
883 2197 1008 2278 ἕλοιτο,
1032 2191 1053 2286 5
1073 2196 1116 2263 τὰ
1137 2203 1226 2276 τίνος
1247 2190 1287 2262 άν
1309 2198 1425 2265 ἐ’ίποι

196 2299 326 2386 ῥήματα
348 2303 523 2384 πρέποντα
545 2293 630 2365 εἶναι
652 2302 740 2384 θεῷ·
767 2299 893 2382 μᾶλλον
922 2299 1036 2367 δὲκαὶ
1058 2299 1248 2367 εἰπάτωσαν
1271 2291 1369 2366 αὐτοὶ
1391 2299 1423 2366 οί

195 2403 255 2484 τῆς
277 2394 430 2484 ἀσεβείας
451 2398 594 2479 κόλακες,
617 2406 651 2465 τί
672 2406 797 2486 πρέπει
819 2404 896 2488 περὶ
917 2405 1002 2469 θεοῦ
1018 2401 1112 2480 (θεὸς
1121 2400 1182 2487 γὰρ
1193 2390 1374 2487 ἧνόλόγος
1383 2405 1422 2481 Ἣ

197 2499 408 2588 ἐρωτώμενον
431 2495 696 2587 άπονρίναοθαι.“
723 2498 792 2568 άπὸ
814 2501 875 2589 γὰρ
897 2501 1016 2569 τούτου
1038 2502 1093 2568 καὶ
1114 2501 1152 2567 τὸ
1168 2498 1246 2569 ὅλον
1261 2501 1423 2589 ἑκατέρων

195 2605 263 2669 τῶν
286 2604 545 2688 προβληθέντων
567 2601 807 2690 γνωσθήσεται,
830 2601 865 2670 τί
886 2609 1011 2689 πρέπει
1032 2605 1146 2689 λέγειν,
1169 2603 1207 2669 τὸ
1222 2593 1261 2688 ἦν
1276 2598 1297 2691 5
1312 2603 1352 2669 τὸ
1367 2598 1424 2669 οὐκ

196 2692 246 2790 ἦν,
269 2701 308 2768 τὸ
331 2698 383 2769 ἀεὶ
405 2697 425 2787 5
447 2700 486 2766 τὸ
508 2700 589 2786 πρὶν
610 2709 783 2786 γενέσθαι,
807 2703 845 2770 τὸ
868 2700 977 2772 ἀίδιον
999 2700 1020 2792 5
1041 2703 1079 2771 τό
1102 2700 1158 2793 ἀφ’
1183 2694 1223 2770 05
1244 2704 1300 2771 καὶ
1322 2704 1448 2786 ἑξέτε’

199 2798 361 2890 ἇληθινὸν
382 2796 403 2890 5
425 2808 523 2869 θέσει
544 2805 598 2868 καὶ
619 2808 738 2889 μετοχῇ
761 2805 817 2871 καὶ
838 2803 904 2872 κατ’
930 2807 1091 2886 ἐπίνοιαν,
1115 2810 1180 2872 τῶν
1201 2808 1346 2892 γενητῶν
1368 2806 1423 2873 ἕνα

186 2905 303 2990 ’λέγειν
326 2901 426 2970 αὐτόν
447 2898 468 2988 5
489 2906 535 2990 τῷ
559 2903 663 2988 πατρὶ
685 2905 863 2973 συνάπτειν
886 2904 995 2989 αότόν,
1018 2903 1192 2993 ’ἀνόμοιον
1215 2902 1315 2973 αὐτὸν
1339 2902 1423 2976 εἶναι

199 3002 266 3072 κατ’
293 2999 407 3071 οόσίαν
430 3007 488 3069 τοῦ
511 3003 638 3089 πατρὸς
660 2999 681 3088 5
703 3001 820 3090 ὅμοιον
841 3008 897 3074 καὶ
919 3010 1006 3075 ίδιον
1020 3013 1079 3076 τοῦ
1095 3008 1223 3095 πατρὸς
1238 3003 1332 3088 εἶναι,
1356 3014 1423 3074 κτί-

200 3128 269 3189 σμα
297 3100 382 3171 εἶναι
408 3100 429 3190 5
452 3100 499 3171 δι’
525 3101 626 3172 αὐτοῦ
647 3104 689 3171 τά
710 3114 873 3192 κτίσματα
894 3114 1106 3197 γεγενῆσθαι,
1137 3106 1236 3177 αὐτὸν
1259 3105 1345 3176 εἶναι
1367 3109 1422 3175 τὸν

199 3209 258 3272 τοῦ
286 3205 415 3292 πατρὸς
443 3205 540 3291 λόγον
562 3201 583 3292 5
605 3208 714 3294 ἕτερον
738 3208 831 3295 παρὰ
852 3213 983 3290 τοῦτον,
1012 3214 1066 3278 καὶ
1089 3206 1144 3279 δά
1161 3212 1284 3279 ἐκείνου
1306 3215 1422 3278 τοῦτον

199 3309 398 3392 γεγενῆσθαι
418 3310 473 3372 καὶ
495 3301 543 3372 δι’
568 3305 668 3395 άλλης
690 3317 823 3397 σοφίας,
846 3315 919 3378 Ιναὶ
942 3316 1058 3380 τοῦτον
1081 3308 1220 3396 ὀνόματι
1240 3312 1343 3396 μόνον
1367 3335 1424 3379 σο-

113 3415 283 3495 amiur
316 3410 369 3473 καὶ
399 3407 495 3494 λόγον
524 3410 721 3496 κεκλῆσθαι,
754 3406 902 3499 κᾷκείνης
924 3417 982 3499 τῆς
1004 3420 1126 3500 σοφίας
1147 3418 1264 3480 τοῦτον
1285 3419 1423 3498 μέτοχον

198 3508 254 3578 καὶ
276 3507 427 3596 δεύτερον
447 3514 654 3599 γεγενῆσθαι.

271 3700 293 3759 l)
312 3700 377 3749 Ιοια.
399 3701 421 3761 1,
444 3702 464 3750 1.

235 3850 255 3882 ι.
274 3825 291 3892 5
310 3835 378 3885 deest
403 3837 426 3886 in
445 3837 586 3900 Seguerinn.
606 3838 744 3888 Goblerian.
764 3847 787 3888 οι
873 3855 894 3887 e.
913 3839 1092 3901 Seguntianus,
1119 3837 1280 3886 Goblerianns
1298 3846 1322 3886 ει
1341 3837 1425 3885 Pelek-

200 3901 306 3951 Felckm.
328 3904 348 3952 1.
839 3922 903 3955 man.
918 3907 939 3954 l.
958 3897 1062 3954 εἴσοιτο
1080 3914 1104 3954 τι
1123 3897 1425 3971 ωοιμᾶλλονδὲείττῤ-

233 3970 257 4019 b.
277 3970 377 4031 Seguer.
394 3965 443 4017 καί
459 3973 554 4020 omittit.
839 3985 940 4021 τασαν.
980 3974 1069 4022 ibidem
1087 3974 1187 4041 Seguer.
1206 3966 1234 4018 τί
1250 3967 1384 4037 noina!
1417 3965 1427 4018 ἰ

235 4053 257 4085 τ.
275 4037 315 4085 Sic
338 4038 439 4099 Seguer.
465 4040 563 4088 Gohler.
588 4049 612 4090 ιι
639 4041 743 4091 Felckm.
765 4041 787 4090 1.
838 4039 914 4089 θεοῦ.
949 4035 1014 4093 θεὸς
1035 4033 1090 4119 γὰρ
1115 4043 1149 4100 ἢν
1174 4031 1295 4103 ὁλόγος.
1315 4032 1386 4104 ίρωτ
1415 4066 1427 4075 -

200 4103 263 4153 edin
281 4117 337 4152 νειο
362 4106 449 4154 etalii
475 4094 558 4161 αότὸς
575 4101 589 4155 5
608 4107 659 4156 τοῦ
676 4101 787 4173 πατρός.
838 4121 924 4174 μενον
941 4100 1155 4173 άπικρινιισθαι.
1192 4109 1233 4157 Sic
1251 4112 1307 4157 ιἰιιιι
1327 4109 1424 4159 uomet.

201 4170 261 4220 lbid.
281 4172 542 4225 comer.etre10k.1.
562 4166 681 4242 όνόματι
695 4169 785 4242 μόνφ.
840 4185 864 4226 ιι
880 4178 984 4226 ΡιΙεΙιιιι.
1007 4178 1028 4226 1.
1064 4180 1092 4226 λι
1116 4192 1163 4225 non
1188 4184 1254 4224 οοιει
1279 4175 1426 4232 ΙῗιΙεΙιιοτο,

235 4239 258 4288 d.
277 4240 317 4289 Sic
335 4242 434 4302 Segner.
454 4243 592 4293 numerian.
612 4254 635 4293 τι
648 4245 752 4294 Ριίιλιο.
766 4245 787 4293 l.
840 4253 919 4294 ulrum
939 4245 1010 4293 etiam
1036 4236 1217 4310 ἐρωτώμενον
1235 4258 1263 4291 an
1283 4234 1425 4358 ίρωτιίγτ-

200 4302 287 4354 Antii
312 4315 337 4356 ει
359 4309 416 4358 ειΙιιί
441 4299 501 4357 ἀλλ’
528 4301 626 4360 ἀεὶτὸ
675 4300 786 4370 ιἰείναι
839 4325 883 4359 νοι
901 4326 954 4361 tum
974 4313 1044 4361 edilis
1063 4315 1174 4360 Ιιτίιειοι.
1211 4311 1271 4358 edin
1288 4305 1317 4356 τί
1330 4324 1368 4374 πρ
1382 4323 1425 4358 τιτι

200 4370 276 4421 Ρειιλο
296 4382 352 4435 post
369 4375 470 4438 Sonuer.
481 4326 697 4446 προβαλλομίάη.
722 4382 786 4431 Ειλιιί
838 4374 903 4444 περὶ
919 4377 996 4434 θεοῦ,
1015 4371 1080 4432 θεὸς
1098 4365 1132 4439 ἢν
1146 4369 1263 4442 ὁλόγος,
1281 4369 1425 4460 louvign-

199 4437 428 4508 προεβολλομίνη.
837 4459 883 4494 νοι
906 4437 1103 4514 άτιοκρίνασθτ.
1130 4447 1191 4497 ibid.
1209 4448 1352 4508 Segueriun.
1370 4438 1424 4493 aaz
