2948 5092
452 245 561 290 onemo
576 245 619 287 ur.
637 244 750 288 cournu
765 244 900 289 ιιιιιιιοο.
966 287 969 292 ,
1223 230 1286 295 553
1325 231 1327 238 ’

58 404 201 482 cognouit
220 416 343 464 aensrun
366 395 502 481 llams'nr',
530 404 585 456 aut
608 398 673 474 qm's
698 394 893 456 eunsr'lr'arius
916 400 980 457 αἰιι
1001 394 1087 476 suit?
1122 396 1182 458 Car
1202 412 1374 470 veromam.

56 519 127 564 cum
149 500 250 571 sciret,
272 496 380 559 dixerit
400 495 608 557 nibilominus:
631 513 725 576 neque
748 496 843 558 Filius
866 501 962 567 nouit,
986 497 1133 560 nemiuem
1156 497 1289 560 fidebam
1341 538 1348 549 ι

57 601 190 663 arbitror
210 599 366 679 ignorare,
388 616 456 658 eum
477 604 601 677 propter
622 614 739 658 caruem
763 605 796 658 ut
816 597 969 659 bominem
991 597 1030 659 ita
1053 617 1123 660 esse
1145 598 1286 661 locutum.

57 703 123 765 llcc
148 703 229 763 enim
255 698 426 762 huiusmodi
455 698 589 760 delectus
615 697 652 760 ad
674 698 801 758 Verbum
823 699 965 777 pertinet.
994 699 1047 760 sed
1069 701 1106 761 ad
1129 702 1287 763 humanam

58 813 212 873 naturam.
244 801 328 863 cuius
362 799 526 879 ignorantia
559 797 679 888 propria
710 809 763 860 est.
809 799 897 873 Quod
918 800 1036 879 quidem
1059 800 1144 862 lacrlc
1165 800 1288 882 intelligi

57 903 182 985 poterit,
206 903 231 963 si
254 901 321 980 quis
344 901 463 962 sincero
484 900 595 973 auimo,
617 901 804 978 quandonam
826 901 972 980 quibusve
994 903 1068 963 baec
1088 901 1196 963 dixerit
1218 902 1286 964 Sal·

59 1014 156 1078 vator,
180 1003 248 1064 velit
261 1001 463 1082 perpendere.
496 1001 562 1062 Non
585 1001 696 1063 seilicet
718 1002 774 1063 ista
794 1001 875 1075 dixit,
899 1001 1016 1081 quando
1032 1001 1104 1063 caeli
1120 1022 1174 1082 per
1187 1005 1287 1082 ipsum

59 1106 129 1167 lacti
153 1112 233 1176 suut,
256 1121 316 1164 nou
338 1103 455 1181 quaudo
472 1103 598 1165 Verbum
621 1103 698 1182 apud
721 1102 818 1182 ipsum
835 1103 950 1164 Patrem
967 1102 1065 1165 omnia
1077 1094 1287 1183 componebat,

60 1224 159 1286 neque
182 1206 352 1284 priusquam
374 1204 465 1265 borno
487 1204 582 1276 fieret,
604 1203 658 1266 sed
680 1223 746 1266 cum
761 1205 888 1267 Verbum
905 1224 974 1267 caro
989 1206 1097 1268 lactum
1113 1213 1169 1266 est.
1203 1206 1286 1279 Qua·

59 1315 187 1387 propter
208 1306 325 1377 omnia,
348 1323 424 1384 quac
446 1306 528 1385 ipse,
559 1314 715 1384 postquam
737 1308 830 1368 lactus
853 1315 900 1368 est
920 1307 1028 1381 horno,
1051 1308 1181 1369 humano
1203 1324 1288 1368 mure

58 1408 202 1487 loquitur,
226 1398 260 1468 e'a
281 1407 427 1468 humanae
450 1415 571 1468 naturae
592 1425 717 1486 aequum
741 1419 788 1469 est
808 1407 988 1470 adscribere.
1031 1408 1176 1470 Nimirum
1199 1405 1288 1470 Verbi
1347 1398 1354 1412 ’

60 1510 216 1590 proprium
240 1516 286 1568 est
307 1527 356 1569 res
385 1509 477 1569 lactas
505 1526 700 1588 cognoscere,
735 1528 896 1589 earumque
922 1517 984 1571 tum
1016 1509 1194 1590 principium
1219 1517 1288 1571 tum

61 1612 152 1672 tinem
176 1628 238 1670 nou
260 1609 406 1688 ignorare,
429 1609 539 1689 quippe
561 1628 627 1671 curn
649 1610 714 1671 cius
737 1611 798 1671 siut
819 1630 919 1691 opera.
956 1611 1043 1672 Novit
1057 1611 1194 1690 proinde,
1216 1617 1291 1689 quot

61 1729 210 1792 quamque
231 1700 368 1771 diuturna
391 1718 494 1771 cuncta
524 1709 670 1784 effecerit,
700 1729 825 1790 cumque
853 1711 1036 1793 singulorum
1059 1711 1237 1792 principium
1259 1719 1291 1774 et

62 1814 151 1873 finem
180 1819 299 1886 noscat,
327 1810 409 1872 novit
439 1812 559 1873 omnino
583 1810 749 1890 generalem
772 1819 802 1872 et
824 1830 1009 1874 communem
1032 1812 1165 1873 omnium
1187 1812 1287 1873 tinem.

62 1912 150 1975 Certe
173 1931 240 1972 cum
260 1912 293 2001 in
317 1911 472 1991 Evangelio
495 1911 532 1973 dc
555 1931 588 1974 sc
612 1923 644 1973 ut
669 1912 793 1974 bomine
821 1914 860 1974 ita
887 1912 1032 1992 loquitur:
1069 1913 1176 1985 Pater,
1206 1915 1290 1978 uenit

62 2014 156 2085 lara,
192 2012 331 2092 glorifica
364 2012 475 2076 Filium
507 2024 608 2089 tirum,
642 2013 719 2076 clare
751 2014 951 2087 demonstrat,
984 2032 1018 2074 se
1049 2013 1156 2092 ipsam
1171 2032 1290 2094 quoque

61 2114 186 2187 huram,
220 2133 276 2193 qua
307 2115 437 2176 omnium
467 2134 567 2177 rerum
596 2115 663 2176 linis
687 2124 732 2176 est
753 2117 870 2177 laturus
892 2124 925 2176 ut
946 2114 1074 2176 Verbum
1096 2131 1375 2194 cognoscerentur.
1461 2181 1464 2186 ,

63 2217 118 2278 sed
150 2224 183 2277 ut
215 2216 366 2277 bominem
397 2217 545 2295 ignorare.
595 2217 731 2279 Hominis
765 2217 843 2278 enim
874 2217 1030 2296 proprium
1063 2227 1109 2278 cst
1140 2216 1289 2295 ignorare,

62 2361 235 2450 ἐπισφαλοῦς
253 2359 449 2448 silentiumne·
472 2360 526 2416 ἀλλ’
547 2362 649 2428 ἐπειδὴ,

63 2429 100 2488 ὡς
118 2432 133 2484 ὁ
151 2432 287 2501 μακάριος
312 2429 444 2499 Κὺριλλδς
460 2450 548 2517 φησιν
564 2430 594 2485 ἒν
612 2385 652 2484 ia·

59 2505 142 2569 χναῖς
170 2499 339 2581 διαιροῦντες
362 2498 525 2583 ἐννοίαις.Ι
509 2518 570 2564 qtae
602 2502 651 2552 rori

63 2577 251 2652 φαντασίαις,
278 2569 315 2635 τῷ
338 2560 432 2651 τρόπῳ
457 2570 505 2630 τῆς
522 2572 649 2649 dempster

62 2653 193 2717 ικατεραι
211 2652 319 2717 quaeue
337 2631 466 2731 ὁρῶμεν
463 2632 575 2687 ιδιαιιαι
568 2630 648 2685 καθ’

62 2702 148 2757 ἑαυτὰ
170 2703 371 2785 γνωρίσματα·
389 2703 477 2765 ηπαὶ,
503 2700 540 2760 uir
558 2700 572 2754 i
590 2707 652 2755 διο-

61 2769 145 2856 λόγος
163 2766 329 2854 Γρηγόριος,
355 2766 434 2853 ἦγικα
452 2768 481 2822 αἱ
499 2768 596 2839 φύσεις
613 2770 652 2821 δι-

61 2837 192 2892 ἵστανται
212 2842 270 2894 ταῖς
287 2836 428 2897 ἐπινοίαις
454 2839 653 2919 οονδιαιρεῑται

61 2907 109 2960 καὶ
133 2906 167 2957 τά
174 2901 330 2989 ὀνόματα·
358 2903 430 2959 ἴδιον
453 2906 483 2959 δὲ
505 2903 652 2986 γνώρισμα

63 2975 148 3042 ψιλῆς
166 2970 418 3055 ἄνιρωπότητος(
404 2996 418 3038 η
444 2970 559 3054 ἄγνοια
582 2970 652 3024 κατὰ

65 3046 147 3095 τοῦτο
167 3037 299 3123 ῥηθείη
282 3060 318 3092 αν
335 3038 378 3093 tut
390 3045 437 3104 τῆς
448 3040 518 3093 κατὰ
528 3039 653 3120 Χριστὸν

64 3108 291 3177 ἆνθριοπότητος,
311 3106 348 3166 ὦς
365 3106 455 3167 ἁπλοῖς
473 3107 653 3189 ἁνδρωπότη·

64 3197 120 3237 τος,
132 3181 300 3262 'tempsisset
311 3175 360 3239 τὴν
371 3173 495 3256 ᾆγνοιαν
513 3174 558 3228 καὶ
573 3178 652 3227 τοίτο

62 3246 110 3298 καὶ
127 3264 143 3296 ο
162 3241 293 3328 θεολόγοι
315 3242 471 3328 ἰτριίνωσιν
492 3241 588 3297 εἰπών·
612 3261 654 3310 γι-

62 3312 163 3366 rainere
179 3310 218 3369 ὡς
235 3310 307 3371 θεὸς,
334 3309 428 3394 ἆγνοεῖ
444 3311 509 3365 δὲ
492 3331 528 3369 rac
545 3309 653 3395 ἅνθρω-

63 3401 124 3440 πος,
145 3376 181 3431 ἄν
200 3398 239 3436 τις
257 3378 287 3431 τὸ
300 3377 472 3464 φαινόμενον
484 3378 595 3464 γωρίσρ
605 3381 653 3430 τοῦ

62 3449 330 3518 recommandises
348 3444 432 3501 εἰπών
449 3445 556 3530 lnuyrt·
577 3445 613 3503 ὡς
630 3442 654 3498 el

62 3523 112 3570 ιιαι
133 3534 206 3573 τινες
229 3519 285 3568 τῶν
301 3515 438 3598 πατέρων
463 3513 514 3579 τὴν
539 3533 654 3634 ezrom

64 3583 109 3639 tut
130 3588 177 3647 τῆς
193 3582 263 3635 κατὰ
280 3582 330 3634 τὸν
347 3602 404 3636 σωτ
406 3586 459 3667 ρ’ρα
472 3601 570 3663 anper
588 3600 653 3633 ανιο

65 3649 296 3736 αἰνθρωπόιητος
322 3670 374 3733 συγ
398 3670 435 3708 ιιι
453 3648 564 3733 δόγμα
574 3653 664 3702 τοῦτο’

64 3719 245 3804 προῆνιγοιαν,
268 3715 332 3801 ιἰλλίι
351 3717 420 3799 πρὸς
433 3737 482 3782 την
496 3713 656 3801 τώνἈρεια·

64 3793 124 3842 νῶν
141 3787 247 3869 μανίαν
265 3783 489 3871 ἀντιφιρόμινοι,
516 3804 541 3837 οι
558 3784 605 3836 καὶ
622 3783 656 3835 τὰ

67 3854 234 3925 ἀνθρώπινα
251 3852 341 3905 πάντα
359 3852 402 3906 επὶ
417 3854 465 3917 τὴν
477 3851 597 3915 desitura
609 3855 656 3904 rori

64 3927 234 4010 μονογενοῦς
255 3922 424 4004 μετέφερον,
445 3920 482 3977 ὥς
504 3939 539 3971 αν
555 3925 657 4001 κτίσμα

66 3992 116 4045 τὸν
134 3991 265 4042 ἆκιισιον
282 3986 365 4073 λόγον
377 3993 425 4042 τοῦ
439 3991 504 4042 θεοῦ
517 3984 656 4054 παραστή-

66 4076 167 4113 σιοσιν·
182 4051 655 4141 οίαονομικοίιιρονε’δοιιιμασανίπὶ

66 4132 116 4192 τῆς
141 4126 358 4208 ἀνἰρωτιοτητος
383 4143 470 4177 ταυτα
498 4124 619 4205 ‹pipem-
638 4118 653 4186 ἢ

66 4199 255 4277 παρμχοιρεῖν
267 4190 384 4250 ἐκείνους
405 4192 545 4262 attritum
568 4193 656 4242 ταῦτα

66 4261 136 4316 κατὰ
146 4258 344 4326 τῆςθεότητος.
373 4266 397 4314 ld
411 4274 462 4314 est:
480 4266 592 4315 Nonnulli
603 4278 655 4312 nero

66 4340 141 4401 ipsum
160 4338 275 4385 Christum
298 4338 363 4382 aiunt
387 4336 463 4384 dicere
480 4349 505 4382 se
523 4334 583 4381 diem
601 4333 657 4380 ulti-

66 4419 126 4453 mam
143 4407 267 4466 ignorare,
287 4409 312 4449 ut
328 4405 444 4465 propriam
462 4407 559 4449 naturae
576 4402 658 4448 lama-

67 4487 110 4522 nae
119 4479 198 4522 natam
208 4471 340 4521 ostenderet
351 4478 371 4518 et
381 4471 503 4528 indicaret,
524 4483 571 4517 nun
582 4475 660 4517 οοιιπι

703 2372 770 2433 quasi
787 2372 836 2434 ipse
854 2373 987 2432 ignoraret,·
1006 2371 1082 2420 absit:
1100 2370 1151 2429 (nee
1164 2371 1290 2421 enimads-

701 2454 746 2501 que
762 2439 893 2500 periculosa
911 2440 1036 2487 temeritate
1053 2440 1157 2488 adscribi
1175 2439 1291 2499 illiigna·

701 2507 778 2554 rautiu
799 2512 887 2568 potest,
916 2507 964 2554 sice
987 2506 1112 2554 secundum
1136 2506 1287 2562 diuinitatem,

702 2575 750 2621 siue
768 2573 892 2621 secuudum
910 2573 1084 2629 humanitatem)
1103 2572 1145 2621 sed
1163 2573 1239 2635 quod,
1264 2578 1290 2620 ut

703 2643 735 2688 ait
754 2642 833 2689 beatus
853 2641 965 2701 t'urtttus,
990 2653 1054 2687 mera
1072 2641 1210 2702 cogitatione
1226 2653 1292 2687 πιαι-

702 2711 778 2770 tisqae
805 2710 963 2771 perceptione,
996 2708 1096 2770 quadam
1122 2706 1292 2769 contemplandi

703 2779 786 2836 niodo,
806 2777 926 2839 utriusque
943 2781 1041 2823 naturae
1056 2777 1152 2838 propria
1171 2780 1192 2821 et
1209 2774 1291 2834 singu-

703 2844 763 2890 laria
789 2844 959 2891 retruderemus
981 2843 1087 2902 indicia;
1110 2842 1146 2889 eel
1164 2841 1239 2904 quad,
1265 2845 1292 2888 ut

704 2912 769 2958 docet
798 2909 923 2970 Tieotcgus
950 2910 1089 2971 Gregorius,
1119 2923 1169 2958 eum
1195 2914 1292 2957 amarae

704 2978 842 3038 cogitatione
868 2978 1044 3036 discernuntur,
1074 2978 1246 3037 distinguantur
1270 2981 1292 3024 rt

704 3046 804 3092 stamina.
831 3044 949 3106 Propriam
960 3051 1035 3092 autern
1050 3059 1124 3108 purae
1141 3043 1292 3092 humanitatis

703 3112 816 3159 indicium
833 3119 866 3159 ιιι
879 3113 1018 3173 ignorantia.
1054 3112 1110 3171 lluc,
1130 3113 1232 3174 iuquam,
1252 3124 1293 3160 ra·

705 3180 767 3226 tione
791 3185 867 3241 potest
890 3181 1022 3240 ignorantia
1045 3179 1182 3228 inmanitati
1208 3177 1293 3226 Cirristi

704 3248 814 3306 attribui,
839 3252 863 3293 ut
882 3254 916 3295 ert
932 3261 995 3296 mera
1012 3248 1151 3296 humanitus.
1187 3245 1214 3294 lt't
1233 3251 1295 3294 sate

704 3315 729 3361 id
747 3315 849 3362 dilucido
873 3315 998 3364 declararit
1024 3314 1151 3376 theologus
1175 3315 1294 3376 ipserum

704 3383 752 3431 ait:
771 3381 839 3429 Nevit
858 3389 882 3429 ut
901 3382 973 3439 bour,
992 3381 1086 3443 ignorat
1098 3395 1154 3429 vero
1167 3389 1192 3428 ut
1210 3381 1293 3438 homo,

704 3450 725 3496 si
750 3449 803 3511 quis
829 3448 938 3498 videlicet
961 3449 984 3498 id
1009 3448 1073 3513 quod
1097 3456 1199 3513 apparet
1216 3448 1245 3496 ab
1264 3461 1293 3496 ιι

705 3518 769 3579 quod
797 3516 937 3577 intelligitur
961 3517 1117 3566 discriminet.
1158 3516 1200 3565 llis
1225 3516 1295 3566 dictis

706 3585 818 3646 Eulogius
836 3585 930 3634 subdit:
950 3586 1015 3640 Quod
1033 3587 1054 3634 si
1072 3585 1146 3648 aliqui
1164 3583 1294 3633 ePatridut

705 3654 859 3713 ignorantiam
878 3654 903 3699 in
920 3653 1039 3701 Saloutare
1057 3668 1087 3700 eu
1103 3658 1169 3715 parte
1187 3651 1295 3699 lamani·

707 3723 761 3768 tatis
780 3720 935 3777 admiserunt,
964 3735 1010 3768 non
1027 3721 1053 3768 id
1071 3726 1096 3767 ut
1114 3721 1197 3780 dogma
1212 3724 1294 3781 protu-

707 3788 790 3846 lerunt,
811 3788 852 3835 sed
869 3793 894 3834 ut
911 3788 1048 3836 Arianorum
1064 3788 1181 3835 insaniam
1197 3785 1295 3847 repelle·
1344 3786 1348 3792 '

706 3861 770 3913 rent,
797 3856 837 3917 qui
854 3856 961 3902 niurirum
979 3856 1080 3904 bumana
1097 3855 1174 3902 amnia
1192 3854 1216 3900 iu
1235 3853 1295 3900 dini·

707 3925 802 3970 nitatem
831 3924 1015 3984 transferebant,
1051 3929 1076 3971 ut
1102 3922 1227 3970 increatum
1254 3919 1296 3968 bet

711 3990 805 4037 Verbum
829 3990 954 4052 ρτοιιιαιι
981 4005 1031 4038 esre
1059 3995 1174 4039 creatum:
1206 3987 1297 4036 cautius

705 4072 784 4120 nempe
808 4059 995 4111 existimauerunt
1018 4057 1056 4106 illi
1079 4058 1135 4106 laec
1159 4055 1297 4103 humanitati

707 4127 852 4185 adscribere,
879 4141 946 4188 quarn
970 4126 1046 4173 sinere
1063 4124 1117 4172 illus
1135 4137 1163 4171 ea
1180 4124 1206 4170 in
1222 4124 1298 4185 ipsunt

708 4165 852 4243 diuinitatem
865 4195 1004 4256 pertrahere.
1030 4190 1155 4249 Haecine,
1169 4194 1298 4238 uterstant

708 4261 771 4324 apud
798 4261 917 4309 Photium.
961 4259 1054 4309 Addere
1085 4257 1196 4307 tartessia
1227 4255 1300 4305 liceat

710 4329 847 4377 huiusmodi
878 4328 1020 4377 senteutiam
1048 4327 1071 4375 iu
1100 4326 1195 4374 nemine
1224 4321 1300 4372 rideri

709 4398 846 4446 damnatam
865 4396 923 4445 olim
943 4396 1033 4454 tuisse,
1052 4394 1099 4443 uisi
1118 4407 1172 4443 cum
1190 4391 1238 4440 aliu
1257 4404 1300 4439 er-

709 4479 765 4514 ΙὍΙὉ
783 4465 945 4514 coniunctam.
