2948 5092
480 245 590 296 osdrru
606 228 638 296 ri.
655 253 770 297 conum
784 252 920 299 manos.
1118 283 1122 290 ‚
1239 245 1302 309 377

74 405 187 467 Ρισοω
210 401 331 464 seilicet
348 400 465 463 llomini
489 403 585 484 noqtri
608 402 678 465 lesu
700 402 808 466 Christi
832 423 891 466 non
914 418 1091 484 agnoscunt.
1133 412 1183 473 Sir
1203 411 1388 475 ilani-nmo.

72 505 168 579 cnaei,
202 487 337 584 Phryges
359 511 388 564 et
409 503 631 565 Samosatensis
654 504 808 584 discipuli,
837 507 971 586 quamvis
993 510 1147 587 prulemnt
1169 512 1300 589 nomina,

72 606 266 669 nihilominus
293 613 365 667 sunt
391 604 542 666 haeretici.
586 605 636 666 Sic
665 605 752 667 etiam
776 606 884 670 deinde
906 608 952 683 hi,
975 609 1024 689 qui
1048 629 1114 673 cum
1135 611 1206 675 Ario
1229 627 1389 677 sen-ran.

72 709 156 782 tiunt,
179 707 252 770 licet
272 725 347 786 quae
362 706 471 786 scripta
486 715 559 768 sunt
572 705 697 769 recitent
711 718 742 768 et
756 709 876 772 nomina
892 712 1100 790 pronuncient,
1123 732 1176 775 ees
1193 725 1302 790 manen,

68 810 120 890 qui
141 809 181 870 ab
203 807 263 871 illis
285 808 640 889 accipiuntBaptismum,
662 808 814 886 decipiunt
836 817 865 870 et
887 810 1018 884 eludunt,
1042 831 1109 875 cum
1126 815 1214 894 lunge
1237 835 1303 879 ma·

71 912 115 973 ior
136 910 179 972 sit
200 908 336 990 ipsomn'o
359 908 495 989 impietas
517 927 604 989 quam
628 918 796 972 ceterorum
818 910 1051 989 haereticorum,
1083 934 1160 995 quos
1188 919 1302 981 sensim
1417 920 1423 937 ‘

70 1011 380 1093 praetergrediuntur,
411 1020 444 1072 ut
472 1011 560 1073 etiam
589 1029 643 1072 sua
670 1029 743 1090 prae
769 1012 948 1090 loquacitate
977 1014 1062 1095 culpa
1084 1015 1169 1078 liberi
1191 1019 1232 1081 illi
1255 1019 1302 1082 ri·

69 1114 208 1177 deantur.
251 1113 410 1174 Enimvero
433 1112 482 1173 alii
505 1112 646 1174 haeretici
668 1112 807 1193 quiddam
829 1123 947 1193 praeter
963 1115 1117 1178 veritatem
1132 1129 1203 1180 suut
1216 1138 1302 1182 cum-

47 1217 181 1299 ¹merati,
210 1216 253 1279 ita
274 1224 308 1279 ut
328 1215 373 1276 vel
396 1233 500 1276 eorum
523 1233 608 1276 error
631 1214 708 1276 circa
729 1213 847 1276 Domini
870 1235 979 1296 corpus
1000 1227 1151 1292 versetur,
1176 1239 1304 1303 eumque

71 1337 106 1380 es
127 1317 221 1380 llario
236 1317 355 1397 Virgine
377 1333 495 1378 caruem
518 1324 627 1396 negent
647 1315 802 1391 habuisse,
824 1317 869 1378 rel
891 1319 1072 1382 contendant
1093 1331 1219 1383 mortem
1241 1340 1303 1386 uon

70 1417 211 1493 subiisse,
236 1437 291 1480 nec
312 1421 420 1480 lautum
442 1417 614 1480 ullomodo
637 1435 705 1480 esse
726 1417 896 1491 hominem,
920 1419 973 1480 sed
996 1420 1093 1482 solum
1116 1424 1304 1503 apparuisse,

71 1539 132 1583 uon
152 1530 254 1583 antem
275 1539 379 1582 revera
400 1519 509 1593 luisse,
540 1538 649 1599 corpus
671 1517 809 1581 similiter
831 1521 946 1599 specie,
977 1540 1037 1583 uun
1060 1541 1130 1584 rere
1151 1524 1303 1601 habuisse,

70 1621 201 1702 denique
223 1622 376 1683 huminem
397 1622 495 1683 visum
519 1621 659 1683 duntaxat
680 1621 786 1694 luisse,
810 1622 958 1682 eomodo
981 1641 1039 1701 quo
1062 1623 1125 1687 risa
1148 1626 1306 1688 somnian-

70 1722 150 1784 tibus
182 1731 372 1810 occurrunt..
395 1723 494 1784 Ariani
524 1731 623 1784 autem
652 1731 754 1801 aperte
782 1723 813 1784 in
846 1722 944 1803 ipsum
971 1724 1088 1786 Patrem
1117 1726 1201 1807 impii
1223 1735 1304 1804 suut,

74 1816 375 1896 cuius'diriuitatem,
398 1843 485 1903 quam
507 1825 538 1885 iu
560 1823 636 1884 Filio
658 1830 796 1902 tanquam
819 1823 849 1885 in
872 1825 1000 1904 imagine
1023 1799 1185 1906 Scriptuiis
1208 1836 1305 1892 testa-

72 1936 130 1987 tam
151 1925 292 1999 audiunt,
321 1924 513 2005 blasphemiis
540 1925 650 1986 audent
670 1925 861 2005 impugnare,
893 1945 957 1988 eam
980 1936 1107 1989 creatam
1130 1947 1198 1991 esse
1221 1931 1304 1992 affir-

72 2036 204 2121 mantes,
233 2036 264 2089 et
291 2014 536 2109 quocumque‘sc
558 2027 754 2101 contulerint,
785 2028 917 2090 voculam
941 2029 1102 2093 huncum·
1124 2042 1193 2092 erut
1214 2030 1306 2095 veluti

73 2148 200 2191 coenum
220 2129 346 2209 impera
368 2148 471 2191 secum
494 2130 715 2200 circumierunt,
738 2128 840 2207 sicque
863 2141 896 2192 ut
913 2149 1038 2210 serpeus
1053 2132 1136 2193 uirus
1152 2141 1304 2196 evomunt.

71 2230 185 2294 lleiude
206 2249 277 2306 vero
299 2231 418 2310 quando
440 2229 557 2291 illorum
582 2229 729 2291 sententia
752 2248 892 2292 nauseam
914 2231 991 2311 parit
1019 2229 1181 2306 omuibus,
1205 2235 1305 2296 ronti·

73 2352 132 2394 nuo
154 2334 317 2395 humanum
340 2331 520 2412 praesidium
551 2331 815 2411 auctoritatemque
837 2332 962 2394 labantis
984 2335 1118 2396 haeresis
1140 2325 1307 2399 luluiteudae

75 2454 158 2497 musa
183 2434 367 2497 substituunt
390 2442 420 2495 et
441 2442 623 2513 supponunt,
646 2441 680 2495 ut
701 2434 766 2494 eius
789 2445 910 2513 aspectu
933 2443 983 2496 aut
1005 2444 1084 2498 metu
1106 2456 1194 2516 quam
1216 2437 1306 2500 nuxia

75 2538 111 2599 sit
131 2538 224 2618 impia
246 2539 381 2617 ipsorum
405 2537 538 2597 doctrina
562 2553 622 2596 non
644 2535 809 2614 intelligant
827 2537 1022 2598 incautiores.
1066 2539 1111 2598 An
1133 2556 1194 2598 nou
1216 2538 1307 2617 igitur

73 2640 264 2702 miseratione
286 2639 365 2718 digni
388 2647 473 2711 sunt,
496 2638 546 2716 qui
569 2638 609 2697 ita
631 2636 840 2716 decipiuntur?
883 2639 927 2698 An
950 2656 1011 2698 nun
1034 2657 1087 2699 eos
1110 2657 1236 2718 aequum
1249 2646 1308 2701 est

75 2742 200 2815 dellere,
230 2740 280 2821 qni
309 2740 460 2820 praesenti
489 2738 682 2818 mendacique
706 2739 887 2818 voluptatum
910 2739 1010 2818 specie
1033 2740 1098 2801 victi
1122 2759 1208 2802 suum
1230 2757 1305 2819 pru·

76 2843 147 2905 dunt
169 2841 360 2904 commodum
384 2850 414 2902 et
435 2843 532 2902 lutura
562 2859 615 2920 spe
647 2838 778 2902 cadunt?
823 2841 882 2912 Qui
916 2841 995 2901 enim
1026 2841 1055 2901 in
1086 2841 1206 2902 nomine
1229 2840 1306 2916 eius,

75 2945 120 3024 qui
142 2944 244 3006 nullus
266 2951 321 3017 est,
343 2943 527 3022 Baptismum
550 2941 686 3004 videnlur
708 2941 851 3019 accipere,
874 2941 946 3002 nihil
971 2951 1050 3003 certe
1074 2942 1227 3020 accipient,
1246 2940 1307 3004 'sod

74 3047 115 3107 rei
137 3055 256 3108 creatae
284 3045 433 3106 coniuncti
457 3044 569 3104 nullum
592 3043 629 3104 ab
651 3061 685 3104 ea
702 3052 922 3122 consequentur
944 3043 1093 3105 auxilium.
1138 3043 1211 3105 Cum
1234 3042 1306 3107 item

73 3147 190 3208 iurem
221 3151 326 3208 natura
354 3167 370 3206 a
402 3147 488 3208 Patre
510 3146 635 3206 alienam
658 3153 687 3207 et
709 3144 882 3206 dissimilem
904 3145 992 3207 iidem
1024 3145 1160 3218 credant,
1194 3143 1307 3206 nullam

73 3268 192 3330 quoque
213 3267 279 3309 cum
302 3267 338 3310 eo
361 3247 601 3310 coniunctionem
624 3256 693 3309 sunt
714 3247 861 3321 habituri,
894 3247 1004 3327 qnippe
1026 3247 1076 3326 qni
1098 3246 1254 3327 proprium
1276 3253 1308 3308 et

71 3354 177 3414 natura
200 3368 236 3411 ex
257 3350 345 3412 Patre
366 3349 498 3428 genitum
521 3367 582 3410 nou
603 3348 732 3410 habeant
753 3349 870 3423 Filium,
892 3348 943 3429 qni
967 3356 996 3410 et
1018 3348 1084 3428 ipso
1105 3348 1135 3409 in
1150 3347 1237 3409 Patre
1259 3343 1320 3408 est'

71 3460 101 3513 et
121 3453 154 3514 in
177 3470 237 3532 quo
261 3460 307 3512 est
329 3450 466 3512 similiter
494 3451 599 3523 Pater,
632 3457 666 3510 nt
692 3449 770 3512 idem
793 3458 919 3512 testator
948 3449 1057 3526 Filins3
1093 3449 1146 3519 sed
1174 3447 1307 3510 infelices

70 3552 190 3614 illorum
219 3552 410 3614 circumventi
439 3550 629 3631 improbitate
651 3552 723 3613 nudi
744 3552 832 3632 plane
854 3560 884 3613 et
906 3551 1038 3613 destituti
1061 3551 1214 3612 divinitate
1234 3566 1308 3629 per·

69 3662 202 3717 manent.
247 3654 309 3715 Nec
338 3653 417 3714 enim
450 3654 534 3732 ipsus
566 3653 729 3715 morientes
764 3661 926 3734 sequentur
953 3653 1065 3714 lassacia
1093 3661 1189 3714 terrae
1217 3650 1307 3724 buna,

69 3871 214 3952 superium,
233 3868 357 3953 depones
375 3861 659 3952 cprdueluurfu'upa,
716 3873 773 3935 legit
796 3862 911 3952 Nunnius.
932 3873 1078 3950 ‘altuino’
1102 3887 1160 3949 m'ss.
1186 3881 1209 3920 et
1234 3871 1307 3921 editio

68 3936 400 4071 ”l.'l²5,‘.‘tl'llllaf‘lf
415 3950 663 4071 lt'a'lll‘faelda
716 3941 891 4070 &dulit
907 3954 966 4070 ld.
981 3946 1308 4058 llldl‘dlllflac

69 4075 383 4127 tumultuarentur
398 4070 610 4154 προβάλλονται3
640 4137 646 4153 ¹
717 4068 785 4124 ὄντα
794 4069 832 4154 ἐν
848 4073 888 4141 τῷ
904 4069 998 4154 pergil,
1013 4137 1021 4153 Ι
1035 4074 1079 4124 dlii
1099 4082 1123 4125 et
1140 4074 1213 4123 editio
1234 4074 1309 4123 Com·

71 4143 667 4225 1g.Felclsm.i.eteditipqommel.eeds=e
716 4145 772 4194 mel.
791 4156 859 4191 οντα
877 4156 917 4208 τῳ
934 4155 1026 4209 nuspa
1062 4142 1113 4191 llos
1132 4141 1309 4219 Seguemlleg.

67 4204 665 4341 ‘“ldlaltllffldtillimatum·
716 4211 821 4329 lllll
839 4211 952 4328 lilla
965 4210 1079 4325 lull>
1095 4219 1307 4326 ”llll’l'll

106 4316 131 4396 i..
141 4316 250 4424 Segoe'r.¹
263 4347 363 4398 Gubler.
381 4316 486 4397 Felclm.
507 4347 528 4396 l.
541 4357 564 4397 et
574 4348 597 4397 d.
607 4315 666 4394 ’διὰ
715 4340 813 4395 λοιπὸν
831 4336 998 4412 ἆπομένωσι.
1079 4313 1085 4326 '
1173 4334 1181 4348 '
1299 4310 1306 4325 ἱ

66 4409 124 4467 τὰς
139 4407 250 4493 viduum·-
282 4414 345 4491 Editi
357 4407 546 4474 etaliidticrq‘e
557 4408 665 4474 ἡδονῆς.
750 4415 767 4464 Ι.
786 4415 857 4478 Sego.
882 4407 945 4463 οὐδὲ
962 4406 1017 4491 γᾶς
1038 4402 1101 4461 οὐδὲ
1119 4402 1307 4473 ἀκολουθήσει.

62 4483 125 4543 lor
141 4483 235 4547 teglae.
255 4474 284 4532 ol
299 4495 355 4552 rap
372 4475 423 4532 τὸν
441 4474 489 4533 οὐκ
507 4474 584 4540 ὄντα,
603 4491 630 4534 ut
641 4490 666 4558 et
716 4482 777 4532 laid.
796 4482 901 4533 lelclu.
920 4483 944 4532 5.
963 4492 1083 4532 scurror.
