2934 5078
125 230 168 292 λλ
441 276 445 283 .
507 244 552 326 .⁸·
565 245 722 291 Ατεντιειι
735 244 961 291 nmmum
1025 278 1029 287 .
1068 262 1071 267 ·

39 390 208 478 ν.τιν.περί
228 392 267 459 ἀλ
285 392 345 458 τοῦ
366 398 479 478 κυρίου
503 386 787 478 εὐαγγελιζόμενος
808 393 909 479 λίγει·
932 386 953 459 ό
971 389 1150 479 μονογενὴς
1163 391 1246 474 υίός,
1271 388 1351 461 όοῖν

126 493 175 572 είς
194 491 253 560 τόν
273 491 401 561 κόλπον
421 495 481 559 τοῦ
502 491 646 580 πατρός,
677 492 800 572 ἐκεῖνος
821 492 1000 581 ἐξηγήσατο
1008 496 1038 572 ¹).
1082 492 1114 561 εί
1133 498 1246 560 τοίνυν
1267 494 1349 577 νίός,

126 589 165 661 οῦ
186 600 324 680 κτίσμα,
352 592 384 661 εί
404 593 441 660 δὲ
462 590 598 679 κτίσμα,
622 589 681 678 οῦχ
702 593 788 673 υίός·
815 594 922 681 πολλὴ
950 592 1012 681 γὰρ
1040 591 1082 661 ἐν’
1096 588 1212 674 αότοῖς
1233 590 1253 683 ἡ
1277 597 1352 663 dw-

126 694 230 784 φορά,
260 692 317 761 καί
343 690 402 761 οῦκ
423 688 464 762 ἀν
486 696 537 782 είη
559 690 659 774 αὐτὸς
679 695 751 775 υίὸς
770 695 829 762 καί
847 701 984 780 κτίσμα,
1013 692 1134 783 ἵναμὴ
1156 695 1213 763 καὶ
1233 696 1270 764 ἐκ
1290 701 1350 764 τοῦ

124 799 209 865 θεοῦ
231 795 287 863 καὶ
309 795 434 875 ίξωθεν
456 798 514 862 τοῦ
537 800 621 863 θεοῦ
644 792 663 883 ἡ
685 793 784 863 οὐσία
804 791 905 863 αῦτοῦ
927 797 1107 882 νομίζηται.

213 905 261 964 14.
300 893 371 982 ’Ἆρ’
396 886 453 963 οῦν
481 896 587 984 μάτην
614 903 798 984 γέγραπται
822 900 921 965 τοῦτο
948 897 988 964 τὸ
1013 896 1131 985 ῥητόν,·
1166 900 1266 964 τοῦτο
1287 898 1350 985 γάρ

124 998 228 1065 πάλιν
261 997 382 1067 ἐκείνοι
414 1001 676 1084 περιβομβοῦοιν
704 993 749 1077 ὥς
777 995 875 1086 ἀγέλη
904 997 1082 1066 κωνώπων.
1128 992 1200 1082 οὐχί
1225 1021 1280 1084 γε,
1310 993 1351 1067 οῦ

123 1099 230 1188 μάτην
256 1105 454 1186 γέγραπται,
484 1093 569 1167 ἀλλὰ
589 1101 642 1165 καὶ
664 1099 755 1183 μάλα
777 1094 979 1186 ἀναγκαίως·
1007 1102 1062 1166 καί
1083 1099 1145 1186 γάρ
1167 1101 1222 1167 καί
1243 1099 1351 1181 κτίζε-

36 1220 114 1265 κτον.
124 1207 211 1268 σθαι
237 1202 380 1287 λίγειαι,
409 1194 478 1266 ἀλλ’
503 1196 559 1268 ότε
585 1205 713 1286 γέγονεν
741 1198 941 1287 ἄνθρωπος·
970 1194 1155 1287 ἀνθράπου
1176 1198 1239 1286 γάρ
1260 1201 1352 1269 {dm

122 1305 231 1369 τοῦτο.
275 1300 334 1389 τὴν
356 1303 393 1369 δὲ
415 1302 565 1368 διάνοιαν
587 1300 708 1388 ταύτην
730 1297 861 1389 εὑρήσει
880 1303 989 1380 καλῶς
1003 1299 1038 1369 ίν
1054 1310 1128 1381 τοῖς
1142 1303 1269 1388 λογίοις
1282 1328 1351 1371 κει-

121 1409 221 1491 μένην
244 1398 263 1470 6
281 1401 329 1488 μὴ
352 1402 517 1489 πάρεργον
538 1397 716 1489 ἡγεόμενος
735 1403 794 1492 τὴν
817 1398 1010 1490 ἀνάγνωσιν,
1034 1398 1118 1471 ἀλλὰ
1131 1405 1185 1469 καὶ
1201 1402 1261 1469 τὸν
1275 1430 1350 1471 και·

44 1567 47 1577 ,
121 1504 180 1590 ρόν
205 1507 260 1571 καί
288 1504 331 1570 τά
358 1502 524 1589 πρόςωπα
549 1506 603 1570 καλ
631 1503 689 1591 τὴν
716 1511 827 1590 χρείαν
857 1508 923 1571 τῶν
945 1509 1174 1591 γεγραμμένων
1196 1503 1347 1590 ἐρευνῶν,

120 1608 175 1673 καί
203 1601 291 1672 οῦτω
318 1603 361 1672 τά
383 1600 624 1690 ἀναγνώσματα
646 1606 821 1691 διακρίνων
842 1608 896 1673 καί
920 1604 1162 1690 διανοούμενος.
1206 1604 1349 1691 τὸνμὲν

121 1696 179 1774 οῦν
199 1705 315 1791 καιρόν
335 1709 412 1773 ’τοῦ
435 1707 535 1796 ῥητοῦ
557 1705 674 1774 τούτου
697 1702 827 1795 εὑρήσει
848 1710 902 1775 καί
924 1706 1096 1794 γνώσεται,
1121 1702 1176 1773 ότι
1195 1700 1249 1783 άεί
1265 1700 1347 1775 (ἀνά

119 1807 232 1895 κόριος
252 1805 388 1893 ὕστερον
409 1805 468 1877 ίπλ
490 1810 661 1895 συντελείᾳ
682 1811 749 1876 τῶν
771 1808 900 1877 αἰώνων
921 1815 1052 1895 γέγονεν
1073 1805 1270 1893 ἄνθρωπος,
1292 1811 1350 1876 καὶ

121 1909 191 1988 υίὸς
213 1904 259 1976 ὢν
280 1911 339 1975 τοῦ
361 1912 445 1979 θεοῦ
466 1914 577 1997 γίγονε
597 1912 651 1977 καλ
674 1909 745 1988 υίὸς
767 1904 961 1995 ἀνθρώπου.
999 1907 1058 1998 τὴν
1080 1909 1118 1976 66
1135 1915 1249 1994 χρείαν
1271 1909 1351 1999 νοη-

120 2033 222 2091 σειεν,
257 2006 311 2077 ότι
341 2010 399 2077 τὸν
432 2006 527 2099 ἡμῶν
553 2013 702 2079 θάνατον
731 2015 934 2098 καταργῆσαι
960 2013 1073 2077 θέλων
1101 2009 1216 2095 ἔλαβεν
1238 2009 1348 2097 ἑαυτῷ

120 2114 217 2196 σῶμα
244 2110 279 2178 ἐκ
305 2114 363 2197 τῆς
389 2119 562 2232 παρθένου
584 2118 738 2198 Μαρίας,
773 2113 828 2179 ‘tva
855 2114 953 2179 τοῦτο
983 2117 1199 2198 πραςενίγκας
1220 2115 1349 2179 θυσίαν

120 2208 206 2298 ὑπὲρ
234 2212 370 2280 πάντων
390 2216 438 2300 τῷ
460 2217 562 2334 πατρὶ
585 2208 759 2300 ἀπαλλάξῃ
782 2213 911 2292 πάντας
931 2207 1033 2300 ἡμᾶς,
1062 2208 1139 2280 ὅσοι
1160 2210 1259 2300 φόβῳ
1273 2216 1350 2295 θα-

120 2311 220 2380 νάτου
250 2310 307 2381 όιά
333 2313 461 2393 παντὸς
487 2318 545 2381 τοῦ
577 2314 673 2403 ζῆν”
655 2337 762 2397 ενοχοι
783 2304 863 2401 ἦμεν
887 2314 1078 2395 domiue).
1121 2311 1161 2378 τὸ
1182 2312 1223 2383 66
1241 2304 1377 2437 πρός-’ξ’

120 2437 215 2482 ωπον
236 2417 294 2482 τοῦ
315 2416 376 2499 μὲν
399 2416 547 2503 σωτῆρός
569 2416 655 2496 ἐστι,
684 2416 760 2483 τότε
782 2415 817 2481 δὲ
840 2416 983 2500 λέγεται,
1014 2410 1071 2483 ὅτε
1091 2412 1213 2481 λοιπὸν
1232 2412 1349 2483 λα“““

117 2514 157 2581 τὸ
180 2519 276 2601 σῶμα
297 2517 400 2602 λίγει·
429 2515 539 2603 κόριος
568 2517 674 2584 ίκτισί
695 2541 738 2600 με
760 2512 860 2602 ἀρχὴν
883 2512 970 2583 ὁδῶν
992 2511 1093 2582 αὐτοῦ
1116 2515 1164 2594 είς
1184 2509 1352 2603 ίργααά-

116 2619 225 2697 τοῦ’)
261 2642 307 2696 ως
327 2616 390 2704 γὰρ
410 2618 472 2704 υίῷ
494 2621 578 2685 θεοῦ
602 2614 675 2684 ἀντι
696 2613 832 2704 ἁρμόζει
853 2620 961 2696 καλῶς
982 2616 1020 2683 τὸ
1043 2612 1161 2695 ἀιδίως
1181 2610 1271 2685 είναι
1290 2602 1377 2707 6624

116 2716 152 2785 ίν
172 2717 312 2798 κόλποις
333 2713 418 2787 εἶναι
439 2722 498 2786 τοῦ
520 2719 657 2805 πατρός,
681 2715 786 2798 οῦτως
806 2722 861 2785 καὶ
884 2713 1057 2805 ἀνθρώπῳ
1078 2722 1242 2807 γενομίνρν
1251 2722 1377 2841 πρό-ἐ·ι

115 2842 229 2888 πουσα
255 2819 351 2909 φωνὴ
372 2820 411 2887 τὸ
432 2820 544 2907 κόριος
565 2821 672 2889 ίκτισί
692 2846 742 2904 με
789 2820 864 2887 τότε
884 2817 946 2907 γάρ
969 2822 1097 2905 λέγεται
1118 2820 1197 2907 περὶ
1221 2800 1377 2931 αότάόῇ

114 2925 170 2986 καί
192 2919 364 3002 ἀπείκασε,
395 2925 450 2989 καί
472 2923 627 3010 ί,όίψησε
650 2924 703 2987 καί
727 2920 934 2988 ἐπυνθάνετο
956 2924 1023 2987 ποῦ
1045 2920 1206 3005 Λάζαρος
1227 2924 1356 3015 καίτοι,

115 3022 172 3089 καί
191 3027 359 3102 πέπονθε,
381 3025 435 3089 καλ
459 3019 586 3111 ἀνίστη.
631 3018 729 3089 καὶι
708 3019 822 3143 ω’σπερ
845 3017 1019 3101 ἀκούοντες
1040 3016 1141 3089 αότόν
1161 3019 1276 3107 κόρων
1290 3008 1346 3090 κ’άὶ

115 3119 200 3189 θεὸν
221 3125 277 3190 καί
300 3125 373 3210 φῶς
395 3117 566 3210 ἀληθινόν,
591 3127 727 3208 νοοῦμεν
743 3117 843 3189 αὐτὸν
859 3119 940 3190 όντα
954 3122 989 3191 ἐκ
1002 3126 1062 3190 τοῦ
1076 3121 1215 3208 πατρός,
1238 3118 1347 3202 οῦτως

116 3218 245 3290 δίκαιόν
267 3222 284 3291 ί
338 3249 358 3292 ν
379 3217 559 3304 ἀκούοντας
581 3225 619 3291 τὸ
641 3225 749 3293 ίκτισε
769 3226 822 3290 καί
845 3223 884 3289 τό
906 3225 1025 3304 δοῦλος
1045 3226 1099 3291 καί
1121 3222 1161 3290 τὸ
1175 3229 1343 3306 πέπονθε,

114 3320 160 3409 μὴ
188 3325 228 3411 τῇ
256 3330 303 3391 θε
361 3349 395 3391 τι
423 3326 631 3411 λογίζεσθαι,
661 3322 823 3393 ἀνοίκειον
845 3324 922 3411 γάρ,
954 3319 1040 3393 ἀλλὰ
1059 3329 1099 3412 τῇ
1122 3326 1218 3410 σαρκὶ
1239 3327 1346 3392 ταῦτα

25 3483 30 3492 .
115 3434 266 3510 μετρεῖν,
288 3423 328 3512 ἢν
350 3421 399 3492 δι’
423 3423 510 3515 ἡμᾶς
531 3426 686 3516 ἐφόρεσε·
715 3426 836 3513 ταύτης
864 3425 945 3511 γάρ
948 3426 1019 3493 ίδια
1041 3428 1161 3506 ταῦτα,
1183 3427 1238 3491 καί
1261 3419 1343 3512 αῦτη

115 3521 242 3613 ἡσάρξ
262 3521 320 3609 οάχ
342 3527 463 3613 ἑτέρου,
489 3524 573 3596 ἀλλά
594 3533 653 3594 τοῦ
675 3527 774 3612 λόγου
797 3527 895 3593 ἐστίν.
927 3527 956 3594 εί
978 3528 1090 3594 δὲκαὶ
1112 3527 1152 3592 τὸ
1174 3526 1210 3594 ἐκ
1223 3526 1343 3592 τούτου

113 3626 273 3713 χρήσιμον
295 3627 430 3729 ”wige
448 3655 501 3708 τις
521 3636 655 3715 μαθεῖν,
680 3625 811 3716 εῦρήσει
830 3631 1014 3695 καὶτοῦτο
1039 3623 1133 3715 ὁγὰρ
1149 3626 1246 3714 λόγος
1261 3627 1345 3713 σάρξ

116 3726 286 3812 6666),
316 3728 372 3798 ἵνα
399 3733 453 3799 καὶ
481 3738 676 3818 πρυςενίγκη
705 3734 804 3797 τοῦτο
826 3725 910 3815 ὑπὲρ
932 3728 1083 3810 πάντων,
1114 3731 1168 3794 καὶ
1190 3723 1288 3816 ἡμεῖς
1309 3727 1344 3796 ὲκ

114 3831 173 3894 τοῦ
195 3829 383 3913 πνεύματος
406 3826 507 3899 αῦτοῦ
529 3831 770 3919 μεταλαβόντες
791 3834 1046 3952 θεοποιηθῇναι
1060 3818 1267 3916 όυνηθῶμίί,
1284 3826 1343 3898 άλ-

114 3925 238 4007 λως’
202 3954 260 3997 ουκ
277 3927 317 3997 ἀν
339 3933 457 3999 τούτου
479 3933 638 4016 τυχόντες,
662 3932 692 3999 εί
713 3933 758 4018 μὴ
780 3931 819 3999 τὸ
841 3931 972 4013 κτιστὸν
994 3928 1086 4017 ἡμῶν
1111 3927 1211 4009 αὐτὸς
1233 3929 1343 3998 6⁶66-

114 4053 197 4097 σατο
219 4034 331 4116 σῶμα
355 4030 441 4099 οὕτω
462 4033 524 4121 γάρ
545 4039 599 4100 καί
623 4030 803 4119 άνθρωποι
824 4036 908 4100 θεοῦ
928 4032 1049 4098 λοιπόν
1071 4030 1166 4098 κάλ’
1152 4057 1187 4098 εν
1201 4032 1341 4118 Χριστῷ

44 4138 50 4153 ’
114 4129 295 4220 ἀνθρωποι
321 4135 527 4222 χρηματίζειν
555 4130 737 4221 ἠρξάμεθα.
784 4130 904 4201 ἀλλΗ
883 4131 997 4219 ιόσπερ
1025 4129 1120 4219 ἡμεῖς
1148 4131 1187 4199 τὸ
1211 4134 1342 4216 πνεῦμα

114 4234 335 4319 λαμβάνοντες
363 4229 421 4301 οῦκ
449 4231 639 4320 ἀπόλλυμεν
667 4262 725 4320 την
755 4235 842 4303 ίόίαν
871 4235 996 4302 ἑαυτῶν
1026 4229 1157 4302 οῦσίυν·
1187 4229 1295 4311 οῦτως
1322 4226 1340 4296 ό

184 4457 395 4519 1)loan.1,1⁸.
466 4431 492 4518 λ)
511 4458 582 4508 Hehr.
601 4457 626 4520 2,
647 4459 687 4508 15.
756 4457 782 4519 3)
800 4459 867 4509 Ρεον.
886 4458 911 4521 8,
930 4457 977 4509 22:
1041 4457 1152 4518 ίΗοιυ.
1173 4454 1256 4519 1,14.
