2948 5092
520 245 628 308 onirro
644 265 683 308 ιν.
699 265 815 309 course
828 265 965 310 emines.
1237 248 1240 257 '
1284 256 1347 320 613

120 416 198 480 illud
218 415 349 479 Verbum
372 433 440 478 earo
462 415 649 487 factumest,
671 413 703 477 in
723 432 784 495 quo
807 415 905 478 omnia
928 417 1003 480 tacta
1024 425 1109 493 sunt,
1132 437 1188 483 nee
1210 378 1452 485 Christusnems

120 527 172 581 est
192 518 225 579 in
245 517 334 580 Patre
354 516 493 590 Verbum,
515 535 570 596 per
592 516 671 595 quod
694 517 794 580 omnia
815 518 891 580 taeta
913 528 994 594 sunt,
1016 520 1106 601 igitur
1127 522 1263 584 Christus
1284 542 1349 587 non

119 622 218 681 iaetus
241 626 290 681 est
310 638 389 693 caro,
413 619 466 680 sed
489 621 565 679 forte
580 618 718 681 Christus
732 617 864 681 Verbum
885 619 1050 700 appellatus
1072 631 1130 685 est.
1174 604 1260 697 Quod
1279 626 1348 706 qui-

120 721 193 782 dem
224 720 252 782 si
273 739 375 783 verum
404 729 464 793 est,
498 720 595 799 primo
627 718 702 781 alius
729 720 788 782 erit
816 738 904 800 quem
934 722 983 801 qui
1013 725 1135 785 nomine
1156 725 1348 804 significatur,

119 820 230 883 deinde
258 839 320 912 pon
347 840 401 900 per
424 840 492 883 eum
514 821 614 882 omnia
635 823 711 882 iaetu
731 828 836 895 erunt,
858 822 911 884 sed
933 823 963 884 in
985 822 1054 898 illo,
1077 825 1108 886 in
1131 844 1190 904 quo
1212 826 1348 890 Christus

119 941 240 1002 queque
268 922 334 1001 ipse
355 924 449 985 iaetus
471 929 527 985 est.
572 920 626 982 Sin
647 929 746 984 sutem
766 922 911 998 dixerint,
939 925 1114 1004 sapientiam
1136 927 1166 987 iu
1188 927 1276 990 Patre
1297 929 1346 991 iu-
1394 1004 1402 1013 ἢ

122 1031 188 1084 star
209 1023 358 1102 qualitatis
381 1043 463 1098 esse,
491 1023 538 1085 vei
567 1042 636 1085 eum
658 1022 833 1103 sapientiam
853 1023 951 1105 ipsam
971 1042 1058 1107 yse,
1085 1046 1161 1105 quae
1182 1048 1271 1108 supra
1293 1048 1346 1094 re·

122 1124 298 1187 sensuimus
320 1125 447 1186 absurda
467 1124 640 1187 necessario
663 1133 894 1204 consequentur,
915 1124 1051 1190 videlieet
1065 1145 1133 1190 eum
1149 1130 1347 1210 compositum

120 1244 203 1298 esse,
226 1226 334 1306 suique
355 1226 452 1306 ipsius
475 1245 543 1288 esse
564 1234 679 1305 patrem
702 1234 732 1289 ot
751 1226 854 1290 filium.
896 1228 1006 1291 Verum
1026 1230 1207 1308 coarguendi
1221 1231 1263 1292 illi
1277 1236 1351 1297 sttui

121 1336 152 1389 et
174 1327 357 1390 confutandi.
402 1327 554 1407 Siquidem
576 1327 715 1404 Verbum,
741 1328 820 1408 quod
842 1328 874 1390 in
895 1329 957 1391 Deo
980 1339 1041 1401 est,
1064 1349 1120 1392 nee
1141 1341 1272 1395 ereetum
1291 1326 1351 1399 'tres

121 1448 159 1491 ex
191 1428 286 1490 nihilo
317 1437 419 1510 potest
450 1448 527 1490 esse.
584 1428 616 1489 Si
648 1429 719 1491 item
752 1430 880 1492 Verbum
911 1431 941 1492 iu
974 1432 1037 1494 Deo
1071 1442 1134 1509 est,
1170 1434 1236 1514 ipse
1268 1440 1350 1497 aere·

120 1528 261 1592 Christus
293 1531 398 1604 suerit,
433 1532 483 1610 qui
517 1531 573 1591 ait:
592 1531 668 1621 ‚Ego
701 1535 734 1594 in
762 1531 855 1596 Patre
887 1543 917 1596 et
944 1532 1038 1596 Peter
1064 1540 1098 1597 in
1125 1555 1170 1599 me
1198 1545 1259 1611 est3
1297 1534 1349 1615 (μ’

120 1630 203 1693 idern
224 1631 335 1693 ideireo
358 1632 528 1712 unigenitus
551 1639 607 1706 est,
631 1633 697 1711 quia
718 1633 818 1695 nullus
839 1633 915 1697 alius
936 1652 975 1696 ex
991 1654 1028 1697 eo
1043 1636 1080 1697 sit
1096 1637 1222 1715 genitus.
1265 1636 1350 1699 Unus

120 1733 171 1795 bie
201 1741 249 1795 est
269 1733 378 1807 Filius,
406 1734 456 1814 qui
478 1742 507 1794 et
528 1733 674 1806 Verbum,
704 1735 849 1813 sapientie
876 1742 910 1798 et
933 1737 1030 1799 virtus
1052 1738 1114 1799 sive
1135 1737 1268 1819 potentia
1291 1744 1348 1801 est.

119 1834 284 1917 Nee-enim
301 1835 344 1897 'ex
366 1836 415 1897 bic
436 1845 482 1897 est
504 1835 685 1918 compositus
700 1835 791 1909 Deus,
813 1834 867 1899 sed
887 1836 996 1901 borum
1019 1848 1065 1901 est
1086 1840 1213 1919 genitor.
1256 1838 1349 1901 Nam·

120 1954 181 2015 que
204 1935 452 2014 quemadmodum
474 1954 524 1997 res
548 1945 662 1997 creatas
685 1926 783 1999 Verbo
805 1938 952 2017 producit,
976 1938 1017 2001 its
1031 1940 1196 2002 seeundum
1210 1938 1352 2019 propriae

73 2102 76 2107 ,
119 2036 274 2098 essentiae
295 2045 429 2098 naturam
452 2037 581 2099 Verbum
604 2037 706 2117 gignit,
728 2057 783 2118 per
804 2039 883 2117 quod
906 2039 1005 2101 omnia
1026 2040 1126 2114 efficit,
1149 2048 1230 2103 creat
1250 2048 1281 2102 et
1294 2039 1350 2102 ad·-

120 2138 281 2215 miuistrat.
326 2137 476 2222 Siquidem
500 2138 598 2200 omnia
620 2138 719 2200 Verbo
741 2147 772 2201 et
793 2140 937 2218 sapientia
958 2143 1128 2215 factasunt,
1152 2143 1275 2222 eiusque
1290 2141 1437 2221 im-rmt.

120 2239 209 2319 perio
233 2239 370 2300 universa
393 2248 595 2318 perseverant.
640 2240 722 2303 idem
743 2249 841 2303 summ
865 2241 902 2302 de
916 2241 991 2303 Filio
1014 2243 1187 2317 dicendum3
1209 2242 1354 2304 nimirum

121 2342 147 2404 si
177 2340 254 2402 nihil
287 2340 381 2420 gignit
400 2340 498 2414 Deus,
527 2340 601 2402 nibil
629 2341 701 2402 item
728 2341 789 2421 agit
815 2341 1096 2417 eisarneinaim
1119 2344 1365 2407 eiusietusest·

86 2506 90 2514 ,
121 2443 227 2518 Filius,
249 2461 303 2522 per
325 2460 412 2521 quern
436 2443 504 2521 agit.
550 2443 603 2503 Sin
625 2443 735 2516 minus,
757 2443 794 2504 ad
817 2441 937 2505 easdem
958 2442 1207 2523 interrogationes
1230 2445 1351 2507 eadem·

120 2563 182 2624 que
204 2543 334 2606 absurda
355 2544 542 2623 impudentes
565 2543 595 2604 hi
618 2543 755 2605 homines
778 2543 977 2605 revolventur.
1362 2602 1373 2621 ,-

211 2651 241 2710 5.
286 2645 330 2706 Ex
357 2644 606 2706 Deuteronomio:
644 2645 700 2707 Vos
730 2656 845 2716 sertem,
873 2647 927 2726 qui
952 2643 1123 2707 adhaeretis
1146 2647 1266 2708 domino
1287 2647 1354 2709 Deo

122 2761 245 2820 vestro,
276 2750 378 2808 vivitis
407 2749 546 2808 uniuersi
575 2748 721 2809 hodierno
749 2747 804 2808 die.
847 2744 892 2807 bx
912 2745 960 2807 bis
982 2745 1081 2807 verbis
1105 2746 1265 2808 discrimen
1286 2745 1354 2809 Filii

122 2858 155 2911 et
175 2867 277 2911 rerum
299 2857 461 2910 creatarum
484 2849 552 2909 lieet
573 2847 754 2928 permisere,
776 2846 999 2926 intelligereque
1018 2846 1125 2908 Filium
1147 2848 1201 2910 Dei
1222 2855 1355 2911 creatum

123 2951 248 3013 minime
271 2969 348 3012 esse.
392 2950 478 3011 Enim
501 2968 571 3033 vero
586 2948 679 3011 Filius
700 2946 786 3012 di'eit:
808 2947 870 3028 Ego
892 2958 922 3011 et
935 2948 1030 3010 Peter
1050 2968 1146 3010 onom
1163 2969 1285 3023 sumam
1307 2957 1354 3012 et:

127 3052 188 3133 Ego
210 3056 244 3114 ire
265 3052 358 3114 Patre
380 3063 408 3113 et
430 3051 524 3113 Peter
547 3056 579 3113 in
600 3070 647 3114 me
668 3060 728 3121 est.
760 3068 811 3111 res
841 3058 939 3111 autem
968 3050 1062 3113 isone
1088 3068 1156 3111 oum
1183 3049 1354 3130 proficiunt,

124 3153 256 3215 Domino
287 3153 457 3214 adbaerent.
502 3153 615 3232 Nempe
638 3150 765 3213 Verbum
795 3157 934 3230 tauquam
954 3149 1110 3232 proprium
1132 3158 1179 3212 est
1199 3151 1230 3212 in
1254 3151 1359 3227 Patre,-

122 3264 155 3316 at
175 3273 227 3316 res
249 3257 358 3326 iactae,
381 3262 414 3315 ut
434 3263 506 3332 pote
528 3273 602 3332 quae
626 3253 809 3315 extrinsecus
833 3252 980 3326 existunt,
1007 3251 1185 3325 adbaereut3
1212 3252 1356 3315 nimirum

124 3357 242 3418 natura
260 3339 378 3417 alienae*
401 3361 486 3427 sunt,
515 3355 665 3415 voluntate
687 3360 784 3416 autem
806 3352 977 3415 adhaerent
1021 3351 1139 3413 Etenim
1160 3352 1272 3427 Fidius,
1303 3351 1355 3433 qui

120 3459 233 3521 natura
264 3464 324 3525 est,
359 3462 450 3517 unum
480 3464 526 3516 est
555 3475 621 3518 cum
644 3454 794 3545 genitore,
817 3454 867 3536 qui
888 3472 960 3515 vero
982 3453 1168 3516 extrinsecus
1189 3454 1355 3533 adoptamur,

123 3555 229 3638 generi
250 3555 418 3635 adiungitur
433 3556 496 3616 sive
512 3556 661 3618 adhaeret.
696 3554 882 3619 iiinestatim
895 3554 1011 3617 subdit:
1037 3555 1123 3629 Qsoe
1136 3559 1222 3620 netto
1236 3568 1355 3633 magns,

122 3663 178 3722 eati
196 3657 282 3720 Deus
310 3656 560 3739 appropinquet?
608 3658 646 3721 Et
674 3654 759 3721 alibi:
791 3656 874 3720 Deos
902 3659 1152 3738 appropinquans
1174 3672 1237 3735 eqo.
1280 3652 1357 3715 Nem
1447 3645 1452 3652 ’

123 3878 551 3943 queinportsnitsterimpodentibur
566 3878 617 3926 tuo
635 3893 717 3928 osser·
802 3877 818 3925 t.
843 3875 885 3926 Sie
900 3875 959 3939 iteg.
982 3883 1006 3926 et
1022 3875 1122 3938 Segner.
1156 3875 1185 3922 m
1203 3871 1243 3922 olii
1259 3878 1282 3922 et
1299 3870 1359 3923 editi

125 3952 186 3996 rent.
221 3945 375 4007 botenstein,
401 3947 441 4008 qui
457 3946 503 3995 beo
530 3947 631 4008 oppositi
647 3946 717 3994 addi-
766 3937 819 4010 μέν
836 3944 956 3994 omittunt
1270 3962 1273 3967 ·

125 4014 205 4078 etipse
222 4028 315 4072 sumes,
341 4028 477 4075 quaeremur
495 4028 544 4061 eum
563 4015 588 4061 in
606 4014 648 4062 boe
665 4014 716 4075 ipso
802 4026 825 4074 g.
844 4011 931 4088 Regius
947 4003 993 4057 καὶ
1009 4004 1065 4073 γὰρ
1082 3999 1149 4061 uio'e.
1193 4007 1293 4083 Segner.
1309 3996 1359 4083 κβ

125 4082 173 4131 die.
210 4081 237 4132 in
255 4079 309 4129 eliis
328 4079 384 4128 item
407 4080 551 4128 editionibus
570 4094 617 4128 uon
637 4079 717 4128 miuus
767 4072 823 4144 γὰρ
840 4090 887 4126 και
903 4070 969 4154 egitir.
1015 4077 1093 4126 Ceteri
1118 4083 1142 4123 et
1165 4073 1221 4123 editt
1238 4065 1285 4121 nai
1300 4082 1358 4139 γαρ

123 4146 192 4196 msto
209 4147 363 4196 emendatum
381 4155 419 4196 est
435 4147 482 4196 boe
500 4147 587 4196 modo:
613 4147 719 4203 Quodsi
768 4140 815 4194 καὶ
838 4137 853 4192 ὂ
876 4136 941 4198 siae.
983 4144 1035 4194 tior
1059 4142 1164 4191 Febrim.
1180 4139 1204 4190 2.
1231 4147 1255 4189 et
1283 4138 1359 4191 eddo

125 4216 248 4264 ittudete.
266 4215 508 4278 impudentissimis
527 4221 659 4274 resumeret,
688 4229 718 4264 ee
770 4212 889 4264 comeret.
908 4202 924 4259 ὃ
941 4205 971 4260 δὲ
987 4202 1099 4266 ἔξωθεν,
1118 4208 1243 4286 mendose.
1332 4272 1339 4285 ο

123 4284 169 4331 itto
186 4283 373 4333 Deuteronomii:
392 4281 437 4330 Vos
455 4291 534 4331 antem
553 4283 594 4346 qei
612 4281 718 4345 beosp·
802 4281 827 4329 h.
845 4278 887 4330 Sic
909 4277 1067 4341 manuscripti
1098 4277 1215 4353 eodtees..
1249 4272 1279 4324 tt
1300 4272 1361 4326 edm

123 4348 201 4413 positi
219 4348 356 4413 eddietique
366 4350 433 4409 estis,
450 4352 557 4414 quaerite
567 4363 621 4399 eum
634 4349 658 4399 io
671 4350 719 4398 boe
768 4344 873 4402 notor,
898 4358 1035 4410 perperam.
1077 4343 1187 4411 Neruius
1208 4348 1267 4391 rtem
1288 4340 1362 4413 ΜΒ

122 4418 183 4482 ipso
202 4417 249 4467 die.
767 4417 815 4533 gei
831 4417 886 4478 {een
903 4420 992 4478 gentem
1007 4425 1123 4476 mnam,
1142 4408 1363 4476 somnusque!

790 4497 840 4532 ess.
