2948 5092
80 268 146 334 290
478 279 506 327 ι.
521 266 915 327 ιτλιιωειιιιιεωεειεαονι

4 450 171 522 .;ιτι.τητα,
195 427 263 500 οῦδ
287 428 341 498 ὅτι
362 430 529 498 πιστεύων
552 424 726 516 εὐάρεστος
747 434 891 514 γέγονεν,
916 425 985 498 ἀλλ’
1011 426 1064 498 ότι
1084 431 1156 512 οίδς
1179 425 1226 499 ὢν
1248 434 1311 500 τοῦ

81 529 243 623 ἀληθινοῦ
265 536 349 600 θεοῦ
372 530 492 611 πιστός
514 532 653 599 ἐστικαὶ
670 525 778 610 αῦτός,
803 526 948 620 ὀφείλων
963 530 1190 601 πιστεύεσθαι
1204 533 1241 601 ἒν
1255 529 1311 613 σλς

78 629 138 704 ’ἀν
160 637 235 724 λέχη
257 633 313 702 καὶ
334 638 425 722 ποιῇ,
450 628 549 712 αότὸς
571 631 734 719 άτρεπτος
754 638 862 716 μένων
884 635 938 699 καί
961 633 1006 722 μὴ
1022 628 1259 719 άλλοιυύμενος
1274 635 1312 703 δν

79 740 119 825 τῇ
142 733 340 826 ἀνθρωπίνῃ
363 736 535 823 οἰκονομίᾳ
556 738 610 801 καὶ
632 738 671 822 τῇ
695 732 841 821 ίνσάρκην
864 742 1042 822 παρουσίᾳ.

164 846 193 906 7.
243 835 357 917 Οῦτως
377 839 437 923 μὲν
460 827 517 904 οῦν
540 835 581 904 ἀν
601 861 654 915 τις
675 834 762 922 πρὸς
782 836 841 924 τὴν
864 831 1035 903 ἀναίδειαν
1057 830 1166 903 αῦτιῦν
1185 838 1309 922 χωρεῖν

78 938 237 1007 ιδύναται
257 938 314 1007 καὶ
335 939 369 1008 ἐκ
389 939 493 1028 μάνης
513 941 571 1025 τῆς
593 937 732 1026 ἐποίησε
753 938 871 1019 λέξεως
893 938 1067 1024 διελέγχειν
1082 933 1204 1017 αὐτούς
1219 938 1312 1004 πλα-

77 1047 243 1126 νωμένους
264 1044 318 1108 καί
340 1041 533 1125 νομίζοντας
554 1035 639 1108 εῖναι
654 1045 785 1128 ποίημα
798 1037 856 1107 τδν
870 1042 930 1106 τοῦ
945 1043 1030 1107 θεοῦ
1046 1037 1152 1125 λόγον.
1187 1037 1308 1125 ἐπειδὴ

79 1141 132 1209 ‘ab
163 1145 216 1210 καὶ
243 1138 264 1230 ἡ
294 1143 427 1211 διάνοια
447 1145 514 1209 τῶν
535 1146 764 1228 γεγραμμένων
787 1140 876 1208 ἐστὶν
899 1135 1003 1228 ὀρθή,
1032 1140 1229 1209 δεικνύουσα
1248 1141 1310 1227 τὴν

79 1239 218 1331 ἐποίησε
239 1245 327 1325 λέξιν
348 1243 432 1324 πότε
452 1244 506 1309 καλ
529 1241 615 1328 πρὸς
636 1247 671 1309 τί
691 1242 848 1330 λεγομένη
871 1249 1081 1331 σημαίνεται,
1106 1236 1310 1328 “ἀναγκαῖον

2 1346 133 1415 στεναί
156 1344 193 1426 έξ
213 1341 314 1432 αῦτῆς
335 1344 442 1424 δεῖξαι
463 1347 529 1410 τιῦν
552 1344 723 1429 αίρετικιῦν
744 1343 803 1430 τὴν
826 1339 970 1430 ἀλογίαν,
995 1343 1052 1411 ἐὰν
1073 1342 1238 1427 μάλιστα,
1264 1340 1311 1425 ὦς

79 1443 115 1513 όν
135 1456 209 1525 τοῖς
231 1445 423 1532 ἔμπροσθεν
446 1443 625 1532 εἰρήκαμεν,
648 1447 702 1511 καί
717 1443 837 1511 τούτου
851 1444 909 1511 τὸν
922 1444 1037 1531 καιρὸν
1051 1444 1107 1511 καὶ
1122 1444 1181 1534 την
1194 1450 1311 1530 χρείαν

78 1545 264 1631 ’λάβοιμεν
295 1541 333 1613 οῦ
355 1553 465 1614 τοίνυν
487 1545 529 1613 τὰ
551 1545 618 1632 πρὸ
640 1548 700 1634 τῆς
719 1554 858 1626 κτίσεως
880 1546 1092 1634 διηγούμενος
1115 1542 1133 1612 ό
1157 1541 1313 1614 ἀπόστο-

78 1647 137 1726 λος
157 1650 263 1714 ταῦτα
285 1647 424 1733 εἴρηκεν,
450 1641 518 1714 ἀλλ’
544 1644 601 1716 ὅτε
623 1643 641 1714 δ
663 1647 760 1734 λόγος
781 1648 866 1735 σάρξ
886 1648 1029 1735 ίγένετο·
1058 1644 1147 1715 οῦτω
1168 1647 1232 1736 γάρ
1254 1654 1310 1736 γέ·

78 1769 243 1834 γραπται·
267 1744 358 1828 ὅθεν,
383 1745 540 1837 ’ἀδελφαί
561 1746 667 1837 ἀγιοι,
690 1749 837 1839 κλήσεως
858 1749 1059 1836 ἐπουρανίου
1079 1756 1226 1834 μέτοχοι,
1249 1776 1312 1818 κα-

78 1849 262 1937 τανοήσατε
289 1848 347 1916 τὸν
377 1845 567 1918 ἀπόστολον
588 1855 642 1919 καλ
665 1849 817 1939 ἀρχιερέα
838 1855 897 1940 τῆς
918 1847 1096 1938 ὁμολογίας
1115 1846 1211 1937 ἡμῶν
1233 1846 1311 1941 ιἸη-

79 1951 169 2030 συῦν,
192 1948 314 2017 πιστὸν
337 1948 418 2018 ὄντα
439 1956 486 2040 τῷ
508 1953 688 2041 ποιήσαντι
709 1948 849 2033 αὐτόν’),
895 1952 978 2021 πότε
999 1942 1057 2020 οῦν
1080 1947 1265 2041 ἀπεστάλη,
1288 1948 1311 2038 ἢ

80 2043 223 2139 δπηνίκα
249 2050 309 2139 τὴν
336 2048 496 2141 ἡμετέραν
524 2055 699 2123 ἐνεδύσατο
728 2054 833 2141 σάρκα
840 2082 851 2137 ,·
884 2053 968 2121 πότε
997 2055 1032 2121 δὲ
1061 2050 1231 2141 ἀρχιερεὺς
1251 2059 1312 2144 τῆς

78 2147 258 2240 δμαλυγίας
287 2150 380 2240 ἡμῶν
411 2162 556 2243 γέγονεν,
589 2151 611 2245 ἢ
640 2155 696 2225 ότι
722 2161 939 2243 προςενίγκας
968 2153 1084 2222 ἑαυτὸν
1106 2152 1192 2243 ὑπὲρ
1215 2152 1310 2244 ἡμῶν

79 2251 207 2342 ἤγειρεν
236 2256 270 2323 ἐκ
300 2259 420 2343 νεκρῶν
448 2257 488 2362 ηδ
510 2262 621 2344 σῶμα,
651 2262 704 2326 καὶ
728 2261 785 2326 νῦν
808 2252 908 2336 αὐτὸς
928 2255 1005 2334 τοὺς
1027 2265 1313 2343 προςερχυμίνους

78 2352 202 2423 ΙΙαάτσῦ
224 2361 264 2446 τῇ
286 2364 400 2426 πίστει
421 2360 580 2447 πραςάγει
600 2363 655 2427 καί
678 2365 860 2448 προςφέρει
880 2363 927 2446 τῷ
950 2365 1063 2444 πατρί,
1087 2359 1311 2446 λυτρούμενος

79 2456 284 2538 πάνταςκαὶ
307 2454 392 2546 ύπὲρ
414 2462 550 2528 πάντων
573 2461 787 2546 ἱλασκόμενος
808 2460 850 2527 τά
872 2459 958 2546 πρὸς
978 2459 1037 2526 τόν
1059 2460 1160 2542 θεόν,·
1195 2458 1235 2526 σῦ
1251 2461 1311 2550 τὴν

81 2553 198 2629 οῦσίαν
227 2560 293 2650 ἀρα
314 2565 372 2627 τοῦ
395 2562 494 2648 λόγου
517 2557 593 2629 οῦδὲ
614 2561 673 2649 τὴν
693 2561 743 2629 ῑέκ
763 2564 823 2628 τοῦ
845 2560 973 2648 πατρὸς
996 2559 1137 2648 φυσικὴν
1158 2567 1310 2650 γέννησιν

80 2666 227 2751 σημᾶναι
258 2665 370 2730 θέλων
403 2659 421 2728 ὁ
454 2658 644 2742 ἀπόστολος
677 2665 784 2751 ε’ίρηκε
812 2663 935 2730 πιστὸν
958 2660 1038 2729 ὄντα
1059 2666 1106 2748 τῷ
1128 2664 1312 2750 ποιήσαντι

80 2759 181 2832 αῦτόν
203 2766 258 2860 (μὴ
280 2770 419 2851 γένοιτο,
443 2769 553 2830 ποιῶν
574 2765 635 2853 γάρ
652 2765 742 2832 ἐστιν
757 2760 775 2831 ό
791 2764 896 2850 λόγος,
914 2759 953 2831 ού
967 2764 1170 2849 ποιούμενος
1184 2761 1308 2846 αύτός),

80 2859 166 2933 ἀλλὰ
193 2866 252 2955 τὴν
281 2867 329 2945 είς
357 2861 562 2952 ἀνθρώπους
584 2861 684 2955 αὐτοῦ
706 2867 856 2934 κάθοδον
877 2869 930 2932 καί
954 2861 1197 2955 ἀρχιερωσύνην
1218 2891 1313 2953 γενο-

78 2973 189 3056 μένην,
211 2967 251 3055 ἢν
272 2970 381 3047 καλῶς
403 2966 443 3034 ἀν
464 2992 517 3046 τις
538 2969 608 3035 ἴδοι
630 2969 664 3036 ίκ
685 2973 744 3055 τῆς
764 2968 848 3035 κατὰ
868 2967 927 3034 τὸν
943 2967 1044 3052 νόμον
1059 2971 1113 3035 καὶ
1136 2965 1311 3035 ιτὸνῖιίιι-

80 3066 148 3158 ρών
176 3070 333 3155 ἱστορίας.
379 3066 484 3147 οῦτως
501 3065 632 3155 Ἁαρών
661 3064 699 3136 ού
721 3075 908 3158 γεγέννηται
931 3064 1112 3158 ἀρχιερεύς,
1144 3064 1230 3137 ἀλλὰ
1252 3067 1312 3137 ἀν-

78 3174 232 3258 θρωπος,
255 3170 312 3237 καὶ
331 3170 416 3256 μετά
435 3168 562 3257 χρόνον,
587 3167 643 3239 ὅτε
665 3168 684 3236 ό
705 3171 789 3251 θεὸς
809 3167 963 3260 ἠθέλησε,
986 3177 1116 3258 γέγονεν
1132 3165 1309 3258 ἀρχιερεύς,

78 3275 133 3340 καί
155 3280 286 3361 γέγονεν
308 3269 366 3355 οῦχ
387 3267 505 3350 άπλιῦς
526 3267 603 3340 οὐδὲ
626 3272 661 3340 ἐκ
681 3277 748 3340 τῶν
770 3277 925 3360 συνηθῶν
950 3275 1089 3358 ἱματίων
1110 3272 1313 3358 γνωριζόμε-

79 3397 145 3454 νας,
169 3368 238 3442 ἀλλ’
264 3370 596 3457 Ιδπενδιδυσκόμενας
616 3374 675 3462 τὴν
690 3374 854 3459 ἐπωμίδα,
877 3373 917 3440 τὸ
931 3375 1070 3461 λογεῖον,
1093 3374 1152 3440 τὸν
1167 3373 1310 3462 ποδήρη,

80 3473 104 3542 ἃ
131 3475 167 3542 αί
187 3479 337 3562 γυναῖκες
356 3477 418 3560 μὲν
440 3474 633 3560 εἰργάσαντο
656 3475 835 3563 προςτάξει
856 3480 915 3542 τοῦ
937 3480 1036 3555 θεοῦ,
1061 3475 1095 3543 ίν
1115 3474 1249 3555 τούτοις
1271 3476 1310 3544 δὲ

80 3575 302 3664 ελςερχόμενος
331 3576 377 3657 εἷς
404 3575 447 3644 τά
474 3573 553 3663 άγια
580 3577 639 3663 τὴν
668 3573 752 3664 ὑπὲρ
780 3581 840 3644 τοῦ
863 3579 943 3644 λαοῦ
967 3584 1090 3644 θυσίαν
1112 3584 1309 3666 προςίηνερε.

78 3676 135 3745 καὶ
168 3677 202 3746 ἐν
230 3678 361 3758 τούτοις
394 3675 504 3764 ὥςπερ
533 3678 699 3763 ἓμεσίτευε
725 3683 765 3766 τῇ
796 3674 944 3767 ὀπτασίᾳ
971 3681 1029 3744 τοῦ
1052 3682 1136 3744 θεοῦ
1158 3682 1213 3745 καί
1235 3691 1312 3760 ταῖς

78 3781 146 3846 τῶν
168 3774 360 3867 ἀνθρώπων
382 3786 530 3861 θυσίαις,
555 3777 642 3847 οῦτω
663 3788 774 3849 τοίνυν
796 3783 850 3849 καί
875 3776 893 3846 ό
914 3779 1025 3868 κύριος
1048 3777 1081 3847 έν
1098 3774 1179 3868 άρχη
1194 3783 1256 3866 μέν
1272 3769 1312 3871 ἦν

149 3935 172 3996 1)
192 3936 265 3986 Hebr.
283 3935 307 3998 3,
329 3937 350 3987 1.
369 3936 392 3989 λ.

111 4055 134 4091 ι.
154 4041 254 4102 Seguer.
272 4032 321 4089 ἐὰν
345 4033 416 4105 λέγη.
452 4038 518 4088 mem
537 4039 626 4088 ibidem
645 4047 669 4088 ει
755 4039 779 4087 δ.
799 4038 937 4088 Felckman.
954 4038 978 4087 5.
998 4030 1152 4100 ἀναγκαίαν
1169 4029 1199 4095 ἐξ
1216 4029 1311 4098 αῦτῆς.

78 4107 176 4160 comer.
197 4107 303 4158 δείελα.
323 4108 345 4156 1.
365 4116 387 4157 ει
405 4108 428 4156 4.
449 4097 531 4159 αῦτάς
548 4109 667 4157 ominum.
719 4107 798 4156 Εδίῑίο
826 4107 944 4157 (Ξοωωεί.
968 4096 1120 4170 ἀναγκαίαν
1142 4100 1189 4154 καὶ
1206 4100 1311 4168 ἑαυτῆς.

111 4176 135 4226 b.
154 4176 293 4226 Goblerian.
312 4181 336 4223 τι
353 4174 458 4224 ΡεΙεΙιω.
481 4175 501 4224 Ι.
519 4166 666 4223 δύνασθαι.
719 4176 763 4224 Alii
784 4188 842 4224 mss.
860 4167 1013 4238 ἀναγκαῖον
1029 4169 1075 4221 καί
1092 4166 1121 4230 ἐξ
1137 4164 1231 4234 αὐτῆς.

78 4240 139 4292 lbid.
158 4244 259 4306 Segner.
279 4239 326 4302 τῆς
343 4223 383 4301 ἧς,
402 4234 522 4303 ἐποίησε,
540 4237 641 4298 λέξεως.
753 4257 775 4291 e.
800 4243 842 4291 Sic
864 4244 963 4304 Segner.
988 4243 1086 4292 nomer.
1113 4250 1137 4291 ει
1162 4244 1268 4294 δαίεται,
1290 4245 1312 4294 1.

113 4304 591 4375 anag.etrelekm.5.ofomiuun1.
617 4311 668 4360 Μαι
719 4311 748 4358 λι
766 4311 906 4360 διατενεῖν.
924 4303 1113 4376 λαμβάνωμεν.
1149 4310 1194 4360 Ani
1213 4311 1313 4373 ειεδίιί

78 4377 180 4439 Segner.
208 4377 307 4428 comer.
336 4384 360 4427 et
387 4367 666 4441 δείιλω.1.τι“γνῆν,
717 4369 851 4445 λάβωμεν.
888 4378 938 4427 Μαι
957 4376 1059 4433 ταῦτα,
1085 4386 1111 4427 ιιι
1129 4378 1220 4428 λείποι
1238 4379 1312 4430 ceneri

77 4435 203 4504 ἐποίησε,
227 4440 305 4501 λέξιν.
341 4444 401 4497 ΙΙνίιλ
426 4445 532 4498 δείελον.
551 4444 576 4496 4.
599 4439 669 4516 πρός
720 4459 780 4496 ωτι.
797 4455 822 4496 τι
838 4446 913 4497 editio
929 4445 1063 4508 commui„
1086 4445 1185 4497 τίκτειν
1206 4448 1312 4500 roten.

77 4505 107 4559 τί
121 4506 277 4578 λεγομένου.
719 4513 745 4563 δ.
764 4521 789 4564 τι
807 4513 865 4578 neg.
945 4535 948 4541 ·
1263 4528 1266 4535 ·
