2948 5092
462 248 711 292 aeramentum
728 248 925 294 sonoriores.
948 306 954 317 Ι
1232 235 1293 300 815

61 454 64 458 .
160 406 212 466 21.
258 401 324 474 Quo
354 411 438 480 pacto
466 400 554 477 igitur
582 400 631 479 qui
660 399 726 461 talia
755 399 863 460 audent
890 409 1019 479 possunt
1046 400 1140 463 adhue
1161 401 1378 468 Gentilesmu.

63 504 222 579 incusare,
245 503 324 583 quod
346 502 423 562 idola
446 520 461 561 a
484 519 517 560 se
540 501 664 561 conflata
685 500 757 560 deos
780 499 973 580 nuncupent?
1015 502 1100 563 Paria
1118 512 1192 564 sunt
1212 504 1376 570 enhnruu.

63 607 183 670 horum
204 614 288 687 gesta
309 604 426 666 illorum
449 602 590 673 insaniae,
614 602 673 663 imo
696 602 772 662 torte
793 603 926 680 graviora
948 604 1138 665 sunthorum
1154 605 1293 682 facinora,

65 709 126 790 qui
147 709 217 770 licet
244 709 280 769 de
307 707 365 767 hoe
392 705 485 782 legem
507 703 689 782 acceperint,
716 721 771 783 per
798 703 871 783 legis
902 707 1172 784 transgressionem
1201 707 1294 771 Deum

66 812 238 873 affecerunt
260 807 445 870 contumelia.
490 805 568 878 Quid
589 814 687 866 autem
709 805 758 884 qui
781 805 848 867 talia
870 805 1076 886 blasphemant
1097 809 1190 869 aeluri
1213 818 1294 884 sunt,

71 931 146 975 eum
171 912 289 973 Esaiam
317 908 493 988 Prophetam
521 907 663 984 legerint,
695 917 724 968 et
751 907 896 969 audierint
919 908 1025 970 Christi
1047 909 1188 972 adventus
1211 890 1299 991 signa*

66 1014 148 1077 haee
169 1032 246 1086 esse,
270 1021 302 1072 ut
324 1011 417 1071 caecis
441 1010 533 1082 visuS,
557 1008 667 1071 claudis
690 1026 824 1088 gressus,
846 1010 935 1071 mutis
954 993 1227 1090 loquela,'mortuis
1242 1032 1293 1075 re·

67 1115 234 1186 surrectio,
256 1111 384 1192 leprosis
408 1111 519 1172 curatio
544 1110 699 1183 tribuatur,
721 1111 820 1172 surdis
843 1129 930 1173 aures
953 1112 1143 1191 aperiantur?
1181 1114 1307 1187 Quem.
1332 1091 1336 1103 ¹
1368 1128 1372 1143 ¹

10 1267 13 1277 .
66 1234 142 1279 nam
169 1216 275 1277 horum
304 1222 454 1275 auctorem
478 1231 546 1273 esse
567 1210 690 1273 volenti
735 1213 767 1272 Si
790 1212 867 1274 enim
890 1213 981 1275 Deum
1004 1215 1116 1288 dicant,
1145 1235 1214 1278 sese
1235 1217 1294 1279 im-

67 1318 194 1399 pietatis
217 1317 247 1377 in
269 1316 427 1377 Dominum
448 1322 617 1392 coarguent,
640 1333 708 1376 nam
731 1334 805 1393 quae
826 1317 923 1376 lutura
943 1318 1130 1396 prospiciens
1147 1319 1295 1399 Propheta

68 1419 161 1493 dixit,
190 1420 263 1480 haee
288 1419 352 1497 ipsa
379 1434 521 1496 praesens
550 1417 615 1496 ipse
635 1415 780 1477 Dominus
804 1427 942 1496 operatus
965 1428 1027 1493 est,
1058 1419 1106 1481 sin
1135 1421 1295 1500 petulantia

66 1519 280 1602 praeoccupati
303 1520 400 1581 dicere
422 1518 530 1591 ausint,
553 1519 619 1597 ipsa
640 1537 757 1597 quoque
780 1519 810 1580 in
832 1519 1002 1582 Beelzebule
1023 1523 1096 1583 laeta
1120 1542 1204 1597 esse,
1226 1541 1293 1585 me·

65 1630 125 1684 tuo
148 1640 186 1683 ne
208 1622 346 1702 paulatim
369 1622 398 1682 in
421 1621 601 1700 impietatem
623 1620 792 1699 progressi,
816 1621 865 1682 ubi
887 1621 1026 1699 legerint:
1059 1624 1134 1696 Quis
1158 1625 1237 1686 dedit
1260 1644 1293 1688 os

65 1722 213 1787 temtum
255 1725 294 1786 Et
316 1729 381 1806 pots
404 1725 573 1802 fabricatus
597 1734 642 1785 est
661 1731 778 1783 mutuom
801 1734 828 1784 et
849 1724 992 1794 surdum,
1009 1726 1154 1787 uidentem
1177 1736 1205 1787 et
1227 1744 1295 1788 eoe-

18 1872 22 1879 -
66 1823 166 1889 mm?
194 1835 224 1886 et
251 1826 297 1885 his
326 1824 448 1895 similia,
479 1823 660 1885 insanientes
690 1841 807 1884 rursum
836 1823 949 1898 dicant,
977 1825 1031 1886 has
1061 1845 1178 1905 quoque
1205 1841 1294 1888 voces

63 1926 257 1991 Beelzebulis
281 1946 356 1987 esse.
400 1925 472 1985 Nam
496 1925 541 1986 cui
565 1924 686 2003 gratiam
704 1925 832 1987 restituti
848 1926 927 1987 visus
943 1926 1086 2000 tribuunt,
1107 1928 1176 1989 huic
1191 1937 1220 1988 et
1234 1946 1296 1988 non

66 2029 194 2091 videndi
216 2047 333 2089 causam
356 2027 522 2089 adserihaut
545 2036 678 2106 oportet;
710 2037 866 2106 utrumque
895 2027 972 2088 enim
1002 2029 1038 2090 ab
1061 2029 1164 2090 eodem
1187 2030 1296 2090 laetum
1396 2079 1401 2086 .

67 2150 143 2193 osse
163 2131 342 2204 declaratum
366 2138 421 2190 est.
467 2128 523 2201 Qui
546 2129 571 2189 si
594 2130 727 2207 prolecto
750 2129 822 2189 haec
844 2129 942 2189 dicere
958 2130 1066 2202 ausint,
1090 2132 1207 2191 tandem
1223 2112 1295 2192 een-

65 2232 183 2295 aebunt
214 2233 359 2294 humanae
393 2241 514 2292 naturae
549 2230 731 2291 conditorem
766 2249 834 2291 esse
861 2229 1074 2293 Beelzehuleur.
1124 2232 1295 2294 Conditoris

67 2336 182 2415 quippe
206 2343 261 2408 est,
284 2344 317 2394 ut
337 2353 386 2394 res
409 2333 540 2394 conditas
563 2332 668 2393 haheat
688 2333 718 2392 in
742 2351 794 2393 sua
815 2340 972 2411 potestate.
1017 2333 1054 2393 Ut
1076 2334 1152 2393 enim
1175 2335 1294 2413 Moyses

67 2437 162 2499 dixit:
185 2438 224 2499 ln
242 2417 395 2518 pra‘ooipt'o
418 2438 489 2514 fecit
512 2435 594 2496 Iloua
618 2434 732 2497 coelom
754 2445 781 2496 et
805 2447 928 2504 terrum,
953 2443 982 2495 ot
1003 2437 1043 2496 od
1063 2439 1220 2514 imaginem
1239 2435 1298 2497 Dei

66 2541 147 2620 fecit
168 2539 249 2601 ileos
274 2540 428 2613 laomr'nem,
452 2539 491 2597 ita
513 2555 629 2615 quoque
644 2535 746 2597 Daniel
767 2535 859 2596 lihere
873 2536 993 2596 llarium
1011 2536 1117 2596 allatus
1141 2546 1203 2597 est:
1227 2536 1295 2599 Nou

67 2660 206 2704 veneror
227 2641 308 2702 idolo
329 2640 522 2717 morarrfoctu,
546 2640 597 2698 sed
619 2641 765 2700 oluerttem
785 2637 900 2709 neom,
925 2642 977 2717 put
997 2643 1111 2699 creavit
1134 2638 1247 2700 coelum
1268 2648 1296 2701 et

68 2757 192 2809 terrum
215 2754 243 2804 et
265 2743 351 2803 hahet
371 2752 549 2820 potestatem
571 2743 666 2800 omnis
691 2743 810 2813 cornis,
833 2739 890 2800 nisi
912 2758 1018 2799 rursus
1041 2749 1150 2800 mutata
1173 2749 1294 2803 senten-

24 2856 35 2875 *
68 2845 112 2906 tia
136 2844 274 2917 dixerint,
298 2844 476 2916 caecitatem,
500 2841 741 2902 claudicationem
763 2860 797 2901 ac
819 2851 933 2903 caetera
954 2843 1090 2921 eorporis
1106 2841 1175 2902 vitia
1190 2862 1206 2902 a
1222 2825 1302 2903 cuu-¹

69 2945 180 3008 diteris
204 2947 392 3024 correptione
420 2944 583 3024 proticisci,
612 2943 775 3012 ethorum
804 2945 984 3005 curationem
1014 2954 1043 3005 et
1071 2962 1140 3023 erga
1167 2945 1223 3005 hos
1247 2946 1297 3024 qui

42 3122 46 3134 ,
69 3049 245 3126 affliguntur
266 3047 487 3108 beneficentiam
503 3065 526 3120 a
548 3044 720 3106 Beelzehule
742 3045 896 3124 praestari.
941 3047 1048 3107 Verum
1072 3046 1144 3108 haec
1165 3047 1208 3106 vel
1232 3046 1312 3108 dis-·

69 3150 192 3229 quirere
213 3149 295 3211 valde
317 3151 453 3210 insanum
478 3157 539 3220 est,
563 3146 721 3208 furentium
744 3149 821 3207 enirn
845 3157 874 3207 et
895 3147 1050 3228 plusquam
1068 3147 1293 3228 merrteeapto·

69 3270 140 3313 rum
164 3261 210 3312 est
231 3251 406 3330 impiissima
429 3250 572 3311 eiusmodi
597 3247 838 3328 stultiloquentia.
882 3250 915 3310 ln
945 3270 977 3311 ea
1006 3250 1151 3329 siquidem
1174 3269 1295 3344 eompa-

68 3354 189 3414 ratione
211 3355 325 3432 potiora
348 3373 407 3414 nou
429 3354 501 3425 Deo,
526 3352 577 3412 sed
592 3350 759 3412 Beelaehuli
781 3353 950 3414 adscribunt
971 3353 1078 3413 insani.
1123 3353 1200 3413 Nihil
1217 3353 1296 3414 euim

68 3464 176 3516 curant
191 3454 353 3517 divinarum
370 3457 587 3534 Scripturarum
603 3453 739 3533 dogmata
754 3454 938 3529 labefactare,
954 3455 1043 3517 ruodo
1060 3466 1169 3534 negent
1184 3455 1295 3517 Christi
1344 3508 1352 3531 ,

67 3557 237 3618 adventurn.

104 3744 129 3792 h.
149 3744 247 3793 Gohler.
276 3754 299 3792 et
310 3744 426 3822 Felekrp.
451 3747 470 3793 l.
498 3737 659 3798 ἀνάστασιν,
712 3744 808 3794 Gohler.
829 3754 851 3793 et
869 3745 974 3795 Felchm
995 3746 1016 3794 l
1037 3740 1200 3809 γενομένων.
1237 3744 1298 3792 Editi

66 3805 116 3858 καὶ
135 3805 171 3858 τὰ
188 3805 285 3868 λοιπά,·
304 3797 387 3876 ἆρα)
376 3806 429 3878 γὰρ
447 3808 500 3861 καί.
537 3813 595 3860 lhid.
606 3820 661 3874 post
712 3821 735 3860 et
754 3813 825 3861 ceteri
843 3808 1003 3877 γινομένων

65 3875 224 3945 θεραπείαν
248 3882 315 3929 deest
340 3876 386 3926 καί
404 3857 426 3928 iri
447 3882 501 3940 lteg.
521 3890 544 3928 et
562 3883 660 3940 Seguer.
745 3896 767 3942 g.
787 3881 923 3930 Gohlerian.
943 3891 967 3931 et
984 3882 1087 3930 lelcltnr
1109 3882 1129 3929 l.
1149 3873 1236 3945 φησίν
1253 3893 1298 3942 pru

106 3963 128 3997 c.
149 3950 204 4009 lteg.
224 3958 246 3998 et
265 3952 365 4010 seguer.
389 3948 434 3996 soli
459 3944 571 4010 βλέπων.
608 3947 659 3996 hlor
710 3940 803 4010 λέγων

66 4016 129 4094 Reg.
148 4016 246 4077 Seguer
266 4026 288 4066 et
307 4018 408 4066 lelclnn
425 4016 450 4063 l.
463 4015 523 4064 etl.
544 4025 598 4079 post
616 4028 660 4063 πε·
745 4018 767 4064 h
788 4018 843 4078 lteg.
863 4025 885 4065 et
903 4019 1000 4078 Seguer.
1012 4012 1106 4095 κυρία.
1151 4015 1224 4064 laulo
1243 4022 1299 4078 post

65 4075 308 4148 noirxshahent
290 4099 382 4147 ‹wpro
400 4077 456 4133 ἐάν.
711 4085 810 4162 Seguer.
829 4101 876 4133 non
896 4081 1042 4148 lrahetpre'v.

105 4152 129 4201 d.
150 4153 206 4214 lleg.
232 4161 255 4201 et
273 4153 371 4229 Seguer
389 4148 523 4216 λέγεσθαι.
566 4152 662 4202 Gobler.
749 4155 764 4201 i.
784 4154 880 4203 Gohler
900 4163 922 4202 et
939 4153 1075 4202 letetur
1087 4151 1300 4201 sichahenthunc

68 4229 96 4269 et
113 4219 221 4271 Pelclrm.
242 4222 263 4269 l
287 4215 413 4283 γίνεσθαι
430 4218 565 4285 λέγεσθαι.
600 4221 662 4269 Editi
715 4220 808 4270 locum:
827 4210 1297 4297 εὔηθέςίστινὴτοιαύτηγὰρμοετὰ

67 4295 96 4339 et
114 4287 157 4335 alii
175 4291 264 4339 rectius
281 4284 409 4352 γίνεσθαι
427 4298 526 4339 tantum
713 4279 1298 4368 doeflaiucpwpoioyc'upowopireovxatnu-

97 4369 132 4412 e.
151 4352 197 4402 καὶ
213 4353 346 4420 βλέποντα
364 4356 420 4419 fleg.
440 4368 463 4408 et
481 4359 579 4419 Seguer.
714 4349 1003 4421 ρεξεστηκότωνὲστὶν,
1021 4349 1297 4434 supponerentur

106 4423 125 4472 i.
145 4424 243 4501 Seguer.
263 4426 360 4475 Gohler.
379 4435 402 4476 at
421 4427 525 4475 Fulclm.
539 4428 560 4474 l.
577 4423 659 4472 τοῦτο
713 4428 818 4475 omissis
854 4427 911 4475 Post
927 4416 1165 4502 παρεξεστνκοτων
1183 4424 1238 4474 edit.
1253 4421 1297 4472 Pa·

64 4485 146 4564 γάρ,
170 4494 250 4544 minus
267 4502 342 4545 recte.
376 4495 428 4545 llos
445 4495 502 4558 Reg.
519 4495 659 4557 Seguerian.
712 4496 764 4546 ris.
759 4487 875 4545 hahet'
860 4506 901 4543 eu
918 4507 963 4558 pro
980 4485 1063 4542 ἐστίν.
