2948 5092
416 251 565 296 notarem
576 253 616 295 os
629 253 774 296 nocueris
789 254 933 299 nicaenas
949 256 1067 304 arnoni.
1314 247 1357 310 55

120 404 179 465 Nee
212 404 296 466 enim
326 402 427 463 omnia
455 413 526 463 sunt
547 411 581 464 nt
599 403 707 475 Filius,
740 424 795 466 nce
817 405 944 468 Verbum
969 426 1058 470 unum
1081 417 1125 470 est
1148 429 1184 471 ex
1206 411 1451 487 omnibusems,

122 507 172 566 scd
195 506 336 566 omnium
360 512 408 565 est
430 504 568 564 dominns
592 514 621 566 et
643 507 750 583 opiter.
796 507 948 586 Siquidem
970 509 1079 570 idcirco
1102 521 1201 572 sancta
1217 513 1355 592 Synodus

125 607 257 687 apertius
280 606 372 678 dixit,
395 605 479 667 illum
502 625 536 665 er
559 606 722 668 substantia
745 607 841 669 Patris
864 628 948 681 esse,
979 619 1011 672 ut
1034 611 1160 672 Verbum
1184 613 1262 674 aliud
1286 633 1355 676 esse

125 719 268 770 enatura
290 726 393 768 rerum
416 709 558 768 laetarum
581 708 761 778 crederetur,
785 729 851 770 cum
873 710 970 772 solnm
994 732 1063 773 rere
1087 713 1127 774 sit
1148 734 1183 774 er
1206 715 1284 786 lleo,
1307 723 1355 777 at·

126 831 179 889 que
212 819 248 870 nt
281 809 371 870 etiam
406 809 505 870 nullus
533 810 591 869 iam
620 810 703 871 locus
733 811 837 872 dolose
866 814 971 889 agendi
998 813 1097 892 impiis
1127 814 1353 894 relinqueretur.

127 914 200 972 llaec
222 931 296 990 ergo
321 912 375 971 luit
397 929 495 980 cansa,
519 929 572 970 cur
593 929 632 972 em
653 913 826 974 substantio
848 913 990 992 seriptum
1014 915 1062 975 sit.

206 1016 261 1076 20.
308 1012 381 1073 Cum
405 1021 503 1072 autem
526 1031 630 1074 rursus
653 1012 794 1092 Episcopi
817 1014 959 1087 dicerent,
984 1016 1173 1078 scribendum
1197 1037 1264 1079 esse
1278 1017 1353 1080 ller-

128 1117 190 1175 bum
214 1116 356 1174 rirtutem
380 1132 479 1173 veram
502 1113 718 1193 imaginemque
740 1114 836 1176 Patris
860 1135 943 1188 esse,
967 1117 1052 1196 eique
1075 1117 1104 1177 in
1128 1118 1265 1180 omnibus
1288 1120 1354 1182 sine

129 1219 177 1277 olla
201 1234 330 1295 prorsus
354 1215 495 1275 varietate
517 1234 585 1276 esse
608 1216 799 1288 simillimum,
824 1218 951 1298 denique
973 1219 1153 1280 immutabile
1177 1239 1354 1299 semperque

130 1339 201 1385 esse,
224 1337 260 1377 ae
283 1319 350 1376 sine
374 1317 520 1377 divisione
541 1317 571 1378 in
596 1317 660 1396 ipso
684 1338 752 1379 esse
775 1325 842 1389 (nec
864 1319 942 1380 enim
965 1338 1093 1399 unquam
1115 1340 1176 1380 non
1204 1322 1273 1394 luit,
1300 1321 1354 1383 sed

130 1421 176 1478 luit
197 1438 320 1497 semper
342 1418 481 1491 Verium,
504 1418 582 1496 quod
606 1428 635 1479 et
657 1419 693 1480 ab
716 1414 888 1482 aeternitate
910 1422 987 1500 apud
1003 1422 1119 1482 Patrem
1143 1421 1261 1491 exstitit,
1286 1431 1353 1483 tan-

131 1541 208 1599 quam
232 1520 309 1580 lucis
333 1519 505 1597 splendor),
530 1520 575 1579 bis
598 1531 696 1581 antem
718 1540 783 1581 eum
807 1521 966 1583 Eusebiani
988 1541 1154 1602 repugnare
1176 1543 1236 1583 non
1259 1524 1352 1585 ande·

131 1632 203 1689 rent,
233 1631 339 1698 utpote
366 1638 442 1697 quus
474 1620 661 1698 suppudebat
689 1622 838 1683 convictos
868 1634 897 1684 et
924 1625 1091 1685 confutatos
1115 1625 1224 1697 luisse3
1255 1632 1353 1684 tamen

132 1721 305 1801 deprehensi
333 1732 404 1782 sunt
432 1722 509 1781 iuter
539 1741 571 1780 se
594 1722 700 1782 iterum
723 1742 908 1785 murmurare
931 1726 1082 1805 oculisque
1104 1727 1245 1796 inuuere,
1279 1725 1352 1786 istas

130 1843 208 1884 rores
233 1823 348 1893 Sr'nii'le,
370 1839 500 1903 semper,
523 1828 677 1895 virtutem,
700 1837 729 1885 et
751 1829 783 1887 in
806 1831 872 1906 ipso
897 1826 984 1887 nobis
1007 1846 1073 1887 cum
1085 1827 1158 1887 Filio
1183 1845 1251 1887 esse
1267 1845 1351 1887 com·

131 1945 239 1991 moraes,
262 1943 298 1984 ac
319 1925 445 2003 proinde
469 1924 539 1984 nibil
562 1925 618 1985 illis
642 1924 925 2002 molestumvideri‚
949 1927 974 1988 si
998 1929 1070 1988 baec
1093 1947 1149 1988 nos
1168 1927 1351 2007 approbare-

132 2047 199 2086 mus.
245 2026 318 2085 Nam
343 2026 423 2104 quod
446 2026 482 2086 ad
507 2045 608 2086 vocem
624 2027 731 2087 siinilis
748 2037 871 2105 spectat,
895 2048 939 2100 ea,
963 2029 1145 2108 inquiebant,
1168 2028 1256 2089 nobis
1273 2048 1350 2106 quo-

131 2150 178 2204 qne
200 2128 387 2194 attribuitur,
417 2128 526 2205 quippe
549 2146 615 2188 cum
639 2130 780 2206 scriptum
803 2129 858 2189 sit:
887 2131 977 2190 liomo
1002 2136 1097 2208 iinupo
1121 2141 1150 2191 et
1172 2130 1272 2210 pluria
1295 2129 1355 2192 Dei

129 2245 174 2290 est.
220 2232 282 2289 i'or
311 2248 429 2308 semper
457 2230 545 2289 nobis
574 2230 644 2289 item
668 2230 821 2303 convenit3
854 2250 922 2291 nam
955 2231 1097 2309 scriptum
1131 2240 1193 2290 est:
1228 2230 1352 2310 Semper

130 2338 195 2391 enim
219 2351 276 2393 nos
301 2336 448 2392 uiuentes.
492 2331 552 2391 Nec
574 2333 646 2392 baec
667 2332 755 2418 verba
777 2337 898 2412 inipso
921 2333 1047 2394 anobis
1070 2341 1141 2393 sunt
1156 2332 1260 2401 aliena,
1284 2331 1351 2409 qnia

129 2439 240 2513 inipso
264 2437 394 2492 vivimus
417 2443 445 2492 et
467 2451 622 2493 movemur
645 2443 674 2493 et
696 2453 810 2495 sumtis.
856 2433 1059 2495 Irnnantabi'les
1083 2452 1199 2512 quoque
1215 2432 1352 2507 dicimur,

129 2535 167 2592 obi
192 2536 337 2611 scripturn
360 2543 423 2592 est:
444 2533 529 2593 b'i'lii'l
550 2554 606 2596 nos
631 2535 784 2614 separabit
807 2555 825 2595 o
848 2539 975 2598 caritate
992 2536 1056 2596 Dei.
1088 2535 1219 2613 Denique
1242 2551 1352 2593 nomen

129 2642 245 2696 nitatis
276 2635 342 2693 aliis
371 2634 458 2693 etiam
486 2635 576 2694 rebus
600 2636 748 2695 tribuitur.
793 2636 865 2696 llam
890 2655 977 2696 eruca
1001 2645 1030 2696 et
1052 2635 1182 2695 bruchus
1205 2635 1298 2694 virtus
1322 2641 1353 2694 et

127 2737 236 2812 quidem
261 2737 356 2794 virtus
381 2755 483 2812 magua
507 2736 652 2796 dicuntur.
698 2738 777 2797 ldem
801 2737 887 2798 etiam
909 2757 998 2816 saepe
1020 2737 1057 2796 de
1080 2736 1189 2814 pupulo
1209 2736 1350 2813 seriptum
1443 2811 1447 2822 ¹

126 2849 178 2904 est,
210 2848 256 2896 ut:
291 2837 419 2911 lipressu
450 2847 495 2897 est
525 2842 620 2898 oniin's
652 2839 1224 2917 uirtusDonii'niearterro·1lepypti'.
1270 2835 1350 2896 Aliae

126 2943 185 2998 item
210 2938 357 2998 caelestes
381 2948 450 2996 sunt
473 2938 610 2998 virtutes:
635 2939 721 3010 Nom,
738 2939 842 3017 inquit,
861 2941 1006 3001 Dominus
1020 2943 1169 3001 uirtutum
1184 2939 1349 3009 rrobr'scnrn,

125 3052 280 3119 susceptor
312 3053 416 3099 noster
441 3040 519 3100 licus
551 3041 648 3101 locob.
694 3040 806 3100 Similia
835 3042 913 3101 enim
943 3042 1029 3101 etiam
1052 3039 1186 3100 Asterius
1209 3039 1351 3117 Sopliista

124 3147 212 3201 ilionis
246 3141 385 3216 scripsit,
415 3159 489 3217 quae
518 3159 623 3217 nempe
652 3140 688 3200 ab
718 3143 760 3202 cis
784 3142 941 3212 didicerat,
973 3151 1059 3220 atquc
1081 3152 1148 3201 ante
1172 3160 1238 3201 eum
1261 3140 1349 3200 Arius

123 3244 179 3319 ipse
209 3261 347 3320 quoque,
377 3241 623 3318 quemadmodum
654 3261 741 3320 supra
772 3242 880 3302 dictum
904 3250 960 3303 est.
1006 3244 1113 3304 Verum
1137 3242 1186 3302 ubi
1209 3234 1350 3320 Episcopi

121 3344 233 3402 illorum
270 3342 325 3401 liae
353 3341 381 3401 io
412 3361 443 3401 re
473 3343 690 3402 simulationem
719 3344 1007 3415 animadverterunt,
1043 3344 1202 3421 dolumque
1226 3361 1294 3402 esse
1317 3346 1434 3411 rienes,

121 3445 258 3504 cordibus
284 3444 443 3519 impiorum
465 3445 546 3504 nitela
571 3449 773 3522 copi'tontinin,
791 3453 823 3505 ut
837 3445 878 3504 ait
894 3445 1062 3524 Scriptura,
1084 3443 1261 3505 senteutiam
1278 3462 1347 3504 rur-

120 3565 164 3604 sus
198 3545 259 3622 ipsi
288 3563 323 3604 ex
347 3545 508 3622 Scripturis
538 3546 677 3623 colligere
709 3554 777 3606 suut
806 3547 915 3616 coacti,
950 3557 978 3606 et
1000 3565 1075 3625 quae
1097 3554 1181 3606 autea
1204 3545 1349 3615 dixerant,

119 3649 216 3705 saitem
248 3646 425 3706 clarioribus
456 3645 552 3706 verbis
581 3646 748 3721 significare
770 3665 804 3707 ae
826 3647 952 3726 deniqne
975 3646 1116 3719 scribere,
1140 3646 1244 3705 Filium
1267 3644 1349 3705 Patri

118 3768 181 3807 osse
205 3747 507 3827 cousubstantialcm,
531 3755 564 3807 ut
585 3747 696 3807 scilicet
718 3748 933 3825 significarent,
954 3746 1060 3807 Filium
1083 3765 1144 3806 non
1168 3755 1281 3807 tantum
1297 3746 1349 3807 si·
1417 3820 1420 3828 Α

119 3853 224 3919 milcm,
249 3849 302 3907 sed
327 3849 449 3908 candent
474 3867 536 3908 rem
559 3848 751 3908 sinulitudine
774 3869 841 3910 esse
865 3868 901 3910 ex
923 3849 1019 3918 Patre,
1042 3857 1129 3925 atque
1151 3856 1184 3908 ut
1207 3847 1347 3908 similitu-

119 3952 212 4011 dinem
244 3959 275 4009 et
303 3948 568 4010 immutabilitatem
592 3949 656 4009 Filii
686 3949 770 4009 aliam
801 3950 924 4010 omnino
948 3968 1016 4010 esse
1040 3949 1232 4009 ostenderent
1254 3948 1290 4007 ab
1313 3966 1347 4009 ea

117 4052 290 4122 imitatione,
313 4070 388 4128 qnae
411 4051 441 4109 in
466 4051 552 4111 uobis
577 4071 644 4112 esse
667 4051 782 4121 dicitur,
806 4071 893 4130 quam
916 4052 1033 4130 quidem
1050 4070 1106 4111 nos
1122 4057 1245 4129 propter
1260 4069 1346 4109 man·
1408 4031 1414 4039 ’

118 4154 250 4212 datorum
275 4152 515 4212 observationem
538 4172 573 4213 ex
596 4154 702 4213 virtute
726 4153 947 4231 consequimur.
984 4153 1116 4230 Namque
1139 4150 1217 4228 quod
1234 4156 1350 4228 spectat

118 4257 148 4314 ad
177 4273 324 4334 corpora,
353 4273 430 4332 quae
454 4254 532 4314 iuter
555 4274 588 4315 se
611 4262 681 4315 sunt
702 4254 826 4327 similia,
849 4254 897 4315 illa
920 4263 997 4316 certe
1020 4253 1132 4313 distare
1156 4260 1184 4311 et
1205 4249 1308 4330 procul
1331 4267 1349 4310 a

145 4495 166 4525 a.
185 4479 242 4539 lleg.
260 4469 437 4534 ὑπολίπηται,
