2948 5092
462 254 572 299 enarro
588 255 609 297 1.
626 255 742 298 courua
756 255 892 300 amaros.
950 267 953 273 ⁴
984 228 1002 315 ‘¹
1220 244 1280 308 153

53 406 206 486 impietatis
230 404 355 467 voculas
378 404 533 467 dissolutis
556 415 586 466 ct
605 405 766 468 luxuriosis
789 407 887 470 modis
910 408 1086 486 siguificare,
1109 418 1151 485 ut,
1175 430 1369 490 quem-raus.

53 509 205 572 admodum
230 507 379 588 sapientia
401 507 456 569 ait:
479 526 517 570 aa
538 508 638 570 cerdis
661 513 724 570 suis
748 521 947 590 oopaorcctur
962 514 1021 575 oa'r,
1044 509 1088 571 sic
1109 511 1281 575 huiusmodi

55 612 179 673 numeris
203 608 365 690 scriptoris
393 609 509 671 animus
542 610 748 671 effoeminatus
772 611 895 689 eiusque
918 612 1026 672 ureratis
1050 613 1201 694 corruptio
1224 634 1279 695 pa·

54 711 145 775 teret?
191 712 232 773 Et
254 731 326 773 xero
348 711 440 775 latere
461 730 522 773 non
543 711 640 790 potuit
654 711 744 773 homo
765 721 922 784 versutus3
944 733 1046 775 verum
1062 716 1194 794 utramvis
1211 735 1279 795 sae·

55 815 174 895 pissime
198 833 270 875 sose
292 814 442 894 serpentis
464 832 548 877 more
571 832 690 877 sursum
715 813 893 876 deorsumve
911 815 1090 877 contorserit
1105 825 1134 878 et
1149 817 1279 892 verterit,

57 930 144 978 umen
167 917 201 978 iu
224 916 455 978 Pharisaeorum
475 916 578 995 lapsus
603 934 736 977 errorem
759 925 813 978 cst.
849 915 922 976 Nam
945 925 977 976 ut
999 917 1041 977 illi
1063 918 1093 978 iu
1109 919 1279 987 animcha-

55 1020 151 1081 bentes
174 1019 273 1098 legem
301 1017 414 1080 violare
440 1036 473 1078 se
499 1017 574 1096 legis
601 1016 690 1079 verba
717 1017 852 1078 meditari
885 1018 1049 1097 lingebant,
1078 1019 1279 1099 eumque'ex-

56 1130 198 1200 pectatum
220 1120 340 1200 iamque
354 1128 542 1200 praesentem
558 1118 715 1181 [lominum
732 1119 839 1180 vellent
853 1138 972 1198 negare,
994 1119 1172 1182 simulabant
1186 1121 1278 1182 [leuna

57 1242 114 1284 cum
136 1221 305 1302 appellare,
335 1240 497 1300 eorumque
518 1221 713 1283 nihilomiuus
736 1223 866 1282 convicta
889 1221 1025 1300 impietas
1049 1231 1110 1296 est,
1143 1242 1208 1284 cum
1232 1223 1279 1284 di·

56 1334 163 1385 cerent:
188 1342 244 1386 our
266 1334 309 1394 tu,
333 1324 420 1386 domo
444 1342 509 1385 eum
532 1327 584 1394 sa's,
607 1325 686 1403 soris
709 1333 738 1385 te
760 1327 859 1404 ipsium
882 1311 987 1393 Deum,
1010 1330 1040 1384 et
1062 1322 1151 1384 dieis:
1174 1324 1235 1402 llpo
1251 1334 1280 1387 et

56 1426 140 1490 Potor
167 1422 424 1491 exammanda?
456 1425 495 1486 ita
523 1444 641 1504 quoque
669 1426 782 1486 fucatus
813 1434 843 1486 ct
871 1424 1017 1485 Sotadeus
1045 1425 1132 1487 Arius
1161 1426 1281 1488 simulat

56 1527 166 1605 quidem
190 1545 226 1587 se
248 1525 286 1588 de
308 1526 370 1587 [leo
393 1526 482 1606 loqui,
506 1546 572 1588 cum
594 1527 812 1606 scripturarum
835 1526 956 1587 vocibus
980 1526 1088 1599 utitur3
1112 1536 1141 1589 at
1161 1528 1234 1588 nihil
1249 1527 1280 1590 id

56 1628 181 1709 impedit,
205 1628 367 1708 quominus
390 1629 493 1690 atheus
521 1629 681 1708 olimpius
705 1648 772 1692 esse
795 1628 925 1708 undique
949 1629 1148 1702 convineatur,
1171 1630 1279 1709 quippe

56 1731 96 1808 qui
118 1730 173 1793 llei
196 1729 304 1793 Filium
327 1728 434 1792 anteat
455 1749 563 1810 negare
586 1749 711 1810 eumque
734 1730 810 1791 inter
832 1748 882 1790 ros
905 1739 1018 1790 creatas
1042 1740 1223 1792 annumeret.

131 2040 161 2099 5.
207 2034 311 2114 lpsum
340 2035 438 2114 itaque
468 2034 592 2095 Arianae
615 2034 735 2094 Thaliae
765 2041 794 2095 ct
821 2033 966 2095 futilitatis
995 2034 1166 2108 exordium,
1198 2035 1278 2113 quod

57 2155 146 2197 nores
170 2137 317 2198 modosve
340 2136 546 2198 effoeminatos
568 2154 639 2215 prae
663 2137 784 2208 ecfert,
808 2134 977 2197 huiusmodi
1001 2144 1061 2197 cst:
1095 2136 1198 2209 „luxta
1221 2155 1276 2196 eo·

60 2258 141 2308 „mm
163 2238 269 2312 fidem,
293 2238 345 2318 qui
367 2237 450 2299 electi
472 2238 540 2310 llei,
563 2237 650 2318 periti
672 2236 742 2310 llci,
773 2237 824 2298 lilii
847 2238 939 2299 sancti
962 2247 992 2298 et
1015 2239 1172 2300 orthodoxi
1196 2248 1361 2313 suntuna,

60 2341 183 2419 ‚mulque
206 2349 341 2402 sanctum
364 2339 416 2400 Ilei
437 2338 580 2418 Spiritum
602 2348 786 2417 acceperuut,
809 2338 882 2399 haec
904 2357 958 2417 ego
981 2339 1068 2400 didici
1092 2340 1203 2412 amris,
1227 2341 1276 2420 qui

62 2443 239 2522 „sapientiae
262 2441 430 2520 participes,
454 2460 564 2514 comes,
588 2440 680 2502 alleo
704 2441 782 2501 docti
806 2450 834 2502 ot
857 2441 885 2501 iu
911 2441 1048 2502 omnihus
1065 2452 1134 2503 sunt
1154 2442 1275 2521 sapien·

64 2553 132 2612 „tes
176 2544 292 2605 Horum
316 2561 370 2622 ogo
394 2543 495 2604 eadem
518 2562 552 2604 ac
574 2543 614 2603 illi
636 2542 768 2604 sonticus
791 2542 925 2621 vestigiis
948 2543 1052 2616 iustiti,
1079 2563 1132 2621 ogo
1157 2544 1276 2621 iuquam

66 2645 287 2715 „celeberrimus
311 2645 369 2717 ille,
396 2645 445 2723 qui
468 2644 681 2725 quaruplurima
703 2652 825 2723 propter
847 2645 899 2705 llei
922 2644 1044 2722 gloriam
1067 2663 1174 2723 passus
1199 2664 1275 2719 sum,

67 2756 145 2813 „ata
167 2747 229 2808 lleo
259 2745 365 2808 doctus
395 2747 568 2826 sapientiam
599 2754 628 2807 et
658 2746 812 2808 scientiam
841 2748 972 2824 accepi‘·
1018 2746 1150 2808 Facetias
1178 2754 1276 2806 autem

68 2847 117 2907 ains
138 2849 316 2910 execrandae
332 2857 361 2910 et
376 2848 479 2927 plenae
503 2848 671 2927 impietatis,
695 2868 769 2926 (puae
786 2848 815 2908 in
831 2867 864 2907 oa
881 2847 1077 2920 continentur,
1101 2846 1174 2907 tales
1191 2858 1276 2908 suut:

69 2948 143 3015 „Nou
164 2969 285 3030 semper
304 2949 384 3011 [leus
407 2950 461 3011 luit
481 2950 585 3023 Pater,
608 2950 659 3021 sed
683 2950 753 3021 luit,
784 2967 849 3009 eum
872 2949 952 3008 Deus
976 2948 1059 3008 solus
1083 2957 1173 3021 esset,
1197 2967 1275 3008 uou-

69 3051 206 3132 .‚dumque
227 3052 316 3113 Pater
338 3060 416 3125 erat3
447 3060 553 3131 postea
576 3071 645 3112 vcro
668 3053 762 3112 lactus
785 3051 948 3111 ostholta.
994 3049 1059 3109 Nou
1082 3068 1200 3129 sempor
1222 3049 1277 3112 luit

69 3152 186 3228 ,‚lilius‚
219 3173 288 3215 nam
318 3173 383 3215 cum
413 3153 512 3215 omnia
536 3174 568 3215 ex
592 3153 684 3215 nihilo
708 3153 769 3224 siut
791 3161 870 3227 orta,
902 3170 1008 3230 resque
1037 3170 1139 3212 omues
1162 3160 1276 3214 creatae

69 3255 139 3322 „sim
159 3265 189 3317 ct
210 3236 320 3328 saulae,
350 3255 446 3336 ipsum
476 3275 593 3335 quoque
615 3256 668 3317 [lei
690 3255 818 3317 Verbum
848 3274 883 3315 ox
906 3253 997 3314 nihilo
1021 3256 1129 3315 lactum
1153 3263 1214 3326 est,
1247 3264 1277 3315 ot

69 3357 133 3419 „luit
151 3357 309 3436 aliquando
334 3376 400 3419 orum
424 3376 485 3418 riou
508 3367 605 3429 esset3
632 3376 688 3419 uec
711 3364 952 3435 eratautequam
975 3357 1075 3430 lieret,
1099 3356 1151 3416 sed
1174 3355 1276 3418 hahuit

68 3476 193 3538 ‚maumas
216 3459 375 3520 creationis
398 3458 524 3520 initium.
569 3459 640 3520 Erat
662 3461 752 3532 enim,
776 3457 879 3537 inquit,
905 3458 988 3519 solus
1011 3458 1100 3529 Deus,
1124 3457 1273 3519 noudum·

67 3571 220 3637 „quaerat
242 3560 369 3623 l'erhum
392 3573 422 3622 et
436 3561 595 3641 Sapientia.
630 3561 703 3624 Cum
724 3570 822 3623 autem
845 3580 902 3622 nos
925 3569 1028 3639 postea
1052 3559 1143 3620 voluit
1165 3578 1274 3632 creare,

68 3669 147 3730 „tunc
167 3663 302 3741 prolecto
326 3682 416 3724 unum
439 3664 586 3742 quendam
607 3664 690 3736 lecit,
724 3681 811 3742 quom
834 3672 863 3723 et
885 3662 1012 3723 l'erhum
1044 3670 1073 3722 et
1094 3662 1276 3741 Sapientiam

90 3816 102 3862 l.
126 3816 226 3878 Segner
246 3816 344 3865 uotum
364 3826 386 3864 et
405 3817 510 3866 Felclm.
532 3818 553 3867 l.
584 3817 634 3863 du·
685 3807 868 3891 θεὸςπατήρ,
888 3810 979 3879 πατὴρ
999 3826 1046 3872 ra·
1067 3799 1156 3861 ἀλλ’
1141 3830 1176 3873 av
1194 3805 1272 3863 ὅτεὸ

64 3875 128 3934 laica.
161 3884 205 3932 dlii
223 3879 329 3935 θαλίας·
685 3875 750 3935 θεός
768 3891 813 3932 etc.
857 3883 916 3932 Editi
944 3894 967 3932 et
991 3883 1030 3931 alii
1057 3896 1071 3928 o
1095 3876 1160 3934 θεὸς
1184 3877 1275 3950 πατὴρ

88 3952 221 4012 gMSegucr
235 3945 633 4015 hegmetl‘clchm5duodddoaa.
686 3936 732 4010 ἦν·
761 3935 852 3997 ἀλλ’
836 3965 870 4008 ην
894 3940 938 3999 ὅτε
966 3942 1030 4002 aad·
1049 3959 1094 3999 etc
1137 3952 1187 3999 llnx
1216 3952 1276 4001 haec

62 4016 110 4066 llud.
126 4020 182 4068 editi
201 4028 225 4067 et
243 4018 380 4068 lelchml.
396 4000 579 4098 depretiavit.
588 4020 632 4069 atii
684 4019 756 4068 verba
774 4012 821 4065 καὶ
839 4010 914 4064 οὔπω
932 4003 1275 4097 naarpaivdesuntiulleg.

60 4098 109 4133 mss.
125 4080 288 4163 depalatis·
325 4087 379 4137 hlox
403 4090 503 4149 Soguer.
526 4079 579 4135 und
602 4100 635 4151 γε
684 4089 725 4204 lm
745 4086 818 4146 idem,
837 4086 937 4148 Seguor
957 4087 1090 4164 cttlnglic.
1110 4077 1274 4165 ὕστερονδὲ

59 4146 241 4222 taotpaodr.
697 4123 834 4219 naytyovh.
870 4154 932 4204 Editi
958 4166 1089 4235 υστερον
1099 4149 1129 4203 δὲ
1152 4147 1209 4202 tuat
1231 4149 1274 4218 γέ

84 4222 107 4270 h.
123 4223 164 4273 Sic
187 4223 288 4299 Seguer.
316 4222 415 4272 Goblor.
440 4231 462 4271 et
488 4223 591 4273 Felclxm.
614 4223 635 4272 l.
686 4236 758 4288 γονε.
795 4222 854 4272 lbid.
873 4222 930 4298 fleg:
950 4213 998 4269 οἷα
1016 4215 1058 4270 ἀεὶ
1077 4214 1091 4269 ὃ
1111 4213 1176 4274 υἱός,

55 4290 151 4340 taedio
168 4283 353 4366 κρατούμενα.
389 4290 550 4352 hloxSeguer.
565 4292 635 4342 Gobl.
720 4291 742 4339 k
767 4290 858 4352 duglic
885 4283 930 4336 arui
953 4276 986 4349 ἦν
1009 4303 1075 4339 ποτε
1100 4302 1144 4338 ore
1169 4279 1216 4335 οὐκ
1241 4273 1274 4349 ἦν

54 4359 189 4409 ealdctm
210 4360 232 4409 1.
254 4351 345 4426 μεστὰ
371 4352 530 4422 δυςσεβείας
573 4360 635 4408 Editi
685 4353 752 4424 πρὶν
768 4354 889 4423 γένηαι.
929 4359 985 4407 hlss
1005 4359 1060 4407 item
1080 4357 1273 4407 omuosotedit.

55 4429 126 4476 etalii
143 4421 214 4494 μετὰ
232 4422 398 4490 dorestatae
688 4427 806 4478 Commel.
825 4425 914 4475 hahent
930 4421 1051 4490 γένηται.

79 4496 95 4546 l.
110 4497 249 4562 &aternu
272 4495 378 4550 Gohlor.
402 4503 426 4547 ct
443 4495 548 4549 Felckm.
570 4495 591 4546 l.
618 4487 633 4543 ὃ
720 4495 737 4545 Ι.
755 4487 789 4556 δή
807 4493 875 4546 ahest
892 4508 906 4544 a
924 4494 1023 4557 Segucr.
