2948 5092
506 264 620 308 currus
634 262 850 310 anonumum!
864 269 952 312 nisan
967 268 987 310 r.
1296 255 1355 320 881
1438 316 1439 319 ,

1119 344 1141 387 s

130 413 222 475 illius.
268 414 335 493 lpse
357 433 474 494 qnoque
496 415 640 479 Dominus
662 419 717 479 ait:
742 419 813 481 stam
829 423 954 482 'venerit
968 420 1052 500 filins
1070 421 1206 483 hominia.
1251 422 1440 487 Fiiinmraoo.

128 515 185 576 Dei
207 515 299 576 tilium
323 517 453 577 hominis
476 519 583 578 tactum
606 519 691 588 dicit,
721 519 845 580 iudicem
870 540 988 600 quoque
1012 522 1142 583 virorum
1167 532 1197 583 et
1218 535 1356 587 mortuo-

126 636 195 679 rum
226 637 260 679 ac
281 617 391 696 Regem
420 618 578 680 Dominum
608 629 637 680 et
669 621 761 682 Deum
791 641 903 682 veruto.
950 624 1008 683 Sed
1039 625 1172 703 eorporis
1202 644 1311 687 nomen
1342 646 1359 689 e

127 718 230 779 medio
260 719 365 779 toliere
394 719 481 779 vultis
510 728 597 798 atque
626 722 655 781 id
686 724 819 801 assequi,
856 733 888 783 ut
911 743 948 784 ne
970 725 1045 785 nitra
1069 726 1183 786 dicatur
1205 727 1356 790 Christum

129 839 200 881 esse
222 819 384 881 bominem.
416 814 496 893 ¹Quo
519 823 645 901 potestis
668 825 766 885 animo
790 824 904 884 divinas
927 827 1096 904 Scripturas
1119 828 1214 889 adhuc
1234 826 1357 907 legere?

130 920 205 983 Cum
215 922 379 983 Matthaeus
393 923 511 1002 quidem
526 923 651 985 scribat:
665 925 753 988 Liber
763 932 966 1004 qenerutionis
977 929 1043 990 iesu
1054 929 1169 990 Christi
1178 930 1239 1008 filii
1247 929 1357 1005 David,

125 1024 191 1104 fitis·
203 1025 365 1099 Abrohom,
388 1025 514 1086 loannes
537 1045 624 1086 vero:
648 1027 686 1088 ln
697 1033 852 1109 principio
869 1043 936 1093 erut
952 1029 1085 1100 Verbum,
1103 1042 1130 1091 et
1149 1030 1271 1091 Verbum
1287 1040 1354 1092 erut

126 1126 212 1205 opud
232 1125 337 1197 Deum,
362 1139 390 1188 et
411 1125 494 1188 Dens
520 1138 588 1188 erut
606 1128 741 1191 Verbum.
787 1130 913 1191 Verbum
936 1140 1032 1192 autem
1056 1140 1086 1192 et
1096 1131 1188 1193 Deum
1209 1114 1241 1192 et
1263 1132 1355 1194 hlium

127 1225 222 1286 [david
255 1227 282 1287 si
315 1227 432 1287 divisim
452 1228 652 1291 considerare
682 1230 851 1305 volueritis,
886 1232 943 1294 duo
974 1253 1009 1294 ex
1038 1243 1136 1295 mente
1158 1242 1257 1294 vestra
1281 1233 1358 1294 dicta
1406 1273 1421 1297 l

126 1328 256 1402 fuerint3
279 1329 326 1388 sin
349 1348 365 1388 a
387 1329 494 1390 divinis
517 1331 617 1392 edocti
638 1332 800 1411 seripturis
823 1335 1020 1407 credideritis,
1044 1335 1172 1395 Verbum
1195 1334 1356 1397 comneno

126 1437 212 1491 esset
233 1429 324 1490 tilium
347 1430 477 1492 hominis
500 1434 606 1494 factum
631 1453 718 1509 esse;
740 1437 917 1514 agnoscetis,
941 1436 1079 1515 quoniam
1103 1454 1180 1497 unus
1204 1444 1251 1496 est
1268 1434 1356 1496 Chri-

126 1539 195 1594 stus
218 1540 248 1593 et
269 1533 364 1605 Deus,
394 1533 444 1613 qui
473 1544 502 1595 et
531 1535 596 1614 ipse
618 1537 708 1598 homo
732 1547 794 1610 est,
822 1547 855 1598 ut
883 1539 990 1617 duplex
1011 1537 1192 1617 praedicatio
1215 1536 1279 1598 eius
1302 1535 1356 1597 ad·

123 1641 234 1696 ventus
265 1634 350 1695 facile
379 1637 560 1713 persuadere
587 1649 692 1718 posset
720 1639 784 1700 eius
812 1641 985 1718 passionem
1014 1649 1044 1700 et
1079 1637 1356 1718 impassibilitatem.

128 1735 170 1797 Ut
192 1754 259 1798 eum
281 1736 352 1797 dicit
372 1738 550 1816 Apostolus:
580 1739 676 1802 Homo
702 1740 840 1802 Christus
865 1741 966 1811 Iesus,
995 1745 1048 1820 qni
1068 1742 1147 1802 dedit
1168 1743 1358 1817 semetipsum

124 1838 343 1900 redemtionem
362 1859 423 1919 pro
446 1842 543 1912 nobis,
568 1845 620 1920 qni
641 1853 803 1922 estsuper
826 1848 926 1904 omnin
940 1842 1023 1904 Deua
1047 1843 1216 1903 benedictus
1240 1844 1272 1901 in
1288 1856 1357 1900 soc-

127 1939 214 2011 sota,
238 1943 340 2002 Amen.
385 1941 423 2001 Et
450 1941 485 2001 ad
510 1941 699 2004 Timotheum
722 1944 858 2005 scribens
883 1945 938 2005 ait:
970 1944 1086 2005 Memor
1110 1953 1172 2004 esto
1195 1941 1357 2002 Dominum

125 2040 230 2103 Iesum
255 2041 408 2104 Christum
436 2061 474 2104 erc
503 2046 613 2104 semine
637 2043 736 2106 Dauid
765 2053 978 2108 resurrem'sse
1001 2066 1020 2107 o
1042 2049 1185 2106 mortuis.
1230 2042 1268 2102 Et
1290 2042 1355 2120 ipse

130 2141 242 2204 iterum
266 2142 377 2221 inquit:
400 2144 528 2206 Mortem
551 2148 614 2205 nus
638 2150 860 2209 annunciamus
884 2149 975 2225 donec
997 2150 1108 2207 vestiet.

217 2449 266 2508 11.
312 2443 342 2505 Si
372 2444 462 2523 igitur
489 2465 524 2506 ex
552 2447 743 2508 consessione
771 2447 1033 2529 consubstantialis
1063 2446 1159 2507 carnis
1189 2435 1358 2505 nomen'ds

125 2547 229 2608 medio
252 2547 353 2607 tollitis
375 2555 404 2607 et
427 2549 622 2620 sententiam,
651 2566 727 2626 quae
750 2548 822 2609 dicit
845 2548 994 2608 Christum
1019 2567 1087 2608 esse
1110 2548 1279 2618 hominem3
1308 2552 1359 2606 aut

121 2667 187 2710 non
212 2648 337 2728 amptius
361 2656 487 2708 mortem
512 2648 576 2709 eius
599 2649 785 2711 annunciatis
808 2649 904 2709 donec
927 2648 1032 2719 veniat,
1057 2656 1143 2727 atque
1159 2649 1189 2708 in
1205 2644 1356 2707 hocScri-

122 2761 229 2831 pturas
260 2749 427 2828 abrogatis,
458 2759 507 2811 aut
534 2750 603 2811 licet
630 2759 756 2812 mortem
781 2749 1049 2811 consubstantialis
1073 2749 1152 2809 Patri
1181 2757 1211 2809 et
1232 2745 1353 2826 Spiritui

124 2858 232 2912 saneto
271 2851 474 2923 annuncietis‚
517 2851 543 2911 si
575 2871 636 2912 non
669 2851 868 2913 confiteamini
902 2870 969 2912 eum
1004 2869 1091 2911 carne
1122 2867 1242 2928 passum
1277 2865 1440 2921 essenon.

123 2953 224 3033 ipsam
246 2952 343 3013 Patris
372 2960 402 3013 et
424 2953 553 3031 Spiritus
583 2953 677 3014 sancti
704 2952 847 3014 Deitatem
877 2971 1020 3032 capacem„
1042 2951 1147 3012 mortis
1176 2969 1244 3011 esse
1271 2949 1354 3011 dice·

123 3055 175 3126 tis,
199 3051 239 3114 ac'
255 3054 386 3115 omnium
408 3055 626 3116 haereticorum
649 3054 820 3133 impiissimi
844 3054 991 3115 evasistis.
1035 3053 1116 3114 Mors
1133 3052 1241 3131 quippe
1257 3049 1355 3112 carnis

126 3154 393 3218 consubstantialis
416 3155 506 3217 Verbi
528 3175 611 3217 mors
633 3155 698 3216 fuit.
742 3155 844 3234 Neque
868 3156 945 3216 enim
969 3154 1057 3214 Pater
1079 3172 1197 3214 carnem
1220 3151 1354 3232 gestavit,

124 3276 226 3336 neque
250 3256 380 3336 Spiritus
403 3266 531 3329 sanctus,
556 3265 588 3317 ut
610 3257 700 3335 impie
723 3255 1128 3327 somniaruntValentiniani,
1153 3254 1205 3316 sed
1228 3254 1355 3316 Verbum

124 3377 200 3422 coro
222 3360 415 3438 factumest.
460 3358 530 3418 ldeo
553 3376 610 3418 nos
634 3358 702 3417 dum
726 3357 903 3419 confitemur
924 3356 1018 3418 Derim
1041 3365 1070 3417 et
1092 3356 1243 3416 hominem
1267 3354 1354 3416 Chri-

125 3469 207 3522 stum
231 3479 316 3533 esse,
340 3477 523 3537 nequaquam
547 3460 814 3521 divisioniscausa
835 3459 910 3519 baec
932 3459 1073 3530 dicimus,
1097 3457 1192 3529 absit,
1217 3456 1270 3517 sed
1292 3473 1352 3535 quo

123 3561 287 3640 Scripturis
318 3560 575 3638 obtenrperemuS‚
611 3570 644 3622 ut
671 3561 812 3640 passione
842 3561 907 3621 eius
936 3579 1006 3621 vere
1036 3568 1099 3620 acta
1129 3568 1158 3619 et
1180 3558 1355 3619 annunciata

122 3664 223 3725 donec
243 3662 339 3724 veniat
361 3663 391 3722 in
415 3680 503 3722 earne
525 3663 643 3741 quidem
660 3661 748 3724 Verbi
768 3661 941 3758 passiqnem
964 3670 994 3722 et
1008 3669 1136 3722 mortem
1152 3660 1354 3730 confiteamur,

120 3818 175 3867 Mox
189 3816 350 3878 Sequerianos
369 3806 437 3861 ὅταν
454 3809 514 3880 ttyp
532 3809 630 3881 μόνην,
647 3829 714 3864 men·
767 3814 865 3863 Gohter.
879 3804 1077 3889 etFoicbmsstj
1097 3799 1146 3887 obv
1162 3808 1195 3875 τῇ
1214 3802 1355 3888 bpniqyiq.

125 3886 195 3935 dose.
766 3882 840 3930 Penio
860 3889 915 3944 post
933 3883 1031 3942 Seguer.
1052 3896 1066 3938 q
1087 3893 1117 3925 to
1137 3894 1181 3942 pro
1198 3891 1242 3924 και
1262 3891 1302 3923 ιο.

159 3953 181 4002 d.
202 3941 363 4016 ἀντίλυτρον
381 3951 448 3999 deest
467 3951 489 3998 in
501 3951 600 4010 Segner.
615 3950 713 3999 Gobter.
801 3952 817 3998 i.
837 3950 961 3997 [insitiens.
979 3943 1209 4010 καταγγέλλοντος
1226 3937 1295 3991 κατὰ
1307 3941 1355 3990 τοῦ

121 4030 146 4072 et
164 4020 376 4078 Feicbm.1.,sed
395 4019 496 4066 babetur
516 4019 537 4065 in
557 4018 610 4065 otiis
630 4020 651 4065 in
661 4019 713 4065 edi·
766 4011 923 4083 ὃμοουσίου.
960 4017 1059 4076 Sequor.
1073 4011 1355 4063 contremuerunt.

121 4091 203 4151 tisqne
222 4096 245 4136 et
264 4089 286 4135 in
307 4089 397 4136 Graeco
417 4086 555 4147 Scripturae
575 4094 646 4134 textu.
683 4078 714 4133 δέ
764 4080 992 4148 καταγγέλλοντες
1009 4074 1226 4147 τοῦὁμοουσῐου,
1240 4074 1278 4145 μὴ
1291 4071 1355 4143 ὃμο-

120 4165 181 4222 post
199 4150 326 4220 Τιμοθέῳ
345 4155 413 4203 deest
432 4156 454 4201 in
474 4154 567 4202 iisdem.
763 4149 821 4217 λογ.
844 4153 868 4200 in
887 4154 970 4199 eodem
985 4166 1038 4199 mor
1052 4144 1101 4196 τὸν
1114 4142 1232 4215 χριστόν
1245 4150 1320 4196 deest.

158 4241 179 4274 e.
198 4225 239 4273 Sic
256 4224 354 4284 Sequor.
374 4222 511 4272 Gobterian.
532 4229 555 4270 et
574 4220 677 4269 Fetehm.
690 4220 712 4270 t.
800 4237 820 4281 g.
842 4221 873 4268 ita
887 4215 1034 4283 [dlSegner.
1055 4219 1153 4269 Gobier.
1172 4226 1195 4267 et
1213 4216 1316 4264 Feichm.
1331 4213 1354 4263 1.

119 4293 185 4342 Editi
211 4301 235 4340 st
258 4291 298 4338 atii
322 4283 419 4344 πάλιν,
440 4283 519 4353 φησί.
558 4289 608 4336 bion
629 4303 713 4337 omues
763 4289 826 4338 Editi
844 4280 984 4350 γεγόνατε.

119 4352 576 4422 ieremanuscriptittarcyytbiopev,
598 4357 653 4404 editi
667 4369 713 4402 κα·
799 4359 822 4406 b.
841 4356 913 4404 Basii.
932 4345 1010 4417 ἄχρις
1029 4343 1154 4418 ἂνέλθῃ.
1191 4348 1353 4426 Segu3panlo
1381 4383 1389 4398 e

118 4420 344 4492 ταγγελλόμενος.
383 4427 435 4474 bion
454 4426 509 4474 editi
521 4425 649 4488 etquidem
661 4439 713 4474 ma·
763 4433 820 4488 post
845 4415 1034 4489 ὁμολογοῦμεν
1058 4429 1082 4470 et
1106 4429 1349 4481 moxnscrenoptv.

119 4496 244 4560 nuscripti
261 4504 288 4546 nt
305 4496 329 4545 in
347 4501 420 4544 texto.
446 4494 537 4556 buglis.
556 4508 621 4554 roro,
639 4493 712 4557 Seru.
762 4492 855 4543 ibidem
872 4492 945 4541 basii.
960 4490 1059 4552 Sequor.
1072 4484 1352 4551 contendissent.

158 4584 287 4628 taunasis
298 4591 351 4628 ore.
363 4591 434 4624 nors.
449 4590 498 4622 sss.
1054 4564 1065 4583 ”
1116 4570 1149 4623 bb
