2948 5092
252 299 277 344 s.
293 301 447 346 srmnssu
462 301 684 346 secueriscoet
700 284 1090 348 circumcessorem.
1220 287 1282 354 821

60 451 187 514 stolone.
231 451 330 515 Erant
357 457 465 535 quippe
489 453 629 515 Corinthi
658 454 808 532 referente
830 454 964 533 Epicteto
993 456 1112 537 quidam
1141 456 1370 532 domines,¹‘·⁹⁰⁰-

56 557 116 634 qui
137 557 301 616 sententias
331 556 365 616 de
392 555 452 635 fide
474 558 666 634 impiissimas
683 558 921 636 proposuissent
942 561 1173 638 opitassentpue.
1218 558 1288 619 Δία·
1362 608 1377 629 ,

57 654 136 715 bont
170 654 300 716 scilicet:
340 655 378 717 1⁰.
419 654 535 734 Corpus
568 645 607 716 ea
634 653 734 717 Maria
767 660 898 735 penitum
933 644 1192 720 consubstantiale
1223 677 1289 720 esse

62 754 155 817 Verbi
175 758 287 818 deitati.
332 756 374 819 20.
412 755 541 817 Verbum·
560 760 592 817 in
615 774 749 826 carnem,
783 775 853 819 ossa
881 768 910 819 et
936 758 1064 838 capillos
1088 769 1117 821 et
1137 763 1170 820 in
1192 768 1289 822 totum

61 874 178 936 corpas
206 867 355 918 mutatam
384 859 492 936 luisse.
547 857 631 930 Quae
660 861 806 920 sententia
828 857 1018 920 Marcionitis
1048 860 1235 922 adscribitur
1256 864 1289 922 in

59 955 202 1036 Dialopo,
226 963 279 1038 pai
301 959 442 1037 Oripenis
464 961 584 1020 nomine
605 960 823 1038 circumfertur
831 960 863 1035 ι).
908 960 948 1023 3⁰.
981 960 1145 1023 Dominum
1166 962 1289 1042 piatione

60 1076 128 1120 non
149 1071 264 1121 notura
284 1073 417 1139 pestosse
439 1079 562 1142 corpus.
610 1059 673 1135 Qui
691 1080 764 1123 sane
787 1079 880 1122 error
901 1066 1129 1144 antiquissimus
1152 1064 1228 1142 [uit.
1251 1063 1289 1125 ab

63 1158 186 1239 Ipnotio
209 1181 336 1242 nomque
356 1174 547 1224 memoratur
567 1160 704 1240 Epistola
726 1160 955 1249 od'Trallianos
978 1182 1043 1242 cap.
1062 1163 1207 1250 tuerat
1225 1181 1289 1225 om·
1377 1199 1389 1210 -

59 1261 154 1322 nibus
185 1262 287 1324 deinde
314 1263 470 1325 Patribus.
520 1262 562 1326 4⁰.
595 1261 698 1343 ipsam
731 1263 870 1335 deitatem
903 1268 1108 1326 circumcisam
1140 1275 1170 1327 et
1199 1264 1292 1326 Cruci

60 1362 199 1442 adfictam
220 1365 328 1443 fuisse.
373 1365 415 1427 50.
453 1363 578 1425 Verbum
599 1381 785 1446 nequaquam
806 1383 845 1426 etc
858 1363 969 1433 Maria,
993 1367 1045 1427 sed
1067 1385 1105 1427 en
1120 1368 1289 1446 saoipsins

61 1464 239 1526 substantia
268 1467 327 1527 sibi
353 1484 465 1546 corpus
495 1466 680 1547 efformasse.
725 1466 765 1530 60.
803 1466 867 1539 Qui
892 1452 937 1526 ait
963 1464 1087 1527 Domini
1113 1484 1225 1546 corpus
1248 1470 1292 1530 'est

61 1565 166 1626 Maria
189 1585 267 1636 esse,
287 1584 353 1629 non
378 1565 568 1638 Trinitatem,
592 1564 644 1629 scd
659 1561 1082 1651 praetermittun-admittere.
1127 1567 1291 1631 blocisnass

61 1665 208 1729 horumce
229 1671 450 1734 sententiarum
468 1679 590 1747 partem
604 1667 794 1749 Apollinario
810 1668 957 1734 adscribit
971 1668 1137 1747 Ereporias
1153 1667 1292 1732 Nazian-
1311 1727 1318 1734 .

60 1768 331 1831 seoncurtem.
352 1787 422 1849 pap.
441 1768 542 1844 722²).
586 1769 646 1831 Nec
669 1782 767 1834 tamen
790 1771 837 1831 bic
861 1781 1013 1851 comparet
1035 1769 1088 1832 ille
1100 1770 1293 1852 Apollinari·

61 1879 186 1930 staram
207 1887 313 1940 error,
344 1888 401 1950 qao
430 1871 579 1949 nepabant
605 1882 730 1933 mentem
752 1872 912 1934 bumonom
933 1877 1030 1934 inesse
1054 1872 1187 1944 Cltristo,
1217 1890 1292 1951 puae

61 1971 188 2032 videtur
208 1971 305 2048 luisse
327 1981 425 2032 sectae
445 1971 532 2034 illius
555 1975 644 2053 quasi
658 1983 794 2046 ‘tcssera;
821 1973 873 2034 secl
894 1991 929 2034 ea
951 1974 1104 2036 duntanat
1126 1972 1174 2034 bic
1194 1975 1294 2052 tanpit

62 2071 264 2141 Athanasius,
299 2090 373 2150 quae
404 2072 545 2135 Corintbi
569 2078 601 2134 in
631 2079 873 2135 controversiam
900 2086 1057 2136 uenerant.
1102 2073 1162 2135 Nec
1186 2073 1293 2136 leuiter

63 2173 207 2251 obiurpat
228 2171 411 2253 Epictetum,
441 2175 520 2254 quod
548 2173 623 2235 tolia
644 2156 693 2236 ael
712 2180 848 2256 proponi
870 2179 1059 2238 concesserit.
1105 2173 1205 2254 lisque
1228 2192 1293 2237 om·

61 2273 155 2339 nibus
179 2277 336 2340 natantiis
360 2275 535 2340 breuissime
561 2276 731 2354 confutatis
759 2274 903 2339 claudens
924 2274 1094 2356 Epistolam
1118 2294 1185 2337 sese
1211 2276 1293 2338 mul·
1370 2307 1374 2314 ·

62 2387 132 2440 tam
148 2376 283 2455 paudere
304 2386 447 2447 testatur,
471 2377 550 2458 quod
572 2395 604 2438 eo
625 2376 745 2440 vdemum
766 2393 816 2440 res
836 2381 972 2449 ,canerit
991 2387 1029 2439 stt
1041 2377 1294 2458 quisquedispu·

60 2480 195 2540 tantiam
216 2480 249 2538 ise
273 2476 427 2542 Catbolioa
449 2483 628 2545 consisteret
648 2477 717 2558 dds.

149 2577 201 2640 111.
245 2577 486 2644 dioscoritarum
504 2597 604 2660 porro
626 2582 745 2646 nominc
767 2577 1005 2658 Apollinaristas
1022 2581 1198 2642 innuatur
1220 2577 1295 2658 Epi*

62 2680 199 2760 poenus
228 2679 361 2746 Haeresi
381 2683 447 2751 77„
479 2685 565 2744 cuins
600 2679 814 2770 appellationis
841 2697 966 2744 causam
991 2682 1100 2759 aperit
1122 2677 1294 2757 «Emporia

63 2779 235 2855 ilarionis„
259 2800 326 2846 cum
348 2785 392 2843 ait
416 2781 503 2843 θαατ.
519 2784 571 2845 to.
592 2800 662 2862 pop.
684 2779 786 2857 522²).
833 2780 950 2860 Corpus
970 2789 1002 2841 et
1021 2784 1154 2843 animm
1171 2781 1296 2842 osseis

66 2882 191 2948 corno
213 2878 252 2944 ab
273 2877 502 2964 τριτημόριον,
535 2882 650 2951 tertiam
669 2891 797 2965 perlem.
841 2881 1080 2960 Apollinarium
1097 2882 1212 2962 quippe
1227 2880 1296 2940 nice

66 2984 156 3056 bont.
178 2987 212 3044 in
236 2982 355 3047 Cbristo
374 2997 496 3065 portem
518 3002 611 3048 unam
634 2982 778 3055 bominis,
801 2981 878 3048 soie
899 2979 1015 3047 scilieet
1033 2999 1090 3046 xsese
1109 2990 1255 3055 numu,
1277 2995 1298 3042 s

68 3085 165 3155 Eenbo
189 3083 337 3165 supplcri,
359 3085 515 3165 columpne
541 3085 666 3148 Verbum
682 3089 823 3147 tuomum
838 3086 973 3160 corpori
992 3093 1021 3144 et
1040 3084 1159 3146 omnus
1178 3084 1297 3165 <wipo

66 3190 247 3258 sensitioas,
275 3196 311 3248 at
339 3186 517 3250 dictitabant
543 3185 603 3262 illi)
629 3195 729 3249 totum
755 3187 941 3247 constituere
956 3181 1126 3249 abactam
1174 3182 1382 3256 onmem.

67 3290 173 3350 obrem
191 3307 261 3350 tcum
282 3305 321 3350 ecc
339 3287 562 3352 Catbolicorum
577 3289 725 3351 umentia
743 3285 841 3347 tritos
857 3283 1179 3356 constarethristus,
1204 3281 1299 3349 terto
1368 3336 1370 3338 -

67 3390 198 3461 scilicet,
220 3398 319 3452 mente
341 3389 473 3451 bermone
494 3401 523 3451 et
546 3405 676 3469 corpore
695 3390 845 3457 animato,
868 3388 921 3467 oui
938 3403 1033 3450 unam
1051 3403 1093 3450 em
1108 3384 1177 3450 illis
1193 3386 1300 3449 dssce-

69 3502 140 3556 rent
158 3503 296 3572 partem,
323 3502 451 3554 mentem
474 3490 603 3562 scilicet,
634 3506 654 3550 α
682 3489 798 3551 dnobus
821 3487 890 3550 aliis
914 3484 1099 3569 depmpiaoa
1118 3486 1298 3559 audiebam

67 3612 139 3656 nam
162 3590 314 3674 δίμοιρον
338 3591 461 3653 Graecis
492 3601 538 3654 est
560 3593 641 3654 iduae
669 3593 778 3654 tentiae
796 3600 919 3668 partes,
950 3593 1040 3654 tostius
1067 3588 1299 3671 sspnificotions‘s

67 3695 206 3775 enemplo
229 3696 349 3772 saepius
377 3694 538 3755 advertere
566 3702 611 3754 est
632 3693 666 3755 in
687 3690 839 3758 Analectis
858 3693 978 3753 nastris
999 3687 1153 3766 ίῦααααὶα)
1174 3708 1206 3768 p.
1217 3689 1296 3753 sto.

67 3803 98 3856 et
120 3811 199 3874 sepp.
247 3793 406 3855 Caeterum
428 3792 504 3853 banc
525 3791 690 3872 Epistolam
711 3794 745 3852 in
767 3809 881 3851 annum
896 3790 1037 3868 conferri
1042 3785 1139 3870 posse
1154 3799 1297 3868 putamus
1407 3806 1410 3808 ’

67 3898 194 3958 circiter
215 3896 298 3965 371„
321 3902 356 3955 ul
377 3895 481 3973 [usias
502 3896 536 3954 in
558 3896 622 3954 os‘ttt
644 3890 804 3956 Athanasii
821 3891 866 3973 [p.
883 3887 1104 3965 tfflxtttt

137 4079 164 4136 2)
182 4080 246 4143 θρρ.
264 4079 317 4128 edd.
338 4079 419 4127 Rucei.
443 4079 511 4127 Tam.
524 4077 542 4126 Ι.
561 4092 585 4140 p.
597 4075 653 4126 stt.

135 4145 165 4204 ’2)
181 4147 246 4210 θρρ.
265 4147 303 4195 ed.
322 4146 414 4196 Motell.
432 4171 466 4180 —
485 4146 522 4195 ed.
541 4144 630 4193 Bened.
655 4143 723 4194 Toto.
735 4144 764 4194 ll.
784 4160 807 4207 p.
820 4143 875 4193 tot.
894 4159 932 4208 sq.

139 4214 164 4274 bl
184 4215 295 4263 Analecta
313 4217 402 4265 Graeco
423 4229 442 4263 s.
462 4215 524 4262 varic
544 4211 662 4275 opuscola
681 4213 770 4262 Grsece
790 4214 905 4262 nectentes
923 4209 1012 4262 inedita
1030 4216 1076 4258 etc.
1094 4205 1297 4270 (sinmitri-

59 4290 109 4348 jot,
128 4284 178 4333 lte.
210 4284 285 4345 Lopin
305 4291 329 4331 ct
347 4283 416 4331 Ecca.
436 4283 465 4331 dc
485 4279 657 4333 contractant
680 4280 777 4331 Tom.l.
797 4278 932 4330 enr.·1tst.
