<?xml version="1.0" encoding="UTF-8"?>
<!DOCTYPE html PUBLIC "-//W3C//DTD XHTML 1.0 Transitional//EN"
    "http://www.w3.org/TR/xhtml1/DTD/xhtml1-transitional.dtd">
<html xmlns="http://www.w3.org/1999/xhtml" xml:lang="en" lang="en">
 <head>
  <title>
</title>
<meta http-equiv="Content-Type" content="text/html;charset=utf-8" />
  <meta name='ocr-system' content='tesseract 3.04.00' />
  <meta name='ocr-capabilities' content='ocr_page ocr_carea ocr_par ocr_line ocrx_word'/>
</head>
<body>
  <div class='ocr_page' id='page_1' title='image "./sanctiathanasii02athagoog_0570.png"; bbox 0 0 2948 5092; ppageno 0'>
   <div class='ocr_carea' id='block_1_1' title="bbox 466 233 1284 307">
    <p class='ocr_par' dir='ltr' id='par_1_1' title="bbox 466 233 1284 307">
     <span class='ocr_line' id='line_1_1' title="bbox 466 233 1284 307; baseline -0.002 -16"><span class='ocrx_word' id='word_1_1' title='bbox 466 244 575 307; x_wconf 71' lang='lat' dir='ltr'>omaro</span> <span class='ocrx_word' id='word_1_2' title='bbox 591 245 634 290; x_wconf 87' lang='grc' dir='ltr'>ιιι.</span> <span class='ocrx_word' id='word_1_3' title='bbox 650 245 767 305; x_wconf 72' lang='lat' dir='ltr'>coum</span> <span class='ocrx_word' id='word_1_4' title='bbox 780 244 916 292; x_wconf 74' lang='lat' dir='ltr'>maor.</span> <span class='ocrx_word' id='word_1_5' title='bbox 1221 233 1284 297; x_wconf 82' lang='grc'>473</span> 
     </span>
    </p>
   </div>
   <div class='ocr_carea' id='block_1_2' title="bbox 55 386 1407 2516">
    <p class='ocr_par' dir='ltr' id='par_1_2' title="bbox 75 386 1396 582">
     <span class='ocr_line' id='line_1_2' title="bbox 80 386 1396 486; baseline -0.004 -21"><span class='ocrx_word' id='word_1_6' title='bbox 80 409 148 465; x_wconf 79' lang='lat' dir='ltr'>terno</span> <span class='ocrx_word' id='word_1_7' title='bbox 167 400 208 463; x_wconf 80' lang='lat' dir='ltr'>ait</span> <span class='ocrx_word' id='word_1_8' title='bbox 227 400 337 462; x_wconf 78' lang='lat' dir='ltr'>borroni</span> <span class='ocrx_word' id='word_1_9' title='bbox 358 398 516 478; x_wconf 79' lang='lat' dir='ltr'>particeps,</span> <span class='ocrx_word' id='word_1_10' title='bbox 539 397 593 459; x_wconf 80' lang='lat' dir='ltr'>aed</span> <span class='ocrx_word' id='word_1_11' title='bbox 614 396 683 486; x_wconf 79' lang='lat' dir='ltr'>qnia</span> <span class='ocrx_word' id='word_1_12' title='bbox 704 397 762 459; x_wconf 89' lang='lat' dir='ltr'>boc</span> <span class='ocrx_word' id='word_1_13' title='bbox 783 398 891 476; x_wconf 81' lang='lat' dir='ltr'>ipsum,</span> <span class='ocrx_word' id='word_1_14' title='bbox 913 397 994 478; x_wconf 88' lang='lat' dir='ltr'>quod</span> <span class='ocrx_word' id='word_1_15' title='bbox 1016 407 1064 461; x_wconf 82' lang='lat' dir='ltr'>eat</span> <span class='ocrx_word' id='word_1_16' title='bbox 1083 400 1186 474; x_wconf 75' lang='lat' dir='ltr'>lfilius,</span> <span class='ocrx_word' id='word_1_17' title='bbox 1208 414 1363 484; x_wconf 71' lang='lat' dir='ltr'>pro-rara</span> <span class='ocrx_word' id='word_1_18' title='bbox 1390 386 1396 396; x_wconf 56' lang='lat'><strong>¹</strong></span> 
     </span>
     <span class='ocr_line' id='line_1_3' title="bbox 75 498 1282 582; baseline 0.002 -18"><span class='ocrx_word' id='word_1_19' title='bbox 75 502 144 582; x_wconf 85' lang='lat' dir='ltr'>prins</span> <span class='ocrx_word' id='word_1_20' title='bbox 163 509 211 564; x_wconf 81' lang='lat' dir='ltr'>eat</span> <span class='ocrx_word' id='word_1_21' title='bbox 231 510 354 563; x_wconf 72' lang='lat' dir='ltr'>murrae</span> <span class='ocrx_word' id='word_1_22' title='bbox 376 499 473 561; x_wconf 84' lang='lat' dir='ltr'>Patrio</span> <span class='ocrx_word' id='word_1_23' title='bbox 495 501 590 561; x_wconf 84' lang='lat' dir='ltr'>fetus:</span> <span class='ocrx_word' id='word_1_24' title='bbox 620 499 670 560; x_wconf 84' lang='lat' dir='ltr'>ille</span> <span class='ocrx_word' id='word_1_25' title='bbox 691 498 796 578; x_wconf 87' lang='lat' dir='ltr'>procul</span> <span class='ocrx_word' id='word_1_26' title='bbox 816 499 908 561; x_wconf 88' lang='lat' dir='ltr'>dubio</span> <span class='ocrx_word' id='word_1_27' title='bbox 931 501 1055 580; x_wconf 87' lang='lat' dir='ltr'>optime,</span> <span class='ocrx_word' id='word_1_28' title='bbox 1076 512 1109 564; x_wconf 92' lang='lat' dir='ltr'>ut</span> <span class='ocrx_word' id='word_1_29' title='bbox 1130 504 1188 566; x_wconf 77' lang='lat' dir='ltr'>ian</span> <span class='ocrx_word' id='word_1_30' title='bbox 1211 503 1282 581; x_wconf 85' lang='lat' dir='ltr'>dixi,</span> 
     </span>
    </p>

    <p class='ocr_par' dir='ltr' id='par_1_3' title="bbox 57 598 1407 1294">
     <span class='ocr_line' id='line_1_4' title="bbox 73 598 1407 685; baseline 0.001 -18"><span class='ocrx_word' id='word_1_31' title='bbox 73 603 131 667; x_wconf 78' lang='lat' dir='ltr'>boor</span> <span class='ocrx_word' id='word_1_32' title='bbox 151 603 238 666; x_wconf 81' lang='lat' dir='ltr'>rerba</span> <span class='ocrx_word' id='word_1_33' title='bbox 258 598 420 681; x_wconf 73' lang='lat' dir='ltr'>intelliget:</span> <span class='ocrx_word' id='word_1_34' title='bbox 458 601 520 681; x_wconf 70' lang='lat' dir='ltr'>Boo</span> <span class='ocrx_word' id='word_1_35' title='bbox 542 605 576 663; x_wconf 79' lang='grc' dir='ltr'>ιιι</span> <span class='ocrx_word' id='word_1_36' title='bbox 598 601 691 663; x_wconf 79' lang='lat' dir='ltr'>Patre</span> <span class='ocrx_word' id='word_1_37' title='bbox 713 611 742 662; x_wconf 85' lang='lat' dir='ltr'>et</span> <span class='ocrx_word' id='word_1_38' title='bbox 766 601 859 663; x_wconf 77' lang='lat' dir='ltr'>Potor</span> <span class='ocrx_word' id='word_1_39' title='bbox 879 606 915 665; x_wconf 80' lang='grc' dir='ltr'>ιιι</span> <span class='ocrx_word' id='word_1_40' title='bbox 933 623 979 666; x_wconf 82' lang='lat' dir='ltr'>mc</span> <span class='ocrx_word' id='word_1_41' title='bbox 1001 618 1061 677; x_wconf 79' lang='lat' dir='ltr'>ert,</span> <span class='ocrx_word' id='word_1_42' title='bbox 1091 613 1135 666; x_wconf 75' lang='lat' dir='ltr'>etr</span> <span class='ocrx_word' id='word_1_43' title='bbox 1168 605 1230 685; x_wconf 72' lang='lat' dir='ltr'>Epo</span> <span class='ocrx_word' id='word_1_44' title='bbox 1252 618 1285 669; x_wconf 83' lang='lat' dir='ltr'>rt</span> <span class='ocrx_word' id='word_1_45' title='bbox 1401 636 1407 645; x_wconf 88' lang='lat'><strong>·</strong></span> 
     </span>
     <span class='ocr_line' id='line_1_5' title="bbox 57 693 1285 786; baseline 0.001 -17"><span class='ocrx_word' id='word_1_46' title='bbox 57 693 151 769; x_wconf 57' lang='lat' dir='ltr'>&#39;Pater</span> <span class='ocrx_word' id='word_1_47' title='bbox 169 722 275 768; x_wconf 81' lang='grc' dir='ltr'>ιιιιιιιιι-</span> <span class='ocrx_word' id='word_1_48' title='bbox 288 721 404 766; x_wconf 73' lang='lat' dir='ltr'>rum.</span> <span class='ocrx_word' id='word_1_49' title='bbox 449 701 531 764; x_wconf 83' lang='lat' dir='ltr'>Talis</span> <span class='ocrx_word' id='word_1_50' title='bbox 552 701 698 782; x_wconf 79' lang='lat' dir='ltr'>siquidem</span> <span class='ocrx_word' id='word_1_51' title='bbox 721 711 768 762; x_wconf 85' lang='lat' dir='ltr'>est</span> <span class='ocrx_word' id='word_1_52' title='bbox 789 702 882 764; x_wconf 81' lang='lat' dir='ltr'>Filius</span> <span class='ocrx_word' id='word_1_53' title='bbox 905 704 999 784; x_wconf 84' lang='lat' dir='ltr'>qualis</span> <span class='ocrx_word' id='word_1_54' title='bbox 1019 705 1124 779; x_wconf 85' lang='lat' dir='ltr'>Pater,</span> <span class='ocrx_word' id='word_1_55' title='bbox 1147 725 1183 768; x_wconf 88' lang='lat' dir='ltr'>eo</span> <span class='ocrx_word' id='word_1_56' title='bbox 1206 706 1285 786; x_wconf 84' lang='lat' dir='ltr'>quod</span> 
     </span>
     <span class='ocr_line' id='line_1_6' title="bbox 67 802 1287 884; baseline 0.002 -15"><span class='ocrx_word' id='word_1_57' title='bbox 67 808 158 869; x_wconf 79' lang='lat' dir='ltr'>onnia</span> <span class='ocrx_word' id='word_1_58' title='bbox 179 806 301 878; x_wconf 85' lang='lat' dir='ltr'>babeat,</span> <span class='ocrx_word' id='word_1_59' title='bbox 334 822 410 884; x_wconf 83' lang='lat' dir='ltr'>quae</span> <span class='ocrx_word' id='word_1_60' title='bbox 431 802 529 866; x_wconf 83' lang='lat' dir='ltr'>Patris</span> <span class='ocrx_word' id='word_1_61' title='bbox 551 812 639 877; x_wconf 63' lang='lat' dir='ltr'>sunt,</span> <span class='ocrx_word' id='word_1_62' title='bbox 671 820 730 884; x_wconf 81' lang='lat' dir='ltr'>quo</span> <span class='ocrx_word' id='word_1_63' title='bbox 758 804 807 877; x_wconf 83' lang='lat' dir='ltr'>fit,</span> <span class='ocrx_word' id='word_1_64' title='bbox 831 811 864 866; x_wconf 89' lang='lat' dir='ltr'>ut</span> <span class='ocrx_word' id='word_1_65' title='bbox 885 812 915 866; x_wconf 86' lang='lat' dir='ltr'>ot</span> <span class='ocrx_word' id='word_1_66' title='bbox 937 805 1002 884; x_wconf 86' lang='lat' dir='ltr'>ipse</span> <span class='ocrx_word' id='word_1_67' title='bbox 1023 809 1083 868; x_wconf 81' lang='lat' dir='ltr'>und</span> <span class='ocrx_word' id='word_1_68' title='bbox 1105 825 1171 869; x_wconf 85' lang='lat' dir='ltr'>curn</span> <span class='ocrx_word' id='word_1_69' title='bbox 1194 807 1287 872; x_wconf 77' lang='lat' dir='ltr'>Patro</span> 
     </span>
     <span class='ocr_line' id='line_1_7' title="bbox 62 904 1288 987; baseline 0.002 -17"><span class='ocrx_word' id='word_1_70' title='bbox 62 907 253 987; x_wconf 71' lang='lat' dir='ltr'>significetur.</span> <span class='ocrx_word' id='word_1_71' title='bbox 294 906 390 967; x_wconf 88' lang='lat' dir='ltr'>Nemo</span> <span class='ocrx_word' id='word_1_72' title='bbox 417 905 497 967; x_wconf 84' lang='lat' dir='ltr'>enirn</span> <span class='ocrx_word' id='word_1_73' title='bbox 517 913 633 985; x_wconf 89' lang='lat' dir='ltr'>patrem</span> <span class='ocrx_word' id='word_1_74' title='bbox 654 904 861 985; x_wconf 70' lang='lat' dir='ltr'>appellaverit,</span> <span class='ocrx_word' id='word_1_75' title='bbox 884 905 944 968; x_wconf 86' lang='lat' dir='ltr'>nisi</span> <span class='ocrx_word' id='word_1_76' title='bbox 965 906 1073 969; x_wconf 83' lang='lat' dir='ltr'>existat</span> <span class='ocrx_word' id='word_1_77' title='bbox 1092 908 1181 970; x_wconf 86' lang='lat' dir='ltr'>lilius.</span> <span class='ocrx_word' id='word_1_78' title='bbox 1225 909 1288 973; x_wconf 81' lang='lat' dir='ltr'>Nan</span> 
     </span>
     <span class='ocr_line' id='line_1_8' title="bbox 61 1005 1291 1091; baseline 0.007 -24"><span class='ocrx_word' id='word_1_79' title='bbox 61 1027 131 1072; x_wconf 82' lang='lat' dir='ltr'>vero</span> <span class='ocrx_word' id='word_1_80' title='bbox 152 1010 204 1090; x_wconf 82' lang='lat' dir='ltr'>qui</span> <span class='ocrx_word' id='word_1_81' title='bbox 226 1008 515 1071; x_wconf 83' lang='lat' dir='ltr'>Deum-effectorem</span> <span class='ocrx_word' id='word_1_82' title='bbox 537 1007 623 1081; x_wconf 88' lang='lat' dir='ltr'>dicit,</span> <span class='ocrx_word' id='word_1_83' title='bbox 646 1005 755 1068; x_wconf 88' lang='lat' dir='ltr'>idcirco</span> <span class='ocrx_word' id='word_1_84' title='bbox 778 1024 829 1068; x_wconf 89' lang='lat' dir='ltr'>res</span> <span class='ocrx_word' id='word_1_85' title='bbox 852 1007 972 1070; x_wconf 74' lang='lat' dir='ltr'>offecns</span> <span class='ocrx_word' id='word_1_86' title='bbox 994 1011 1168 1073; x_wconf 81' lang='lat' dir='ltr'>necessario</span> <span class='ocrx_word' id='word_1_87' title='bbox 1189 1011 1291 1091; x_wconf 66' lang='lat' dir='ltr'>signi·</span> 
     </span>
     <span class='ocr_line' id='line_1_9' title="bbox 60 1108 1288 1191; baseline 0.006 -22"><span class='ocrx_word' id='word_1_88' title='bbox 60 1110 142 1187; x_wconf 79' lang='lat' dir='ltr'>iicet,</span> <span class='ocrx_word' id='word_1_89' title='bbox 174 1109 323 1191; x_wconf 80' lang='lat' dir='ltr'>siqnidem</span> <span class='ocrx_word' id='word_1_90' title='bbox 358 1109 456 1188; x_wconf 78' lang='lat' dir='ltr'>opifex</span> <span class='ocrx_word' id='word_1_91' title='bbox 485 1109 573 1171; x_wconf 89' lang='lat' dir='ltr'>ctiam</span> <span class='ocrx_word' id='word_1_92' title='bbox 603 1119 650 1170; x_wconf 86' lang='lat' dir='ltr'>est</span> <span class='ocrx_word' id='word_1_93' title='bbox 680 1118 747 1169; x_wconf 85' lang='lat' dir='ltr'>ante</span> <span class='ocrx_word' id='word_1_94' title='bbox 769 1126 870 1188; x_wconf 85' lang='lat' dir='ltr'>opera.</span> <span class='ocrx_word' id='word_1_95' title='bbox 914 1108 976 1171; x_wconf 85' lang='lat' dir='ltr'>Sed</span> <span class='ocrx_word' id='word_1_96' title='bbox 996 1109 1046 1190; x_wconf 86' lang='lat' dir='ltr'>qui</span> <span class='ocrx_word' id='word_1_97' title='bbox 1067 1110 1183 1174; x_wconf 87' lang='lat' dir='ltr'>Patrem</span> <span class='ocrx_word' id='word_1_98' title='bbox 1206 1111 1288 1190; x_wconf 89' lang='lat' dir='ltr'>dicit,</span> 
     </span>
     <span class='ocr_line' id='line_1_10' title="bbox 59 1210 1289 1294; baseline 0.007 -25"><span class='ocrx_word' id='word_1_99' title='bbox 59 1212 183 1275; x_wconf 79' lang='lat' dir='ltr'>omnino</span> <span class='ocrx_word' id='word_1_100' title='bbox 207 1230 275 1275; x_wconf 90' lang='lat' dir='ltr'>cum</span> <span class='ocrx_word' id='word_1_101' title='bbox 296 1212 385 1274; x_wconf 87' lang='lat' dir='ltr'>Patre</span> <span class='ocrx_word' id='word_1_102' title='bbox 407 1210 513 1273; x_wconf 82' lang='lat' dir='ltr'>Filium</span> <span class='ocrx_word' id='word_1_103' title='bbox 536 1230 655 1290; x_wconf 85' lang='lat' dir='ltr'>quoque</span> <span class='ocrx_word' id='word_1_104' title='bbox 678 1210 805 1272; x_wconf 84' lang='lat' dir='ltr'>existere</span> <span class='ocrx_word' id='word_1_105' title='bbox 828 1210 983 1290; x_wconf 77' lang='lat' dir='ltr'>significat.</span> <span class='ocrx_word' id='word_1_106' title='bbox 1026 1211 1111 1274; x_wconf 81' lang='lat' dir='ltr'>Unde</span> <span class='ocrx_word' id='word_1_107' title='bbox 1127 1214 1178 1294; x_wconf 88' lang='lat' dir='ltr'>qui</span> <span class='ocrx_word' id='word_1_108' title='bbox 1193 1214 1289 1278; x_wconf 88' lang='lat' dir='ltr'>credit</span> 
     </span>
    </p>

    <p class='ocr_par' dir='ltr' id='par_1_4' title="bbox 55 1311 1291 1494">
     <span class='ocr_line' id='line_1_11' title="bbox 56 1311 1289 1396; baseline 0.005 -23"><span class='ocrx_word' id='word_1_109' title='bbox 56 1311 90 1373; x_wconf 86' lang='lat' dir='ltr'>in</span> <span class='ocrx_word' id='word_1_110' title='bbox 109 1315 235 1389; x_wconf 78' lang='lat' dir='ltr'>Filium,</span> <span class='ocrx_word' id='word_1_111' title='bbox 257 1313 288 1376; x_wconf 91' lang='lat' dir='ltr'>in</span> <span class='ocrx_word' id='word_1_112' title='bbox 309 1314 428 1375; x_wconf 80' lang='lat' dir='ltr'>Patrem</span> <span class='ocrx_word' id='word_1_113' title='bbox 450 1313 560 1387; x_wconf 85' lang='lat' dir='ltr'>credit,</span> <span class='ocrx_word' id='word_1_114' title='bbox 584 1313 693 1393; x_wconf 89' lang='lat' dir='ltr'>quippe</span> <span class='ocrx_word' id='word_1_115' title='bbox 716 1313 765 1392; x_wconf 91' lang='lat' dir='ltr'>qui</span> <span class='ocrx_word' id='word_1_116' title='bbox 788 1313 818 1374; x_wconf 93' lang='lat' dir='ltr'>in</span> <span class='ocrx_word' id='word_1_117' title='bbox 842 1330 909 1374; x_wconf 87' lang='lat' dir='ltr'>eum</span> <span class='ocrx_word' id='word_1_118' title='bbox 932 1313 1047 1386; x_wconf 84' lang='lat' dir='ltr'>credat,</span> <span class='ocrx_word' id='word_1_119' title='bbox 1075 1313 1125 1394; x_wconf 88' lang='lat' dir='ltr'>qui</span> <span class='ocrx_word' id='word_1_120' title='bbox 1147 1317 1289 1396; x_wconf 77' lang='lat' dir='ltr'>proprius</span> 
     </span>
     <span class='ocr_line' id='line_1_12' title="bbox 55 1414 1291 1494; baseline 0.006 -18"><span class='ocrx_word' id='word_1_121' title='bbox 55 1424 106 1476; x_wconf 74' lang='lat' dir='ltr'>est</span> <span class='ocrx_word' id='word_1_122' title='bbox 128 1424 252 1478; x_wconf 78' lang='lat' dir='ltr'>natune</span> <span class='ocrx_word' id='word_1_123' title='bbox 273 1415 387 1488; x_wconf 84' lang='lat' dir='ltr'>Patria,</span> <span class='ocrx_word' id='word_1_124' title='bbox 420 1424 507 1494; x_wconf 89' lang='lat' dir='ltr'>atque</span> <span class='ocrx_word' id='word_1_125' title='bbox 528 1415 588 1476; x_wconf 93' lang='lat' dir='ltr'>boc</span> <span class='ocrx_word' id='word_1_126' title='bbox 608 1423 699 1494; x_wconf 81' lang='lat' dir='ltr'>pacto</span> <span class='ocrx_word' id='word_1_127' title='bbox 719 1433 776 1475; x_wconf 90' lang='lat' dir='ltr'>nna</span> <span class='ocrx_word' id='word_1_128' title='bbox 799 1424 846 1476; x_wconf 87' lang='lat' dir='ltr'>est</span> <span class='ocrx_word' id='word_1_129' title='bbox 868 1415 941 1477; x_wconf 83' lang='lat' dir='ltr'>fides</span> <span class='ocrx_word' id='word_1_130' title='bbox 963 1414 1108 1478; x_wconf 89' lang='lat' dir='ltr'>inunum</span> <span class='ocrx_word' id='word_1_131' title='bbox 1131 1417 1235 1493; x_wconf 81' lang='lat' dir='ltr'>Deum,</span> <span class='ocrx_word' id='word_1_132' title='bbox 1257 1427 1291 1483; x_wconf 79' lang='lat' dir='ltr'>et</span> 
     </span>
    </p>

    <p class='ocr_par' dir='ltr' id='par_1_5' title="bbox 57 1510 1294 1800">
     <span class='ocr_line' id='line_1_13' title="bbox 57 1510 1291 1597; baseline 0.009 -27"><span class='ocrx_word' id='word_1_133' title='bbox 57 1510 110 1576; x_wconf 88' lang='lat' dir='ltr'>ille</span> <span class='ocrx_word' id='word_1_134' title='bbox 136 1536 226 1591; x_wconf 83' lang='lat' dir='ltr'>vero,</span> <span class='ocrx_word' id='word_1_135' title='bbox 256 1515 306 1597; x_wconf 85' lang='lat' dir='ltr'>qui</span> <span class='ocrx_word' id='word_1_136' title='bbox 335 1516 442 1578; x_wconf 82' lang='lat' dir='ltr'>Filium</span> <span class='ocrx_word' id='word_1_137' title='bbox 470 1517 574 1578; x_wconf 86' lang='lat' dir='ltr'>adorat</span> <span class='ocrx_word' id='word_1_138' title='bbox 604 1525 634 1577; x_wconf 87' lang='lat' dir='ltr'>et</span> <span class='ocrx_word' id='word_1_139' title='bbox 655 1517 799 1589; x_wconf 85' lang='lat' dir='ltr'>honorat,</span> <span class='ocrx_word' id='word_1_140' title='bbox 830 1516 860 1576; x_wconf 89' lang='lat' dir='ltr'>in</span> <span class='ocrx_word' id='word_1_141' title='bbox 882 1516 959 1578; x_wconf 82' lang='lat' dir='ltr'>Filio</span> <span class='ocrx_word' id='word_1_142' title='bbox 981 1517 1086 1578; x_wconf 88' lang='lat' dir='ltr'>adorat</span> <span class='ocrx_word' id='word_1_143' title='bbox 1107 1527 1138 1580; x_wconf 87' lang='lat' dir='ltr'>et</span> <span class='ocrx_word' id='word_1_144' title='bbox 1160 1520 1291 1587; x_wconf 87' lang='lat' dir='ltr'>honorat</span> 
     </span>
     <span class='ocr_line' id='line_1_14' title="bbox 57 1609 1292 1697; baseline 0.008 -22"><span class='ocrx_word' id='word_1_145' title='bbox 57 1609 197 1693; x_wconf 82' lang='lat' dir='ltr'>Patrem,</span> <span class='ocrx_word' id='word_1_146' title='bbox 230 1618 299 1697; x_wconf 85' lang='lat' dir='ltr'>quia</span> <span class='ocrx_word' id='word_1_147' title='bbox 330 1636 389 1679; x_wconf 86' lang='lat' dir='ltr'>nna</span> <span class='ocrx_word' id='word_1_148' title='bbox 418 1626 463 1679; x_wconf 87' lang='lat' dir='ltr'>est</span> <span class='ocrx_word' id='word_1_149' title='bbox 491 1616 645 1678; x_wconf 88' lang='lat' dir='ltr'>amborum</span> <span class='ocrx_word' id='word_1_150' title='bbox 674 1617 823 1679; x_wconf 86' lang='lat' dir='ltr'>divinitas.</span> <span class='ocrx_word' id='word_1_151' title='bbox 869 1618 934 1694; x_wconf 85' lang='lat' dir='ltr'>Qua</span> <span class='ocrx_word' id='word_1_152' title='bbox 962 1619 999 1681; x_wconf 89' lang='lat' dir='ltr'>do</span> <span class='ocrx_word' id='word_1_153' title='bbox 1027 1636 1115 1681; x_wconf 84' lang='lat' dir='ltr'>causa</span> <span class='ocrx_word' id='word_1_154' title='bbox 1143 1639 1220 1685; x_wconf 85' lang='lat' dir='ltr'>unus</span> <span class='ocrx_word' id='word_1_155' title='bbox 1242 1630 1292 1685; x_wconf 79' lang='lat' dir='ltr'>est</span> 
     </span>
     <span class='ocr_line' id='line_1_15' title="bbox 58 1709 1294 1800; baseline 0.009 -24"><span class='ocrx_word' id='word_1_156' title='bbox 58 1709 159 1783; x_wconf 84' lang='lat' dir='ltr'>honor</span> <span class='ocrx_word' id='word_1_157' title='bbox 182 1738 300 1799; x_wconf 88' lang='lat' dir='ltr'>unaque</span> <span class='ocrx_word' id='word_1_158' title='bbox 321 1719 473 1792; x_wconf 84' lang='lat' dir='ltr'>adoratio,</span> <span class='ocrx_word' id='word_1_159' title='bbox 506 1737 562 1798; x_wconf 85' lang='lat' dir='ltr'>qua</span> <span class='ocrx_word' id='word_1_160' title='bbox 590 1719 678 1781; x_wconf 87' lang='lat' dir='ltr'>Pater</span> <span class='ocrx_word' id='word_1_161' title='bbox 706 1719 737 1779; x_wconf 91' lang='lat' dir='ltr'>in</span> <span class='ocrx_word' id='word_1_162' title='bbox 760 1719 833 1780; x_wconf 83' lang='lat' dir='ltr'>Filio</span> <span class='ocrx_word' id='word_1_163' title='bbox 855 1729 886 1780; x_wconf 90' lang='lat' dir='ltr'>et</span> <span class='ocrx_word' id='word_1_164' title='bbox 907 1738 961 1800; x_wconf 88' lang='lat' dir='ltr'>per</span> <span class='ocrx_word' id='word_1_165' title='bbox 981 1719 1088 1782; x_wconf 79' lang='lat' dir='ltr'>Filium</span> <span class='ocrx_word' id='word_1_166' title='bbox 1109 1722 1232 1798; x_wconf 85' lang='lat' dir='ltr'>colitur,</span> <span class='ocrx_word' id='word_1_167' title='bbox 1261 1732 1294 1788; x_wconf 87' lang='lat' dir='ltr'>ot</span> 
     </span>
    </p>

    <p class='ocr_par' dir='ltr' id='par_1_6' title="bbox 58 1820 1378 2516">
     <span class='ocr_line' id='line_1_16' title="bbox 59 1820 1294 1900; baseline 0.007 -19"><span class='ocrx_word' id='word_1_168' title='bbox 59 1820 112 1892; x_wconf 77' lang='lat' dir='ltr'>qui</span> <span class='ocrx_word' id='word_1_169' title='bbox 133 1824 175 1886; x_wconf 89' lang='lat' dir='ltr'>ita</span> <span class='ocrx_word' id='word_1_170' title='bbox 197 1822 312 1896; x_wconf 87' lang='lat' dir='ltr'>adorat,</span> <span class='ocrx_word' id='word_1_171' title='bbox 337 1841 426 1884; x_wconf 89' lang='lat' dir='ltr'>unum</span> <span class='ocrx_word' id='word_1_172' title='bbox 451 1822 543 1883; x_wconf 82' lang='lat' dir='ltr'>ileum</span> <span class='ocrx_word' id='word_1_173' title='bbox 566 1822 679 1894; x_wconf 86' lang='lat' dir='ltr'>adorat,</span> <span class='ocrx_word' id='word_1_174' title='bbox 701 1822 770 1900; x_wconf 86' lang='lat' dir='ltr'>quia</span> <span class='ocrx_word' id='word_1_175' title='bbox 792 1840 871 1884; x_wconf 90' lang='lat' dir='ltr'>unus</span> <span class='ocrx_word' id='word_1_176' title='bbox 894 1831 941 1884; x_wconf 85' lang='lat' dir='ltr'>est</span> <span class='ocrx_word' id='word_1_177' title='bbox 957 1822 1127 1896; x_wconf 83' lang='lat' dir='ltr'>Deus,·nec</span> <span class='ocrx_word' id='word_1_178' title='bbox 1148 1824 1223 1888; x_wconf 80' lang='lat' dir='ltr'>alius</span> <span class='ocrx_word' id='word_1_179' title='bbox 1244 1835 1294 1890; x_wconf 81' lang='lat' dir='ltr'>est</span> 
     </span>
     <span class='ocr_line' id='line_1_17' title="bbox 59 1922 1378 2002; baseline 0.003 -17"><span class='ocrx_word' id='word_1_180' title='bbox 59 1932 181 1993; x_wconf 76' lang='lat' dir='ltr'>Praeter</span> <span class='ocrx_word' id='word_1_181' title='bbox 203 1943 282 1987; x_wconf 83' lang='lat' dir='ltr'>euni.</span> <span class='ocrx_word' id='word_1_182' title='bbox 326 1924 402 1987; x_wconf 84' lang='lat' dir='ltr'>Cum</span> <span class='ocrx_word' id='word_1_183' title='bbox 424 1943 505 2002; x_wconf 67' lang='lat' dir='ltr'>ergo⁴</span> <span class='ocrx_word' id='word_1_184' title='bbox 519 1922 602 1984; x_wconf 90' lang='lat' dir='ltr'>solus</span> <span class='ocrx_word' id='word_1_185' title='bbox 624 1922 711 1985; x_wconf 88' lang='lat' dir='ltr'>Pater</span> <span class='ocrx_word' id='word_1_186' title='bbox 740 1924 847 1986; x_wconf 86' lang='lat' dir='ltr'>dicitur</span> <span class='ocrx_word' id='word_1_187' title='bbox 868 1923 964 1999; x_wconf 86' lang='lat' dir='ltr'>Deua,</span> <span class='ocrx_word' id='word_1_188' title='bbox 994 1942 1061 1986; x_wconf 89' lang='lat' dir='ltr'>cum</span> <span class='ocrx_word' id='word_1_189' title='bbox 1089 1927 1160 1989; x_wconf 90' lang='lat' dir='ltr'>item</span> <span class='ocrx_word' id='word_1_190' title='bbox 1183 1927 1378 1991; x_wconf 69' lang='lat' dir='ltr'>dicitnrruac</span> 
     </span>
     <span class='ocr_line' id='line_1_18' title="bbox 60 2025 1291 2112; baseline 0.011 -30"><span class='ocrx_word' id='word_1_191' title='bbox 60 2032 139 2088; x_wconf 81' lang='lat' dir='ltr'>unus</span> <span class='ocrx_word' id='word_1_192' title='bbox 163 2045 232 2088; x_wconf 85' lang='lat' dir='ltr'>esse</span> <span class='ocrx_word' id='word_1_193' title='bbox 253 2025 350 2100; x_wconf 82' lang='lat' dir='ltr'>fleus,</span> <span class='ocrx_word' id='word_1_194' title='bbox 383 2034 414 2087; x_wconf 88' lang='lat' dir='ltr'>et</span> <span class='ocrx_word' id='word_1_195' title='bbox 434 2025 496 2105; x_wconf 77' lang='lat' dir='ltr'>Epo</span> <span class='ocrx_word' id='word_1_196' title='bbox 519 2044 600 2096; x_wconf 82' lang='lat' dir='ltr'>ram,</span> <span class='ocrx_word' id='word_1_197' title='bbox 631 2035 661 2086; x_wconf 89' lang='lat' dir='ltr'>et</span> <span class='ocrx_word' id='word_1_198' title='bbox 682 2025 810 2088; x_wconf 82' lang='lat' dir='ltr'>Praeter</span> <span class='ocrx_word' id='word_1_199' title='bbox 830 2045 876 2087; x_wconf 82' lang='lat' dir='ltr'>me</span> <span class='ocrx_word' id='word_1_200' title='bbox 898 2045 962 2089; x_wconf 77' lang='lat' dir='ltr'>uon</span> <span class='ocrx_word' id='word_1_201' title='bbox 984 2038 1029 2089; x_wconf 82' lang='lat' dir='ltr'>ert</span> <span class='ocrx_word' id='word_1_202' title='bbox 1049 2027 1147 2101; x_wconf 82' lang='lat' dir='ltr'>Deus,</span> <span class='ocrx_word' id='word_1_203' title='bbox 1177 2039 1207 2092; x_wconf 90' lang='lat' dir='ltr'>et</span> <span class='ocrx_word' id='word_1_204' title='bbox 1227 2029 1291 2112; x_wconf 71' lang='lat' dir='ltr'>Epo</span> 
     </span>
     <span class='ocr_line' id='line_1_19' title="bbox 58 2124 1292 2212; baseline 0.004 -21"><span class='ocrx_word' id='word_1_205' title='bbox 58 2131 183 2197; x_wconf 61' lang='lat' dir='ltr'>rubor</span> <span class='ocrx_word' id='word_1_206' title='bbox 210 2140 241 2192; x_wconf 82' lang='lat' dir='ltr'>ef</span> <span class='ocrx_word' id='word_1_207' title='bbox 269 2147 320 2209; x_wconf 72' lang='lat' dir='ltr'>eqo</span> <span class='ocrx_word' id='word_1_208' title='bbox 351 2138 422 2208; x_wconf 79' lang='lat' dir='ltr'>port</span> <span class='ocrx_word' id='word_1_209' title='bbox 452 2127 541 2200; x_wconf 54' lang='lat' dir='ltr'>dorm</span> <span class='ocrx_word' id='word_1_210' title='bbox 573 2127 645 2188; x_wconf 90' lang='lat' dir='ltr'>haec</span> <span class='ocrx_word' id='word_1_211' title='bbox 673 2124 793 2204; x_wconf 86' lang='lat' dir='ltr'>inquam</span> <span class='ocrx_word' id='word_1_212' title='bbox 816 2127 916 2190; x_wconf 81' lang='lat' dir='ltr'>omnir</span> <span class='ocrx_word' id='word_1_213' title='bbox 936 2137 1019 2189; x_wconf 88' lang='lat' dir='ltr'>recte</span> <span class='ocrx_word' id='word_1_214' title='bbox 1040 2127 1192 2205; x_wconf 88' lang='lat' dir='ltr'>dicuntur,</span> <span class='ocrx_word' id='word_1_215' title='bbox 1222 2133 1292 2212; x_wconf 81' lang='lat' dir='ltr'>quia</span> 
     </span>
     <span class='ocr_line' id='line_1_20' title="bbox 61 2228 1292 2310; baseline 0.003 -18"><span class='ocrx_word' id='word_1_216' title='bbox 61 2237 139 2293; x_wconf 68' lang='lat' dir='ltr'>uuus</span> <span class='ocrx_word' id='word_1_217' title='bbox 162 2238 194 2293; x_wconf 90' lang='lat' dir='ltr'>ct</span> <span class='ocrx_word' id='word_1_218' title='bbox 214 2230 298 2292; x_wconf 82' lang='lat' dir='ltr'>eolus</span> <span class='ocrx_word' id='word_1_219' title='bbox 321 2239 351 2292; x_wconf 92' lang='lat' dir='ltr'>et</span> <span class='ocrx_word' id='word_1_220' title='bbox 371 2231 486 2310; x_wconf 88' lang='lat' dir='ltr'>primus</span> <span class='ocrx_word' id='word_1_221' title='bbox 510 2238 555 2290; x_wconf 83' lang='lat' dir='ltr'>est</span> <span class='ocrx_word' id='word_1_222' title='bbox 576 2228 665 2289; x_wconf 85' lang='lat' dir='ltr'>Deus.</span> <span class='ocrx_word' id='word_1_223' title='bbox 697 2228 758 2290; x_wconf 88' lang='lat' dir='ltr'>Nec</span> <span class='ocrx_word' id='word_1_224' title='bbox 779 2247 850 2290; x_wconf 89' lang='lat' dir='ltr'>vcro</span> <span class='ocrx_word' id='word_1_225' title='bbox 873 2228 1046 2291; x_wconf 85' lang='lat' dir='ltr'>huiusmodi</span> <span class='ocrx_word' id='word_1_226' title='bbox 1068 2230 1167 2294; x_wconf 85' lang='lat' dir='ltr'>verbis</span> <span class='ocrx_word' id='word_1_227' title='bbox 1189 2233 1292 2296; x_wconf 68' lang='lat' dir='ltr'>exclu-</span> 
     </span>
     <span class='ocr_line' id='line_1_21' title="bbox 62 2321 1293 2416; baseline 0.004 -22"><span class='ocrx_word' id='word_1_228' title='bbox 62 2321 141 2394; x_wconf 67' lang='lat' dir='ltr'>ditur</span> <span class='ocrx_word' id='word_1_229' title='bbox 162 2331 269 2393; x_wconf 82' lang='lat' dir='ltr'>Filius.</span> <span class='ocrx_word' id='word_1_230' title='bbox 312 2332 406 2394; x_wconf 80' lang='lat' dir='ltr'>Absit.</span> <span class='ocrx_word' id='word_1_231' title='bbox 450 2331 519 2412; x_wconf 91' lang='lat' dir='ltr'>lpse</span> <span class='ocrx_word' id='word_1_232' title='bbox 549 2332 629 2393; x_wconf 87' lang='lat' dir='ltr'>enim</span> <span class='ocrx_word' id='word_1_233' title='bbox 651 2340 697 2392; x_wconf 88' lang='lat' dir='ltr'>est</span> <span class='ocrx_word' id='word_1_234' title='bbox 719 2331 749 2392; x_wconf 90' lang='lat' dir='ltr'>in</span> <span class='ocrx_word' id='word_1_235' title='bbox 773 2350 849 2404; x_wconf 93' lang='lat' dir='ltr'>uno,</span> <span class='ocrx_word' id='word_1_236' title='bbox 878 2331 976 2413; x_wconf 86' lang='lat' dir='ltr'>primo</span> <span class='ocrx_word' id='word_1_237' title='bbox 1000 2343 1030 2395; x_wconf 92' lang='lat' dir='ltr'>et</span> <span class='ocrx_word' id='word_1_238' title='bbox 1050 2334 1131 2408; x_wconf 85' lang='lat' dir='ltr'>solo,</span> <span class='ocrx_word' id='word_1_239' title='bbox 1152 2343 1293 2416; x_wconf 81' lang='lat' dir='ltr'>tanquam</span> 
     </span>
     <span class='ocr_line' id='line_1_22' title="bbox 63 2430 1294 2516; baseline 0.01 -27"><span class='ocrx_word' id='word_1_240' title='bbox 63 2430 163 2504; x_wconf 78' lang='lat' dir='ltr'>roias,</span> <span class='ocrx_word' id='word_1_241' title='bbox 187 2432 282 2496; x_wconf 86' lang='lat' dir='ltr'>solius</span> <span class='ocrx_word' id='word_1_242' title='bbox 305 2443 335 2496; x_wconf 85' lang='lat' dir='ltr'>et</span> <span class='ocrx_word' id='word_1_243' title='bbox 354 2432 443 2513; x_wconf 89' lang='lat' dir='ltr'>primi</span> <span class='ocrx_word' id='word_1_244' title='bbox 467 2432 564 2494; x_wconf 87' lang='lat' dir='ltr'>solum</span> <span class='ocrx_word' id='word_1_245' title='bbox 586 2432 657 2494; x_wconf 85' lang='lat' dir='ltr'>item</span> <span class='ocrx_word' id='word_1_246' title='bbox 680 2431 818 2506; x_wconf 87' lang='lat' dir='ltr'>Verbum,</span> <span class='ocrx_word' id='word_1_247' title='bbox 841 2434 986 2515; x_wconf 86' lang='lat' dir='ltr'>sapientia</span> <span class='ocrx_word' id='word_1_248' title='bbox 1002 2443 1032 2495; x_wconf 88' lang='lat' dir='ltr'>ct</span> <span class='ocrx_word' id='word_1_249' title='bbox 1044 2435 1194 2515; x_wconf 81' lang='lat' dir='ltr'>splendor.</span> <span class='ocrx_word' id='word_1_250' title='bbox 1223 2437 1294 2516; x_wconf 83' lang='lat' dir='ltr'>lpse</span> 
     </span>
    </p>
   </div>
   <div class='ocr_carea' id='block_1_3' title="bbox 62 2523 1345 2920">
    <p class='ocr_par' dir='ltr' id='par_1_7' title="bbox 62 2523 1345 2920">
     <span class='ocr_line' id='line_1_23' title="bbox 63 2523 1293 2618; baseline 0.002 -22"><span class='ocrx_word' id='word_1_251' title='bbox 63 2523 133 2596; x_wconf 75' lang='lat' dir='ltr'>ilem</span> <span class='ocrx_word' id='word_1_252' title='bbox 155 2534 273 2614; x_wconf 89' lang='lat' dir='ltr'>primus</span> <span class='ocrx_word' id='word_1_253' title='bbox 296 2544 359 2608; x_wconf 91' lang='lat' dir='ltr'>est,</span> <span class='ocrx_word' id='word_1_254' title='bbox 389 2535 498 2614; x_wconf 86' lang='lat' dir='ltr'>quippe</span> <span class='ocrx_word' id='word_1_255' title='bbox 527 2534 576 2614; x_wconf 89' lang='lat' dir='ltr'>qui</span> <span class='ocrx_word' id='word_1_256' title='bbox 605 2534 765 2596; x_wconf 84' lang='lat' dir='ltr'>divinitatis</span> <span class='ocrx_word' id='word_1_257' title='bbox 787 2535 875 2614; x_wconf 87' lang='lat' dir='ltr'>primi</span> <span class='ocrx_word' id='word_1_258' title='bbox 898 2547 928 2598; x_wconf 86' lang='lat' dir='ltr'>et</span> <span class='ocrx_word' id='word_1_259' title='bbox 949 2537 1043 2598; x_wconf 89' lang='lat' dir='ltr'>solius</span> <span class='ocrx_word' id='word_1_260' title='bbox 1065 2537 1218 2618; x_wconf 84' lang='lat' dir='ltr'>plenitudo</span> <span class='ocrx_word' id='word_1_261' title='bbox 1243 2537 1293 2613; x_wconf 86' lang='lat' dir='ltr'>sit,</span> 
     </span>
     <span class='ocr_line' id='line_1_24' title="bbox 63 2634 1292 2716; baseline 0.003 -18"><span class='ocrx_word' id='word_1_262' title='bbox 63 2634 204 2716; x_wconf 75' lang='lat' dir='ltr'>¹⁰lusque</span> <span class='ocrx_word' id='word_1_263' title='bbox 228 2646 257 2698; x_wconf 88' lang='lat' dir='ltr'>et</span> <span class='ocrx_word' id='word_1_264' title='bbox 278 2636 384 2716; x_wconf 88' lang='lat' dir='ltr'>plenus</span> <span class='ocrx_word' id='word_1_265' title='bbox 406 2637 496 2699; x_wconf 82' lang='lat' dir='ltr'>Deus.</span> <span class='ocrx_word' id='word_1_266' title='bbox 541 2637 645 2714; x_wconf 85' lang='lat' dir='ltr'>ltaque</span> <span class='ocrx_word' id='word_1_267' title='bbox 673 2655 734 2697; x_wconf 91' lang='lat' dir='ltr'>non</span> <span class='ocrx_word' id='word_1_268' title='bbox 758 2637 821 2698; x_wconf 87' lang='lat' dir='ltr'>eius</span> <span class='ocrx_word' id='word_1_269' title='bbox 844 2655 931 2699; x_wconf 88' lang='lat' dir='ltr'>causa</span> <span class='ocrx_word' id='word_1_270' title='bbox 954 2637 1003 2700; x_wconf 90' lang='lat' dir='ltr'>illa</span> <span class='ocrx_word' id='word_1_271' title='bbox 1024 2638 1101 2701; x_wconf 87' lang='lat' dir='ltr'>dicta</span> <span class='ocrx_word' id='word_1_272' title='bbox 1124 2647 1210 2713; x_wconf 86' lang='lat' dir='ltr'>sunt,</span> <span class='ocrx_word' id='word_1_273' title='bbox 1239 2639 1292 2702; x_wconf 86' lang='lat' dir='ltr'>sed</span> 
     </span>
     <span class='ocr_line' id='line_1_25' title="bbox 62 2732 1294 2819; baseline 0.002 -19"><span class='ocrx_word' id='word_1_274' title='bbox 62 2732 99 2793; x_wconf 82' lang='lat' dir='ltr'>ad</span> <span class='ocrx_word' id='word_1_275' title='bbox 123 2738 334 2800; x_wconf 89' lang='lat' dir='ltr'>declarandum</span> <span class='ocrx_word' id='word_1_276' title='bbox 363 2757 423 2799; x_wconf 90' lang='lat' dir='ltr'>non</span> <span class='ocrx_word' id='word_1_277' title='bbox 457 2756 529 2800; x_wconf 88' lang='lat' dir='ltr'>esse</span> <span class='ocrx_word' id='word_1_278' title='bbox 560 2738 648 2800; x_wconf 85' lang='lat' dir='ltr'>aliurn</span> <span class='ocrx_word' id='word_1_279' title='bbox 681 2738 776 2817; x_wconf 88' lang='lat' dir='ltr'>qualis</span> <span class='ocrx_word' id='word_1_280' title='bbox 810 2747 856 2799; x_wconf 87' lang='lat' dir='ltr'>est</span> <span class='ocrx_word' id='word_1_281' title='bbox 882 2738 970 2801; x_wconf 88' lang='lat' dir='ltr'>Pater</span> <span class='ocrx_word' id='word_1_282' title='bbox 1001 2739 1127 2819; x_wconf 84' lang='lat' dir='ltr'>eiusque</span> <span class='ocrx_word' id='word_1_283' title='bbox 1154 2739 1294 2818; x_wconf 85' lang='lat' dir='ltr'>Verbum,</span> 
     </span>
     <span class='ocr_line' id='line_1_26' title="bbox 64 2840 1345 2920; baseline 0.003 -19"><span class='ocrx_word' id='word_1_284' title='bbox 64 2847 190 2920; x_wconf 56' lang='lat' dir='ltr'>eamque</span> <span class='ocrx_word' id='word_1_285' title='bbox 213 2841 381 2920; x_wconf 82' lang='lat' dir='ltr'>Prophetae</span> <span class='ocrx_word' id='word_1_286' title='bbox 402 2850 531 2902; x_wconf 88' lang='lat' dir='ltr'>mentem</span> <span class='ocrx_word' id='word_1_287' title='bbox 555 2860 624 2902; x_wconf 88' lang='lat' dir='ltr'>esse</span> <span class='ocrx_word' id='word_1_288' title='bbox 645 2840 755 2902; x_wconf 89' lang='lat' dir='ltr'>clarum</span> <span class='ocrx_word' id='word_1_289' title='bbox 779 2840 1026 2920; x_wconf 85' lang='lat' dir='ltr'>manifestumque</span> <span class='ocrx_word' id='word_1_290' title='bbox 1048 2850 1095 2904; x_wconf 87' lang='lat' dir='ltr'>cst</span> <span class='ocrx_word' id='word_1_291' title='bbox 1117 2843 1266 2906; x_wconf 86' lang='lat' dir='ltr'>omnibus.</span> <span class='ocrx_word' id='word_1_292' title='bbox 1339 2874 1345 2881; x_wconf 90' lang='lat'>·</span> 
     </span>
    </p>
   </div>
   <div class='ocr_carea' id='block_1_4' title="bbox 55 3041 1302 3735">
    <p class='ocr_par' dir='ltr' id='par_1_8' title="bbox 55 3041 1302 3735">
     <span class='ocr_line' id='line_1_27' title="bbox 151 3041 1291 3122; baseline -0.004 -13"><span class='ocrx_word' id='word_1_293' title='bbox 151 3049 180 3109; x_wconf 84' lang='lat'>7.</span> <span class='ocrx_word' id='word_1_294' title='bbox 226 3043 333 3105; x_wconf 88' lang='lat' dir='ltr'>Verum</span> <span class='ocrx_word' id='word_1_295' title='bbox 370 3044 606 3122; x_wconf 85' lang='lat' dir='ltr'>quandoquidem</span> <span class='ocrx_word' id='word_1_296' title='bbox 640 3043 722 3122; x_wconf 88' lang='lat' dir='ltr'>impii</span> <span class='ocrx_word' id='word_1_297' title='bbox 755 3043 828 3104; x_wconf 90' lang='lat' dir='ltr'>baec</span> <span class='ocrx_word' id='word_1_298' title='bbox 860 3044 1100 3106; x_wconf 79' lang='lat' dir='ltr'>circumferentes</span> <span class='ocrx_word' id='word_1_299' title='bbox 1131 3043 1221 3122; x_wconf 87' lang='lat' dir='ltr'>impie</span> <span class='ocrx_word' id='word_1_300' title='bbox 1252 3041 1291 3105; x_wconf 81' lang='lat' dir='ltr'>de</span> 
     </span>
     <span class='ocr_line' id='line_1_28' title="bbox 56 3128 1295 3226; baseline -0.001 -18"><span class='ocrx_word' id='word_1_301' title='bbox 56 3128 193 3209; x_wconf 73' lang='lat' dir='ltr'>Domino</span> <span class='ocrx_word' id='word_1_302' title='bbox 216 3145 387 3226; x_wconf 88' lang='lat' dir='ltr'>loquuntur,</span> <span class='ocrx_word' id='word_1_303' title='bbox 412 3145 558 3224; x_wconf 86' lang='lat' dir='ltr'>nobisque</span> <span class='ocrx_word' id='word_1_304' title='bbox 581 3145 752 3206; x_wconf 88' lang='lat' dir='ltr'>huiusmodi</span> <span class='ocrx_word' id='word_1_305' title='bbox 777 3144 874 3206; x_wconf 85' lang='lat' dir='ltr'>verbis</span> <span class='ocrx_word' id='word_1_306' title='bbox 897 3145 1080 3207; x_wconf 79' lang='lat' dir='ltr'>obtrectant:</span> <span class='ocrx_word' id='word_1_307' title='bbox 1104 3145 1201 3219; x_wconf 85' lang='lat' dir='ltr'>„Ecce</span> <span class='ocrx_word' id='word_1_308' title='bbox 1216 3160 1295 3207; x_wconf 73' lang='lat' dir='ltr'>unni</span> 
     </span>
     <span class='ocr_line' id='line_1_29' title="bbox 57 3247 1295 3328; baseline 0.001 -22"><span class='ocrx_word' id='word_1_309' title='bbox 57 3257 126 3311; x_wconf 67' lang='lat' dir='ltr'>oet</span> <span class='ocrx_word' id='word_1_310' title='bbox 146 3249 230 3311; x_wconf 85' lang='lat' dir='ltr'>solus</span> <span class='ocrx_word' id='word_1_311' title='bbox 253 3257 283 3310; x_wconf 91' lang='lat' dir='ltr'>et</span> <span class='ocrx_word' id='word_1_312' title='bbox 303 3249 418 3328; x_wconf 85' lang='lat' dir='ltr'>primus</span> <span class='ocrx_word' id='word_1_313' title='bbox 441 3247 548 3309; x_wconf 90' lang='lat' dir='ltr'>dicitur</span> <span class='ocrx_word' id='word_1_314' title='bbox 569 3248 664 3322; x_wconf 88' lang='lat' dir='ltr'>Deus,</span> <span class='ocrx_word' id='word_1_315' title='bbox 688 3266 779 3327; x_wconf 88' lang='lat' dir='ltr'>quare</span> <span class='ocrx_word' id='word_1_316' title='bbox 802 3266 872 3328; x_wconf 81' lang='lat' dir='ltr'>ergo</span> <span class='ocrx_word' id='word_1_317' title='bbox 894 3266 949 3307; x_wconf 85' lang='lat' dir='ltr'>ros</span> <span class='ocrx_word' id='word_1_318' title='bbox 974 3247 1078 3309; x_wconf 84' lang='lat' dir='ltr'>Filium</span> <span class='ocrx_word' id='word_1_319' title='bbox 1101 3247 1194 3308; x_wconf 82' lang='lat' dir='ltr'>bourn</span> <span class='ocrx_word' id='word_1_320' title='bbox 1216 3264 1295 3326; x_wconf 89' lang='lat' dir='ltr'>quo·</span> 
     </span>
     <span class='ocr_line' id='line_1_30' title="bbox 56 3348 1296 3429; baseline 0.002 -22"><span class='ocrx_word' id='word_1_321' title='bbox 56 3362 153 3427; x_wconf 69' lang='lat' dir='ltr'>oque</span> <span class='ocrx_word' id='word_1_322' title='bbox 174 3369 244 3413; x_wconf 82' lang='lat' dir='ltr'>esso</span> <span class='ocrx_word' id='word_1_323' title='bbox 266 3348 473 3412; x_wconf 75' lang='lat' dir='ltr'>contenditis?</span> <span class='ocrx_word' id='word_1_324' title='bbox 502 3351 527 3410; x_wconf 88' lang='lat' dir='ltr'>si</span> <span class='ocrx_word' id='word_1_325' title='bbox 550 3350 629 3411; x_wconf 88' lang='lat' dir='ltr'>enim</span> <span class='ocrx_word' id='word_1_326' title='bbox 652 3359 732 3411; x_wconf 85' lang='lat' dir='ltr'>esset</span> <span class='ocrx_word' id='word_1_327' title='bbox 753 3349 852 3422; x_wconf 86' lang='lat' dir='ltr'>Deus,</span> <span class='ocrx_word' id='word_1_328' title='bbox 875 3368 936 3411; x_wconf 91' lang='lat' dir='ltr'>non</span> <span class='ocrx_word' id='word_1_329' title='bbox 958 3349 1086 3411; x_wconf 89' lang='lat' dir='ltr'>diceret:</span> <span class='ocrx_word' id='word_1_330' title='bbox 1115 3349 1177 3429; x_wconf 75' lang='lat' dir='ltr'>Epo</span> <span class='ocrx_word' id='word_1_331' title='bbox 1200 3348 1296 3421; x_wconf 76' lang='lat' dir='ltr'>solor,</span> 
     </span>
     <span class='ocr_line' id='line_1_31' title="bbox 56 3449 1296 3534; baseline 0.002 -24"><span class='ocrx_word' id='word_1_332' title='bbox 56 3461 191 3534; x_wconf 62' lang='lat' dir='ltr'>„neque</span> <span class='ocrx_word' id='word_1_333' title='bbox 212 3452 292 3532; x_wconf 88' lang='lat' dir='ltr'>quod</span> <span class='ocrx_word' id='word_1_334' title='bbox 315 3471 396 3515; x_wconf 81' lang='lat' dir='ltr'>unua</span> <span class='ocrx_word' id='word_1_335' title='bbox 418 3463 463 3514; x_wconf 79' lang='lat' dir='ltr'>ert</span> <span class='ocrx_word' id='word_1_336' title='bbox 478 3451 599 3526; x_wconf 59' lang='lat' dir='ltr'>Decor*</span> <span class='ocrx_word' id='word_1_337' title='bbox 623 3470 687 3513; x_wconf 87' lang='lat' dir='ltr'>eam</span> <span class='ocrx_word' id='word_1_338' title='bbox 711 3451 750 3512; x_wconf 91' lang='lat' dir='ltr'>ob</span> <span class='ocrx_word' id='word_1_339' title='bbox 773 3471 836 3514; x_wconf 87' lang='lat' dir='ltr'>rem</span> <span class='ocrx_word' id='word_1_340' title='bbox 860 3452 1120 3532; x_wconf 86' lang='lat' dir='ltr'>operaepretium</span> <span class='ocrx_word' id='word_1_341' title='bbox 1144 3449 1296 3512; x_wconf 80' lang='lat' dir='ltr'>estetiann</span> 
     </span>
     <span class='ocr_line' id='line_1_32' title="bbox 56 3535 1297 3633; baseline -0.006 -15"><span class='ocrx_word' id='word_1_342' title='bbox 56 3535 101 3605; x_wconf 69' lang='lat'>‘¹0</span> <span class='ocrx_word' id='word_1_343' title='bbox 127 3554 298 3621; x_wconf 85' lang='lat' dir='ltr'>huiuamodi</span> <span class='ocrx_word' id='word_1_344' title='bbox 321 3554 407 3617; x_wconf 87' lang='lat' dir='ltr'>dictis</span> <span class='ocrx_word' id='word_1_345' title='bbox 429 3572 485 3633; x_wconf 90' lang='lat' dir='ltr'>pro</span> <span class='ocrx_word' id='word_1_346' title='bbox 507 3562 611 3615; x_wconf 87' lang='lat' dir='ltr'>nostra</span> <span class='ocrx_word' id='word_1_347' title='bbox 640 3554 775 3615; x_wconf 76' lang='lat' dir='ltr'>facultate</span> <span class='ocrx_word' id='word_1_348' title='bbox 805 3554 969 3626; x_wconf 86' lang='lat' dir='ltr'>disserere,</span> <span class='ocrx_word' id='word_1_349' title='bbox 1003 3563 1036 3614; x_wconf 91' lang='lat' dir='ltr'>ut</span> <span class='ocrx_word' id='word_1_350' title='bbox 1065 3552 1134 3614; x_wconf 89' lang='lat' dir='ltr'>inde</span> <span class='ocrx_word' id='word_1_351' title='bbox 1156 3550 1297 3613; x_wconf 73' lang='lat' dir='ltr'>omnibus</span> 
     </span>
     <span class='ocr_line' id='line_1_33' title="bbox 55 3652 1302 3735; baseline -0.002 -18"><span class='ocrx_word' id='word_1_352' title='bbox 55 3652 180 3727; x_wconf 67' lang='lat' dir='ltr'>batua,</span> <span class='ocrx_word' id='word_1_353' title='bbox 211 3657 436 3719; x_wconf 76' lang='lat' dir='ltr'>vere-Arianos</span> <span class='ocrx_word' id='word_1_354' title='bbox 458 3655 511 3716; x_wconf 84' lang='lat' dir='ltr'>bei</span> <span class='ocrx_word' id='word_1_355' title='bbox 535 3657 637 3718; x_wconf 85' lang='lat' dir='ltr'>hostes</span> <span class='ocrx_word' id='word_1_356' title='bbox 661 3674 739 3717; x_wconf 86' lang='lat' dir='ltr'>esse.</span> <span class='ocrx_word' id='word_1_357' title='bbox 784 3655 816 3717; x_wconf 90' lang='lat' dir='ltr'>Si</span> <span class='ocrx_word' id='word_1_358' title='bbox 839 3656 927 3735; x_wconf 79' lang='lat' dir='ltr'>igitur</span> <span class='ocrx_word' id='word_1_359' title='bbox 948 3655 1022 3716; x_wconf 84' lang='lat' dir='ltr'>Filio</span> <span class='ocrx_word' id='word_1_360' title='bbox 1045 3655 1195 3716; x_wconf 86' lang='lat' dir='ltr'>contentio</span> <span class='ocrx_word' id='word_1_361' title='bbox 1218 3660 1302 3714; x_wconf 84' lang='lat' dir='ltr'>esset</span> 
     </span>
    </p>
   </div>
   <div class='ocr_carea' id='block_1_5' title="bbox 55 3802 1304 4556">
    <p class='ocr_par' dir='ltr' id='par_1_9' title="bbox 55 3802 1300 4023">
     <span class='ocr_line' id='line_1_34' title="bbox 90 3802 1300 3893; baseline -0.005 -32"><span class='ocrx_word' id='word_1_362' title='bbox 90 3807 121 3880; x_wconf 68' lang='lat' dir='ltr'>J.</span> <span class='ocrx_word' id='word_1_363' title='bbox 137 3810 178 3861; x_wconf 85' lang='lat' dir='ltr'>Sic</span> <span class='ocrx_word' id='word_1_364' title='bbox 194 3811 285 3872; x_wconf 70' lang='lat' dir='ltr'>liepl.</span> <span class='ocrx_word' id='word_1_365' title='bbox 321 3809 451 3872; x_wconf 60' lang='lat' dir='ltr'>btilem.</span> <span class='ocrx_word' id='word_1_366' title='bbox 469 3805 540 3893; x_wconf 62' lang='lat' dir='ltr'>lepre</span> <span class='ocrx_word' id='word_1_367' title='bbox 559 3808 658 3858; x_wconf 76' lang='grc' dir='ltr'><em>ταῦτα·</em></span> <span class='ocrx_word' id='word_1_368' title='bbox 709 3804 756 3858; x_wconf 78' lang='grc' dir='ltr'>καὶ</span> <span class='ocrx_word' id='word_1_369' title='bbox 772 3802 882 3872; x_wconf 75' lang='grc' dir='ltr'>πλήρης.</span> <span class='ocrx_word' id='word_1_370' title='bbox 918 3808 958 3857; x_wconf 89' lang='lat' dir='ltr'>Sic</span> <span class='ocrx_word' id='word_1_371' title='bbox 975 3808 1045 3858; x_wconf 83' lang='lat' dir='ltr'>etlam</span> <span class='ocrx_word' id='word_1_372' title='bbox 1065 3809 1088 3857; x_wconf 89' lang='lat' dir='ltr'>in</span> <span class='ocrx_word' id='word_1_373' title='bbox 1107 3808 1163 3869; x_wconf 73' lang='lat' dir='ltr'>fleg.</span> <span class='ocrx_word' id='word_1_374' title='bbox 1181 3808 1201 3855; x_wconf 90' lang='lat' dir='ltr'>l.</span> <span class='ocrx_word' id='word_1_375' title='bbox 1222 3807 1300 3869; x_wconf 82' lang='lat' dir='ltr'>prima</span> 
     </span>
     <span class='ocr_line' id='line_1_35' title="bbox 56 3870 1300 3948; baseline -0.003 -21"><span class='ocrx_word' id='word_1_376' title='bbox 56 3871 105 3948; x_wconf 52' lang='grc' dir='ltr'>ζῆ</span> <span class='ocrx_word' id='word_1_377' title='bbox 130 3875 249 3943; x_wconf 77' lang='grc' dir='ltr'>γένοιτο.</span> <span class='ocrx_word' id='word_1_378' title='bbox 281 3871 340 3926; x_wconf 81' lang='grc' dir='ltr'>ἔστι</span> <span class='ocrx_word' id='word_1_379' title='bbox 364 3872 393 3926; x_wconf 79' lang='grc' dir='ltr'>δὲ</span> <span class='ocrx_word' id='word_1_380' title='bbox 410 3872 456 3925; x_wconf 78' lang='grc' dir='ltr'>καὶ</span> <span class='ocrx_word' id='word_1_381' title='bbox 474 3872 557 3930; x_wconf 77' lang='grc' dir='ltr'><em>αυτὸς</em></span> <span class='ocrx_word' id='word_1_382' title='bbox 573 3870 603 3926; x_wconf 75' lang='grc' dir='ltr'>όν</span> <span class='ocrx_word' id='word_1_383' title='bbox 620 3876 659 3941; x_wconf 73' lang='grc' dir='ltr'>τῷ</span> <span class='ocrx_word' id='word_1_384' title='bbox 712 3892 783 3928; x_wconf 86' lang='lat' dir='ltr'>manu</span> <span class='ocrx_word' id='word_1_385' title='bbox 802 3879 918 3941; x_wconf 84' lang='lat' dir='ltr'>scriptum</span> <span class='ocrx_word' id='word_1_386' title='bbox 937 3884 1002 3936; x_wconf 88' lang='lat' dir='ltr'>erat,</span> <span class='ocrx_word' id='word_1_387' title='bbox 1028 3876 1071 3925; x_wconf 88' lang='lat' dir='ltr'>red</span> <span class='ocrx_word' id='word_1_388' title='bbox 1090 3876 1165 3925; x_wconf 83' lang='lat' dir='ltr'>altere</span> <span class='ocrx_word' id='word_1_389' title='bbox 1184 3873 1300 3923; x_wconf 77' lang='lat' dir='ltr'>emendi·</span> 
     </span>
     <span class='ocr_line' id='line_1_36' title="bbox 55 3936 824 4023; baseline 0 -29"><span class='ocrx_word' id='word_1_390' title='bbox 55 3936 115 4023; x_wconf 47' lang='grc' dir='ltr'>(Ἴ</span> <span class='ocrx_word' id='word_1_391' title='bbox 125 3942 172 3994; x_wconf 78' lang='grc' dir='ltr'>καὶ</span> <span class='ocrx_word' id='word_1_392' title='bbox 187 3941 267 4012; x_wconf 75' lang='grc' dir='ltr'><strong><em>μόνῳ</em></strong></span> <span class='ocrx_word' id='word_1_393' title='bbox 284 3940 330 3994; x_wconf 80' lang='grc' dir='ltr'>καὶ</span> <span class='ocrx_word' id='word_1_394' title='bbox 347 3938 459 4012; x_wconf 72' lang='grc' dir='ltr'><strong><em>πρώτῳ,</em></strong></span> <span class='ocrx_word' id='word_1_395' title='bbox 479 3938 516 3999; x_wconf 79' lang='lat' dir='ltr'>oic</span> <span class='ocrx_word' id='word_1_396' title='bbox 533 3944 582 3993; x_wconf 80' lang='grc' dir='ltr'>τοῦ</span> <span class='ocrx_word' id='word_1_397' title='bbox 599 3939 660 3999; x_wconf 77' lang='grc' dir='ltr'>ἑνός</span> <span class='ocrx_word' id='word_1_398' title='bbox 711 3957 761 3996; x_wconf 85' lang='lat' dir='ltr'>tarn</span> <span class='ocrx_word' id='word_1_399' title='bbox 781 3954 824 3995; x_wconf 84' lang='lat' dir='ltr'>est.</span> 
     </span>
    </p>

    <p class='ocr_par' dir='ltr' id='par_1_10' title="bbox 56 4005 1302 4114">
     <span class='ocr_line' id='line_1_37' title="bbox 56 4005 1302 4114; baseline -0.006 -33"><span class='ocrx_word' id='word_1_400' title='bbox 56 4005 222 4114; x_wconf 29' lang='lat' dir='ltr'>{flam</span> <span class='ocrx_word' id='word_1_401' title='bbox 238 4009 289 4094; x_wconf 51' lang='grc' dir='ltr'>καὶ,</span> <span class='ocrx_word' id='word_1_402' title='bbox 301 4007 413 4094; x_wconf 48' lang='lat' dir='ltr'>&#39;&#39;OQ&#39;&#39;</span> <span class='ocrx_word' id='word_1_403' title='bbox 429 4006 605 4094; x_wconf 59' lang='grc' dir='ltr'>μόνθΐλόῖθΐ</span> <span class='ocrx_word' id='word_1_404' title='bbox 614 4022 659 4063; x_wconf 71' lang='lat'>0²⁶·</span> <span class='ocrx_word' id='word_1_405' title='bbox 746 4032 770 4080; x_wconf 93' lang='lat' dir='ltr'>b.</span> <span class='ocrx_word' id='word_1_406' title='bbox 788 4030 828 4079; x_wconf 86' lang='lat' dir='ltr'>Sic</span> <span class='ocrx_word' id='word_1_407' title='bbox 846 4030 902 4091; x_wconf 74' lang='lat' dir='ltr'>fleg.</span> <span class='ocrx_word' id='word_1_408' title='bbox 914 4029 937 4079; x_wconf 90' lang='lat'>1.</span> <span class='ocrx_word' id='word_1_409' title='bbox 956 4029 1094 4078; x_wconf 74' lang='lat' dir='ltr'>doblerinn.</span> <span class='ocrx_word' id='word_1_410' title='bbox 1114 4035 1137 4077; x_wconf 86' lang='lat' dir='ltr'>et</span> <span class='ocrx_word' id='word_1_411' title='bbox 1156 4025 1260 4075; x_wconf 80' lang='lat' dir='ltr'>Fclclm.</span> <span class='ocrx_word' id='word_1_412' title='bbox 1277 4023 1302 4076; x_wconf 88' lang='lat' dir='ltr'>l.</span> 
     </span>
    </p>

    <p class='ocr_par' dir='ltr' id='par_1_11' title="bbox 82 4075 1136 4162">
     <span class='ocr_line' id='line_1_38' title="bbox 82 4075 1136 4162; baseline -0.008 -12"><span class='ocrx_word' id='word_1_413' title='bbox 82 4075 132 4160; x_wconf 69' lang='lat'><strong>‘¹2¹¹</strong></span> <span class='ocrx_word' id='word_1_414' title='bbox 148 4079 220 4161; x_wconf 52' lang='grc' dir='ltr'>’ἔξει</span> <span class='ocrx_word' id='word_1_415' title='bbox 237 4095 339 4162; x_wconf 63' lang='lat' dir='ltr'>ruore·</span> <span class='ocrx_word' id='word_1_416' title='bbox 357 4097 395 4148; x_wconf 73' lang='lat' dir='ltr'>rr</span> <span class='ocrx_word' id='word_1_417' title='bbox 413 4077 529 4161; x_wconf 56' lang='lat' dir='ltr'>rfmfo</span> <span class='ocrx_word' id='word_1_418' title='bbox 553 4075 661 4161; x_wconf 48' lang='lat'>{⁶150}</span> <span class='ocrx_word' id='word_1_419' title='bbox 701 4099 742 4148; x_wconf 74' lang='lat' dir='ltr'>u</span> <span class='ocrx_word' id='word_1_420' title='bbox 759 4099 799 4149; x_wconf 70' lang='lat' dir='ltr'>aru</span> <span class='ocrx_word' id='word_1_421' title='bbox 818 4106 842 4146; x_wconf 74' lang='lat' dir='ltr'>a</span> <span class='ocrx_word' id='word_1_422' title='bbox 860 4098 916 4147; x_wconf 72' lang='grc' dir='ltr'>ιιιιι</span> <span class='ocrx_word' id='word_1_423' title='bbox 936 4079 1014 4150; x_wconf 69' lang='grc' dir='ltr'><strong><em>οὗτος</em></strong></span> <span class='ocrx_word' id='word_1_424' title='bbox 1032 4088 1046 4144; x_wconf 80' lang='grc' dir='ltr'>ι</span> <span class='ocrx_word' id='word_1_425' title='bbox 1066 4093 1136 4148; x_wconf 73' lang='grc' dir='ltr'><strong><em>νοῦς.</em></strong></span> 
     </span>
    </p>

    <p class='ocr_par' dir='ltr' id='par_1_12' title="bbox 56 4141 1304 4353">
     <span class='ocr_line' id='line_1_39' title="bbox 56 4141 1073 4216; baseline 0 -19"><span class='ocrx_word' id='word_1_426' title='bbox 56 4141 116 4197; x_wconf 58' lang='grc' dir='ltr'>*αι</span> <span class='ocrx_word' id='word_1_427' title='bbox 131 4164 242 4215; x_wconf 68' lang='lat' dir='ltr'>aporos</span> <span class='ocrx_word' id='word_1_428' title='bbox 260 4164 343 4204; x_wconf 71' lang='lat' dir='ltr'>aoros</span> <span class='ocrx_word' id='word_1_429' title='bbox 359 4144 390 4200; x_wconf 72' lang='lat' dir='ltr'>lv</span> <span class='ocrx_word' id='word_1_430' title='bbox 406 4163 445 4215; x_wconf 78' lang='grc' dir='ltr'>τῳ</span> <span class='ocrx_word' id='word_1_431' title='bbox 463 4143 503 4199; x_wconf 77' lang='grc' dir='ltr'>ἔνι</span> <span class='ocrx_word' id='word_1_432' title='bbox 520 4163 566 4198; x_wconf 82' lang='grc' dir='ltr'>και</span> <span class='ocrx_word' id='word_1_433' title='bbox 583 4163 660 4216; x_wconf 80' lang='grc' dir='ltr'>μόνῳ</span> <span class='ocrx_word' id='word_1_434' title='bbox 749 4193 753 4202; x_wconf 94' lang='grc'>,</span> <span class='ocrx_word' id='word_1_435' title='bbox 919 4183 926 4199; x_wconf 78' lang='grc'>,</span> <span class='ocrx_word' id='word_1_436' title='bbox 1065 4181 1073 4197; x_wconf 84' lang='grc'><em>,</em></span> 
     </span>
     <span class='ocr_line' id='line_1_40' title="bbox 56 4189 1161 4299; baseline -0.003 -34"><span class='ocrx_word' id='word_1_437' title='bbox 56 4209 116 4265; x_wconf 56' lang='lat' dir='ltr'>‘sti</span> <span class='ocrx_word' id='word_1_438' title='bbox 136 4213 256 4299; x_wconf 67' lang='grc' dir='ltr'>πςιότφ,</span> <span class='ocrx_word' id='word_1_439' title='bbox 282 4210 319 4271; x_wconf 77' lang='grc' dir='ltr'>ὥς</span> <span class='ocrx_word' id='word_1_440' title='bbox 344 4217 393 4266; x_wconf 82' lang='grc' dir='ltr'>τοῦ</span> <span class='ocrx_word' id='word_1_441' title='bbox 411 4211 472 4271; x_wconf 71' lang='grc' dir='ltr'>ἑνὸς</span> <span class='ocrx_word' id='word_1_442' title='bbox 488 4213 533 4265; x_wconf 80' lang='grc' dir='ltr'>καὶ</span> <span class='ocrx_word' id='word_1_443' title='bbox 550 4211 662 4285; x_wconf 82' lang='grc' dir='ltr'><strong><em>πρώτου</em></strong></span> <span class='ocrx_word' id='word_1_444' title='bbox 748 4208 762 4242; x_wconf 82' lang='lat'>¹·</span> <span class='ocrx_word' id='word_1_445' title='bbox 781 4192 839 4254; x_wconf 62' lang='lat'>3⁰3·</span> <span class='ocrx_word' id='word_1_446' title='bbox 859 4191 880 4240; x_wconf 79' lang='lat'>¹·</span> <span class='ocrx_word' id='word_1_447' title='bbox 899 4205 948 4291; x_wconf 58' lang='lat' dir='ltr'>“f’&#39;</span> <span class='ocrx_word' id='word_1_448' title='bbox 966 4189 1098 4291; x_wconf 53' lang='lat' dir='ltr'>lem&#39;s</span> <span class='ocrx_word' id='word_1_449' title='bbox 1153 4273 1161 4292; x_wconf 68' lang='lat'><em>,</em></span> 
     </span>
     <span class='ocr_line' id='line_1_41' title="bbox 58 4279 1304 4353; baseline -0.007 -18"><span class='ocrx_word' id='word_1_450' title='bbox 58 4279 118 4334; x_wconf 55' lang='grc' dir='ltr'>*αἱ</span> <span class='ocrx_word' id='word_1_451' title='bbox 133 4301 222 4352; x_wconf 70' lang='grc' dir='ltr'><strong><em>μόνον</em></strong></span> <span class='ocrx_word' id='word_1_452' title='bbox 238 4280 325 4353; x_wconf 78' lang='grc' dir='ltr'><strong><em>μόνος</em></strong></span> <span class='ocrx_word' id='word_1_453' title='bbox 339 4279 429 4351; x_wconf 76' lang='grc' dir='ltr'><strong><em>λόγος.</em></strong></span> <span class='ocrx_word' id='word_1_454' title='bbox 748 4284 770 4332; x_wconf 85' lang='grc' dir='ltr'>Ιι.</span> <span class='ocrx_word' id='word_1_455' title='bbox 788 4283 844 4345; x_wconf 76' lang='lat' dir='ltr'>fleg.</span> <span class='ocrx_word' id='word_1_456' title='bbox 860 4282 882 4331; x_wconf 90' lang='lat' dir='ltr'>l.</span> <span class='ocrx_word' id='word_1_457' title='bbox 901 4294 950 4329; x_wconf 78' lang='grc' dir='ltr'>τον</span> <span class='ocrx_word' id='word_1_458' title='bbox 966 4280 1033 4330; x_wconf 70' lang='grc' dir='ltr'>ναόν</span> <span class='ocrx_word' id='word_1_459' title='bbox 1049 4294 1095 4329; x_wconf 81' lang='grc' dir='ltr'>και</span> <span class='ocrx_word' id='word_1_460' title='bbox 1112 4291 1225 4328; x_wconf 74' lang='grc' dir='ltr'><strong><em>τουτων.</em></strong></span> <span class='ocrx_word' id='word_1_461' title='bbox 1253 4279 1304 4331; x_wconf 84' lang='lat' dir='ltr'>Gn-</span> 
     </span>
    </p>

    <p class='ocr_par' dir='ltr' id='par_1_13' title="bbox 59 4340 1304 4556">
     <span class='ocr_line' id='line_1_42' title="bbox 104 4340 1304 4418; baseline -0.006 -14"><span class='ocrx_word' id='word_1_462' title='bbox 104 4369 129 4417; x_wconf 69' lang='lat' dir='ltr'>g.</span> <span class='ocrx_word' id='word_1_463' title='bbox 147 4356 251 4406; x_wconf 67' lang='lat' dir='ltr'>Feltini.</span> <span class='ocrx_word' id='word_1_464' title='bbox 261 4354 285 4404; x_wconf 79' lang='lat'>2.</span> <span class='ocrx_word' id='word_1_465' title='bbox 296 4363 320 4405; x_wconf 89' lang='lat' dir='ltr'>et</span> <span class='ocrx_word' id='word_1_466' title='bbox 332 4355 389 4405; x_wconf 85' lang='lat' dir='ltr'>editi</span> <span class='ocrx_word' id='word_1_467' title='bbox 407 4347 466 4403; x_wconf 80' lang='grc' dir='ltr'>ἔστι</span> <span class='ocrx_word' id='word_1_468' title='bbox 482 4348 528 4401; x_wconf 74' lang='grc' dir='ltr'>καὶ</span> <span class='ocrx_word' id='word_1_469' title='bbox 544 4351 661 4418; x_wconf 76' lang='grc' dir='ltr'><strong><em>πρῶτος.</em></strong></span> <span class='ocrx_word' id='word_1_470' title='bbox 713 4352 814 4401; x_wconf 83' lang='lat' dir='ltr'>blerian.</span> <span class='ocrx_word' id='word_1_471' title='bbox 833 4359 856 4400; x_wconf 84' lang='lat' dir='ltr'>et</span> <span class='ocrx_word' id='word_1_472' title='bbox 873 4350 979 4400; x_wconf 80' lang='lat' dir='ltr'>Folclrm.</span> <span class='ocrx_word' id='word_1_473' title='bbox 992 4351 1014 4400; x_wconf 86' lang='lat'>1.</span> <span class='ocrx_word' id='word_1_474' title='bbox 1033 4343 1083 4397; x_wconf 80' lang='grc' dir='ltr'>τόν</span> <span class='ocrx_word' id='word_1_475' title='bbox 1099 4345 1167 4396; x_wconf 70' lang='lat' dir='ltr'>rodo</span> <span class='ocrx_word' id='word_1_476' title='bbox 1182 4340 1228 4395; x_wconf 75' lang='grc' dir='ltr'>καὶ</span> <span class='ocrx_word' id='word_1_477' title='bbox 1240 4340 1304 4415; x_wconf 67' lang='grc' dir='ltr'>περὶ</span> 
     </span>
     <span class='ocr_line' id='line_1_43' title="bbox 59 4404 1303 4487; baseline -0.007 -15"><span class='ocrx_word' id='word_1_478' title='bbox 59 4404 152 4474; x_wconf 67' lang='lat' dir='ltr'>Cereri</span> <span class='ocrx_word' id='word_1_479' title='bbox 169 4438 228 4474; x_wconf 73' lang='lat' dir='ltr'>uas.</span> <span class='ocrx_word' id='word_1_480' title='bbox 245 4416 306 4474; x_wconf 75' lang='grc' dir='ltr'>ἔστι</span> <span class='ocrx_word' id='word_1_481' title='bbox 323 4417 353 4472; x_wconf 73' lang='grc' dir='ltr'>δὲ</span> <span class='ocrx_word' id='word_1_482' title='bbox 370 4416 416 4470; x_wconf 80' lang='grc' dir='ltr'>καὶ</span> <span class='ocrx_word' id='word_1_483' title='bbox 432 4419 548 4487; x_wconf 75' lang='grc' dir='ltr'><strong><em>πρῶτος.</em></strong></span> <span class='ocrx_word' id='word_1_484' title='bbox 587 4422 661 4471; x_wconf 85' lang='lat' dir='ltr'>Paulo</span> <span class='ocrx_word' id='word_1_485' title='bbox 713 4412 826 4468; x_wconf 78' lang='grc' dir='ltr'><em>τούτων.</em></span> <span class='ocrx_word' id='word_1_486' title='bbox 862 4418 924 4469; x_wconf 81' lang='lat' dir='ltr'>Editi</span> <span class='ocrx_word' id='word_1_487' title='bbox 942 4412 1037 4466; x_wconf 75' lang='grc' dir='ltr'><em>τοίνυν</em></span> <span class='ocrx_word' id='word_1_488' title='bbox 1053 4411 1098 4465; x_wconf 81' lang='grc' dir='ltr'>καὶ</span> <span class='ocrx_word' id='word_1_489' title='bbox 1115 4410 1178 4482; x_wconf 81' lang='grc' dir='ltr'><strong><em>περὶ</em></strong></span> <span class='ocrx_word' id='word_1_490' title='bbox 1189 4407 1303 4464; x_wconf 71' lang='grc' dir='ltr'><em>τούτων.</em></span> 
     </span>
     <span class='ocr_line' id='line_1_44' title="bbox 60 4477 1236 4556; baseline -0.008 -13"><span class='ocrx_word' id='word_1_491' title='bbox 60 4483 130 4542; x_wconf 66' lang='grc' dir='ltr'>Ρῦιι</span> <span class='ocrx_word' id='word_1_492' title='bbox 150 4492 241 4556; x_wconf 68' lang='lat' dir='ltr'>anglic.</span> <span class='ocrx_word' id='word_1_493' title='bbox 267 4492 367 4544; x_wconf 82' lang='lat' dir='ltr'>Gobler.</span> <span class='ocrx_word' id='word_1_494' title='bbox 386 4499 410 4541; x_wconf 82' lang='lat' dir='ltr'>et</span> <span class='ocrx_word' id='word_1_495' title='bbox 427 4491 532 4542; x_wconf 78' lang='lat' dir='ltr'>feletan.</span> <span class='ocrx_word' id='word_1_496' title='bbox 553 4490 575 4540; x_wconf 87' lang='lat' dir='ltr'>l.</span> <span class='ocrx_word' id='word_1_497' title='bbox 594 4480 662 4543; x_wconf 74' lang='grc' dir='ltr'>όλιις</span> <span class='ocrx_word' id='word_1_498' title='bbox 714 4487 805 4539; x_wconf 80' lang='lat' dir='ltr'>ibidem</span> <span class='ocrx_word' id='word_1_499' title='bbox 824 4488 880 4551; x_wconf 68' lang='lat' dir='ltr'>fleg.</span> <span class='ocrx_word' id='word_1_500' title='bbox 900 4486 923 4536; x_wconf 92' lang='lat' dir='ltr'>l.</span> <span class='ocrx_word' id='word_1_501' title='bbox 942 4479 979 4541; x_wconf 77' lang='lat' dir='ltr'>ric</span> <span class='ocrx_word' id='word_1_502' title='bbox 995 4478 1124 4542; x_wconf 66' lang='lat' dir='ltr'>remla,</span> <span class='ocrx_word' id='word_1_503' title='bbox 1143 4477 1236 4534; x_wconf 69' lang='grc' dir='ltr'>εἰπεῖν.</span> 
     </span>
    </p>
   </div>
   <div class='ocr_carea' id='block_1_6' title="bbox 0 0 1501 5092">
    <p class='ocr_par' dir='ltr' id='par_1_14' title="bbox 0 0 1501 5092">
     <span class='ocr_line' id='line_1_45' title="bbox 0 0 1501 5092; baseline 0 0"><span class='ocrx_word' id='word_1_504' title='bbox 0 0 1501 5092; x_wconf 95' lang='lat' dir='ltr'> </span> 
     </span>
    </p>
   </div>
  </div>
 </body>
</html>
