2948 5092
548 226 692 269 srrsrom
709 227 726 268 r.
743 228 779 270 so
797 228 994 273 susurronum
1322 220 1381 282 743

153 389 216 452 tur,
239 378 362 458 quires
385 379 481 437 creata
503 395 564 436 uon
588 384 642 449 est,
666 378 807 438 sedeam
830 377 903 438 Filio
928 398 986 439 non
1010 398 1097 442 secus
1126 383 1301 446 coniunctus
1326 396 1467 460 osquam.

152 501 189 542 ac
213 481 278 559 ipse
300 479 391 540 Filius
412 498 479 539 cum
502 478 603 551 Patre,
632 480 681 557 qui
705 479 775 540 item
798 498 865 540 cum
887 480 974 541 Patre
997 490 1027 542 ct
1047 481 1122 542 Filio
1144 484 1324 559 honoratur,
1354 497 1385 550 et

152 601 224 644 eum
247 581 344 642 Verbo
367 581 446 644 [leus
469 581 655 659 agnoscitur,
679 600 816 642 necnon
840 601 873 642 ea
888 583 961 660 -ipsa
983 584 1058 662 agit,
1082 605 1156 664 quae
1179 605 1233 666 per
1256 588 1383 653 Verbum

150 683 244 746 Pater
259 683 357 756 efficit,
381 687 500 762 quires
522 691 618 743 creata
641 682 698 742 dici
720 683 825 761 possit,
848 683 905 744 nisi
929 684 964 744 ab
988 704 1023 745 ea
1046 686 1143 765 plane,
1167 689 1216 767 qui
1233 690 1261 749 in
1278 690 1384 754 Filium

151 785 254 866 ipsum
277 785 385 864 impius
408 782 520 845 luerit?
565 783 716 863 Siquidem
740 784 812 845 nihil
835 805 959 865 prorsus
983 796 1038 859 est,
1062 789 1142 867 quod
1163 808 1223 851 nou
1239 810 1292 870 per
1307 793 1382 854 Ver·

149 886 225 950 bum
248 888 297 948 liat
320 894 350 947 et
371 895 473 965 agatur
494 886 524 946 in
540 886 661 966 Spiritu,
685 888 931 966 quemadmodum
955 889 1043 951 etiam
1060 890 1089 950 in
1105 890 1231 952 Psalmis
1252 894 1381 956 canitur:

155 989 252 1076 Verbo
273 990 398 1052 Dorm'rri
420 988 495 1050 coeli
515 989 633 1069 firmati
654 1001 739 1062 suut,
769 1001 797 1052 et
820 989 938 1070 Spiritu
969 997 1031 1054 oris
1061 996 1123 1055 eius
1154 999 1249 1056 amuis
1280 999 1381 1058 uirtus
1422 982 1427 991 ¹

150 1109 270 1154 eorum.
315 1089 352 1150 Et
373 1090 404 1151 in
428 1091 588 1160 contesimo
612 1091 837 1170 quadragesimo
861 1093 987 1172 septimo
1009 1093 1143 1154 Psalmo:
1167 1094 1381 1176 Emittet·Ver-

150 1193 226 1256 bum
245 1211 335 1253 suum
357 1204 387 1254 et
407 1192 579 1274 liquefaciet
602 1212 645 1264 ea,
669 1194 757 1272 stabit
780 1193 913 1272 Spiritus
937 1198 999 1256 eius
1022 1205 1051 1256 et
1072 1197 1171 1274 fluent
1185 1216 1288 1277 aquae.
1333 1196 1381 1272 Et,

103 1332 113 1353 t
148 1303 185 1354 ut
216 1293 258 1355 ait
284 1294 460 1373 Apostolus,
496 1294 645 1355 iustilicati
678 1312 780 1357 sumus
815 1299 847 1356 iu
875 1301 994 1358 nomiae
1022 1296 1145 1359 Domim'
1177 1303 1279 1361 uestri
1309 1293 1381 1361 lesu
1424 1344 1430 1353 .

152 1393 273 1457 Christi
300 1405 326 1456 et
355 1399 385 1456 in
408 1395 529 1476 Spiritu
551 1396 609 1457 Dei
639 1401 749 1460 nostri.
794 1396 925 1476 Namque
954 1394 1081 1476 Spiritus
1110 1419 1126 1459 a
1154 1398 1250 1459 Verbo
1279 1398 1382 1477 nequit

149 1494 254 1557 dividi.
299 1497 435 1558 Proiecto
459 1516 523 1558 curn
548 1497 682 1559 Christus
706 1497 760 1559 ait:
787 1497 940 1560 Veru'emus
964 1518 1015 1579 eqo
1039 1511 1068 1562 et
1091 1499 1196 1573 Pater,
1220 1520 1277 1561 una
1301 1519 1379 1580 quo-

150 1616 211 1678 que
233 1597 323 1659 intrat
345 1599 474 1678 Spiritus
498 1617 557 1659 non
580 1600 637 1660 alio
660 1599 766 1674 modo,
795 1620 881 1679 quam
904 1601 996 1662 Filius
1019 1601 1049 1662 in
1073 1602 1160 1664 nobis
1182 1602 1378 1677 habitaturus,
1387 1616 1464 1663 naeu.

149 1708 185 1762 ut
201 1699 309 1762 Paulus
327 1701 361 1760 ad
384 1699 530 1779 Ephesios
555 1700 672 1761 scribit:
701 1700 739 1764 Ut
761 1701 809 1763 det
832 1704 916 1764 uobis
940 1704 1102 1764 secuudum
1119 1704 1239 1764 divitias
1261 1704 1379 1783 plurius

150 1820 242 1877 suae,
272 1807 385 1887 uirtute
407 1803 609 1864 corroborari
626 1822 684 1882 per
705 1802 857 1883 Spiritum
884 1809 947 1865 eius
970 1808 1003 1864 iu
1025 1789 1200 1866 interiorem
1223 1805 1380 1878 homiuem,

151 1902 309 1967 Christum
331 1904 476 1965 habitare.
520 1904 615 1963 Porro
639 1922 704 1964 cum
728 1902 820 1965 Filius
843 1905 873 1964 in
896 1904 984 1965 nobis
1006 1915 1062 1978 est,
1085 1905 1173 1967 Pater
1193 1925 1311 1985 quoque
1335 1906 1379 1967 si·

148 2002 214 2065 mul
237 2011 299 2076 est,
328 2014 361 2065 ut
382 2003 473 2065 Filius
501 2003 567 2083 ipse
596 2005 636 2065 ita
665 2013 805 2066 testatur:
836 2005 898 2085 Epo
926 2009 960 2067 in
982 2005 1074 2068 Patre
1102 2017 1131 2068 et
1154 2007 1245 2069 Pater
1268 2011 1299 2068 iu
1322 2026 1377 2068 me.

148 2105 228 2167 Hinc
250 2123 315 2167 cum
339 2104 466 2167 Verbum
489 2105 519 2165 in
543 2106 700 2186 Prophetis
722 2106 822 2179 adest,
851 2106 892 2167 illi
920 2108 1039 2187 inipso
1063 2108 1175 2187 Spiritu
1199 2120 1301 2170 sancto
1325 2128 1378 2171 va·
1458 2171 1460 2175 a

149 2206 320 2271 ticinantur.
366 2207 449 2267 Unde
472 2227 537 2267 eum
555 2208 707 2288 Scriptura
730 2207 814 2269 dicit:
838 2208 875 2269 Et
898 2210 1004 2270 lactum
1028 2218 1074 2270 est
1089 2209 1216 2270 Verbum
1239 2198 1277 2271 ad
1292 2210 1379 2273 talem

147 2309 347 2388 Prophetam‚
377 2309 457 2370 illum
487 2309 516 2369 in
540 2309 651 2389 Spiritu
674 2318 777 2371 sancto
801 2310 950 2371 vaticinari
973 2311 1126 2390 siguificat.
1171 2311 1243 2372 Nam
1268 2312 1297 2371 in
1321 2311 1400 2375 Za-.

149 2411 250 2472 charia
273 2411 416 2490 scripturn
440 2421 501 2472 est:
528 2412 734 2474 Verumtamen
753 2411 846 2475 Verba
862 2433 924 2474 mea
940 2424 968 2475 et
992 2413 1120 2492 lepitima
1136 2432 1202 2474 mea
1225 2416 1377 2493 suscipite,

147 2531 226 2593 quae
255 2530 306 2592 eqo
334 2513 443 2574 maudo
474 2519 504 2575 ira
527 2512 647 2594 Spiritu
676 2533 739 2577 mea
763 2519 860 2577 seruis
883 2518 955 2575 meis
980 2514 1149 2595 Prophetis.
1192 2513 1285 2573 Paulo
1308 2520 1380 2592 post
1467 2500 1470 2511 ¹

148 2615 239 2675 etiam
260 2614 402 2696 populum
426 2615 472 2675 his
495 2615 594 2675 verbis
619 2616 769 2696 obiurgat:
800 2616 837 2677 Et
861 2635 914 2678 eor
942 2635 1029 2678 suum
1054 2618 1237 2678 obstinatum
1259 2626 1377 2677 stutue-

148 2726 241 2788 runt,
265 2735 302 2777 rae
325 2718 466 2778 audirent
489 2715 581 2796 leqem
603 2737 696 2778 meam
724 2726 753 2779 et
775 2719 884 2788 verbu,
908 2735 983 2798 quae
1004 2722 1086 2781 misit
1107 2718 1256 2779 Dominus
1280 2717 1377 2778 amui-

143 2828 255 2897 poteus
278 2821 311 2878 iu
334 2816 529 2897 Spiritusne
552 2822 584 2879 in
606 2819 744 2882 manibus
759 2818 983 2899 Prophetarum
998 2823 1062 2881 eius
1082 2822 1236 2899 priorum.
1268 2817 1376 2878 Petrus

147 2919 220 2981 item
244 2918 274 2978 iu
295 2919 375 2979 dctis
399 2919 437 2980 ita
459 2919 603 2999 loquitur:
632 2920 694 2982 Viri
709 2923 837 2999 fratres,
862 2922 1020 3000 oportebat
1036 2921 1159 3001 impleri
1173 2918 1375 2999 Scripturuut,

148 3040 238 3103 quam
257 3022 414 3100 praeessu
429 3019 576 3099 Spiritus.
621 3020 713 3083 Simul
736 3041 805 3084 vers
829 3022 872 3083 sic
887 3021 1051 3083 clamabant
1064 3019 1217 3101 Apostoli;
1239 3020 1375 3094 Damius,

148 3127 202 3204 qui
221 3122 325 3200 fecisti
345 3121 459 3183 eoelum
482 3134 510 3183 et
534 3133 650 3184 terram
671 3136 700 3187 et
722 3143 806 3185 arare
830 3135 858 3186 et
882 3127 990 3195 amaia,
1015 3127 1136 3208 quaein
1158 3126 1199 3184 eis
1223 3133 1303 3192 suut,
1326 3123 1378 3202 qui

148 3223 272 3304 Spiritu
295 3233 400 3285 sauata
419 3242 478 3303 per
507 3243 539 3286 os
559 3229 661 3303 patris
685 3225 906 3292 uostrillaoid
924 3228 1017 3304 pueri
1038 3228 1085 3285 tui
1104 3225 1220 3285 dixisti.
1264 3221 1376 3284 Paulus

146 3442 255 3492 l'elslm.
267 3442 288 3490 l.
308 3457 352 3494 nec
371 3458 418 3491 nou
438 3450 520 3490 catena
540 3457 583 3490 ms.
604 3442 737 3504 inlocum,
823 3445 839 3492 i.
860 3444 914 3505 lleg.
926 3443 945 3491 l.
964 3443 1095 3502 etSrguer.
1115 3448 1140 3489 ut
1158 3443 1298 3491 etGraecus
1311 3441 1377 3491 Scri·

146 3511 217 3560 cuias
237 3510 344 3557 meminit
361 3507 546 3567 Polcltmaunus,
567 3511 654 3558 haireni
667 3502 738 3569 uiuri·
789 3520 873 3575 pturae
892 3519 968 3559 textus
989 3507 1036 3556 rori
1053 3503 1148 3573 νόμου.

146 3590 196 3626 σει.
234 3578 330 3626 Videtur
354 3586 432 3626 tumen
458 3578 583 3637 legendum
608 3571 736 3636 οἰκήσων,
822 3594 843 3640 g.
864 3570 947 3625 αὐτοῦ
966 3576 1020 3625 τῶν
1037 3578 1105 3626 deest
1123 3578 1145 3625 in
1166 3574 1255 3637 Rem.
1274 3575 1378 3625 basilei

146 3655 173 3696 ut
193 3647 215 3693 in
235 3645 288 3693 aliis
307 3655 330 3694 et
354 3647 424 3694 editis
448 3654 529 3696 exstat.
567 3646 618 3694 llos
638 3649 693 3708 lteg.
715 3647 737 3695 l.
789 3647 893 3696 Felcltm.
913 3645 935 3694 2.
963 3661 1034 3695 auou.
1072 3645 1121 3692 llos
1146 3635 1244 3708 ἄνδρες
1261 3634 1379 3707 ἀδελφοί
1405 3700 1409 3705 ,

146 3716 248 3774 Seguer.
268 3713 366 3763 Gobler.
391 3722 412 3761 et
436 3713 541 3762 Felctrm.
559 3714 578 3761 l.
605 3721 628 3761 ct
655 3722 737 3763 catena
789 3715 900 3764 omittunt
920 3713 1017 3761 Galilrr.
1035 3720 1058 3761 et
1076 3711 1212 3760 teretur.
1232 3726 1303 3761 soon.
1402 3747 1409 3759 .

146 3797 192 3831 ms.
212 3782 301 3830 babent
319 3775 367 3845 δῷ,
388 3781 444 3842 lleg.
460 3780 483 3828 2.
503 3773 587 3845 δαίσῃ,
607 3782 663 3829 editi
682 3796 737 3831 vero
823 3783 847 3831 h.
865 3782 905 3828 Sic
925 3782 978 3841 lless.
993 3781 1014 3828 1.
1032 3781 1133 3840 Seguer.
1152 3779 1224 3828 basil.
1243 3778 1340 3827 Gobler.
1354 3784 1379 3828 et

146 3849 229 3898 etalii
249 3839 304 3911 δῴη
325 3848 496 3910 utetlegitur
518 3850 540 3897 iu
560 3851 651 3898 Graeco
671 3849 737 3898 Seri·
788 3849 935 3897 Volumni.
961 3848 1049 3910 quibus
1072 3854 1205 3895 consonant
1233 3859 1290 3893 mss.
1309 3844 1376 3897 cod't·

145 3925 232 3981 ptureo
257 3924 329 3965 texto.
367 3916 457 3964 lbidem
476 3916 598 3977 duplicari.
623 3925 646 3963 et
664 3916 736 3964 basil.
788 3931 828 3965 ces
848 3916 900 3963 nori
918 3914 1064 3964 Testamenti
1083 3913 1256 3963 Alexandrinus
1275 3911 1378 3961 etOuur

118 3985 236 4034 ‚hebent
253 3977 321 4030 κατὰ
348 3977 378 4031 τὸ
397 3979 527 4037 πλοῦτος,
554 3992 579 4032 ut
603 3992 626 4031 et
651 3984 737 4044 legitur
788 3985 879 4032 niensis
904 3997 974 4030 unos.
1016 3981 1111 4030 Videtur
1142 3989 1221 4031 tameo
1249 3987 1379 4041 corruptus

144 4054 168 4101 in
194 4067 238 4102 ms.
273 4052 431 4100 hlcxaudr'mo
462 4055 514 4101 nori
542 4052 645 4099 Testem.
675 4051 736 4100 Edit.
788 4066 842 4099 esse
862 4051 928 4098 locos
947 4051 1141 4111 transpositoque
1153 4048 1223 4095 rerba
1240 4061 1268 4094 ec
1286 4047 1381 4100 amhae

145 4118 308 4169 urendum.
338 4113 544 4182 Basilirraeterea
564 4134 608 4182 pro
627 4116 674 4176 τῆς
693 4110 736 4165 dti-
788 4119 935 4182 praepositio
962 4108 1022 4169 διά,
1051 4118 1161 4177 forteque
1185 4115 1263 4175 possit
1286 4114 1317 4190 ita
1336 4127 1377 4190 rq-
1439 4116 1443 4121 “

143 4184 191 4246 fus
209 4188 281 4236 babet
301 4185 346 4245 τῆς
360 4183 483 4252 χάριτος.
787 4186 868 4235 stitui:
887 4177 901 4231 ὁ
920 4178 966 4231 διὰ
984 4175 1138 4247 πνεύματος
1155 4173 1235 4244 ἁγίου
1253 4174 1300 4228 dtu
1315 4191 1377 4227 ure·

179 4256 203 4304 d.
222 4250 270 4303 καί
287 4257 355 4304 abest
373 4272 385 4304 a
405 4255 502 4305 Goblcr.
522 4264 543 4302 et
563 4254 702 4318 Polemi.
786 4266 874 4318 ματος
905 4251 951 4299 τοῦ
983 4243 1088 4316 πατρὸς
1117 4242 1195 4313 ἡμῶν
1219 4242 1308 4310 (lapid
1330 4256 1376 4301 stc,

178 4339 199 4373 e.
219 4324 277 4385 llcg.
289 4323 308 4371 l.
320 4334 343 4372 ct
357 4315 561 4385 Segrreriau.yrip
581 4323 619 4369 hic
637 4322 736 4381 addunt,
787 4322 844 4369 llirs
864 4329 942 4370 autern
962 4321 1008 4368 hoc
1027 4320 1049 4366 in
1069 4318 1123 4365 loeo
1142 4325 1179 4365 est
1198 4317 1298 4365 varietas
1317 4329 1375 4365 mss.

141 4393 183 4440 stit
209 4400 233 4441 et
260 4391 318 4440 editi
342 4393 460 4440 omittant.
503 4390 575 4437 lidem
602 4390 656 4450 Peg.
674 4391 694 4437 l.
714 4397 737 4437 et
788 4389 896 4437 codicum
916 4390 968 4437 nari
987 4387 1142 4442 Testamenti,
1161 4393 1186 4433 ut
1203 4391 1269 4447 patet
1286 4383 1375 4432 exedi-

141 4460 215 4523 Scssu.
232 4460 370 4524 paulopost
381 4449 736 4522 omittuntsoisdeilotapaeu.
787 4457 854 4507 tione
871 4457 1000 4513 Quouiensi
1021 4452 1093 4502 toto.
1128 4451 1172 4501 ant
1196 4452 1259 4503 euim
1277 4452 1313 4500 sic
1331 4451 1389 4505 bu·
