2948 5092
443 306 559 352 conam
572 306 790 351 nonunamon
804 307 894 352 aman
907 309 928 352 r.
963 318 967 322 ·
1228 294 1290 361 877,
1335 302 1340 311 “

66 460 256 538 Quamquam
289 470 380 519 unum
415 459 455 520 sit
481 477 590 536 corpus
618 457 789 531 amborum,
808 460 901 539 ¹quod
931 468 1076 539 qnatenus
1097 462 1224 540 Spiritus
1247 450 1378 527 astro.

60 562 215 641 particeps
238 560 390 640 spirituale
411 559 534 639 intelligi
557 559 697 632 ostendit,
721 570 867 639 quatenns
891 570 989 623 autem
1011 563 1041 624 in
1064 563 1196 642 potentia
1211 565 1294 626 dun-.

64 672 148 725 taxat
173 663 289 724 animae
317 661 474 734 immanet,
497 661 623 724 animale
643 662 715 724 illud
737 662 875 724 declarat.
921 664 1116 736 Conantem,
1148 665 1173 726 si
1194 666 1234 726 ita
1256 684 1293 727 se
1371 744 1375 752 A

63 783 119 826 res
149 763 239 825 habet
265 771 297 825 ut
325 782 378 824 vos
407 763 522 835 dicitis,
553 783 615 825 non
643 764 735 825 homo
760 773 872 827 tantum
894 765 1001 826 dicitur
1024 766 1175 839 Christus,
1205 766 1290 844 quasi

21 850 28 867 ’
63 885 165 927 novus
193 865 312 943 quidam
340 866 448 938 homo,
485 866 535 945 qui
564 866 601 928 de
623 865 711 935 caelis
734 867 900 939 advenerit,
934 867 987 927 sed
1011 876 1037 928 et
1061 867 1138 928 lilius
1161 867 1291 930 hominis

63 970 161 1031 factm
184 965 253 1029 est?
287 962 334 1027 'Si'
351 966 441 1045 igitur
461 966 494 1027 in
515 975 595 1029 terra
616 968 711 1030 lectus
734 976 782 1028 est
803 969 880 1029 tilius
904 968 1050 1041 hominis,
1080 968 1149 1029 licet
1169 985 1231 1028 non
1254 988 1291 1033 ex
1384 1018 1386 1023 .
1426 997 1430 1002 ·

63 1068 267 1141 seminandi,
290 1068 345 1130 sed
367 1088 402 1130 cx
425 1068 537 1147 Spiritu
561 1076 665 1130 sancto
686 1078 774 1131 natus
798 1070 847 1142 sit,
870 1070 1050 1149 Protoplasti
1072 1071 1121 1150 qui
1144 1090 1222 1132 unus
1245 1080 1294 1134 est

62 1171 159 1233 Adam
186 1170 263 1232 lilius
292 1170 481 1249 intelligetur.
524 1168 627 1249 Neque
649 1171 727 1233 enim
750 1182 868 1250 praeter
888 1171 1048 1245 hdamum,
1076 1172 1126 1251 qui
1149 1192 1184 1234 ex
1208 1182 1286 1235 torm

63 1280 126 1346 est,
146 1273 222 1343 alius
243 1271 388 1351 quispiam
411 1272 577 1350 descriptus
601 1273 770 1345 esthemo,
793 1273 843 1352 qui
865 1273 896 1334 in
919 1274 999 1335 eaelo
1021 1274 1120 1345 luerit,
1144 1282 1177 1334 ut
1199 1283 1228 1334 et
1250 1292 1287 1335 ex

62 1375 154 1436 caelis
176 1392 286 1453 corpus
309 1373 416 1436 habeat
437 1373 585 1445 Christus,
608 1382 637 1435 et
659 1374 736 1436 lilius
758 1375 889 1436 hominis
913 1376 953 1437 sit
974 1395 1009 1437 ex
1032 1375 1088 1437 alio
1111 1375 1282 1436 abhdamo.

63 1475 255 1554 Quapropter
275 1475 440 1544 Matthaeus
464 1475 583 1553 quidem
605 1475 697 1537 tilium
712 1475 859 1536 Abraham
882 1483 912 1536 et
932 1476 1025 1537 David
1046 1477 1128 1538 illum
1150 1477 1317 1539 describit·

62 1576 230 1638 secundum
258 1593 392 1648 carnem,
414 1575 511 1637 Lucas
542 1595 611 1636 vero
635 1595 702 1639 oum
723 1577 802 1638 Adae
827 1586 857 1638 ct
877 1577 931 1638 Dei
953 1578 1059 1639 Filium
1083 1588 1210 1640 enarrat.
1255 1579 1287 1640 Si

59 1678 164 1757 itaque
184 1677 410 1756 Evangeliorum
432 1678 569 1756 discipuli
593 1677 678 1751 estis,
700 1696 738 1738 ne
759 1677 924 1756 loquamini
948 1678 1091 1740 adversus
1113 1679 1206 1741 Deum
1229 1680 1289 1740 ini-

59 1779 219 1859 quitatem,
252 1778 305 1840 sed
327 1779 496 1857 Scripturas
526 1798 633 1857 resque
661 1787 760 1859 gestas
790 1780 955 1841 sectamini.
1001 1780 1089 1852 Quod
1117 1781 1143 1844 si
1171 1791 1290 1860 praeter

58 1899 109 1959 ga,
132 1897 207 1958 quae
229 1880 337 1958 scripta
359 1889 444 1951 sunt,
467 1880 522 1942 alia
544 1881 625 1959 loqui
646 1881 677 1942 in
700 1881 798 1943 animo
823 1881 877 1955 sit,
900 1900 954 1942 cur
976 1881 1132 1944 adversum
1155 1900 1212 1943 nos
1235 1881 1290 1969 de-

59 1981 192 2053 certatis,
215 1981 267 2060 qui
288 1981 366 2044 nulla
388 1982 490 2043 audire
511 1983 556 2043 vel
579 1978 678 2062 eloqui
704 1984 887 2044 sustinemus
910 1992 1029 2062 praeter
1050 2003 1094 2054 ea,
1118 2002 1193 2062 quae
1209 1983 1287 2046 scri·

56 2092 112 2163 pta
133 2081 229 2144 sunt?
246 2065 323 2145 'cum
344 2083 489 2145 Dominus
512 2083 604 2146 dicat:
633 2083 669 2147 Si
686 2089 863 2147 manseritis
887 2089 920 2146 ιἰι
941 2104 1080 2148 sermone
1101 2104 1182 2157 meo,
1211 2104 1282 2147 nere

58 2183 154 2247 liberi
173 2188 271 2247 eritis.

100 2326 106 2339 ·
146 2289 177 2351 9.
223 2287 289 2359 Quo
317 2295 403 2365 pacto
432 2287 522 2366 igitur
537 2295 601 2349 ¹aut
621 2287 739 2349 Fideles
768 2296 819 2349 aut
840 2288 999 2349 Christiani
1020 2286 1204 2362 habeamini,
1234 2289 1284 2368 qui

55 2405 158 2466 neque
179 2388 342 2449 secundum
364 2388 452 2450 rerba
474 2390 646 2467 Scripturas
666 2389 818 2462 inceditis,
848 2409 944 2469 neque
965 2389 1055 2451 rebus
1079 2391 1171 2467 gestis
1193 2389 1282 2452 tidem

55 2490 193 2563 habetis,
220 2491 275 2551 sed
301 2491 416 2553 audetis
439 2509 487 2564 ea,
517 2509 592 2569 quae
613 2510 702 2571 supra
725 2501 859 2552 naturam
882 2498 967 2563 sunt,
998 2489 1143 2551 deliniret
1188 2490 1372 2554 Νιιιιι-ιοιι.

54 2593 132 2676 quid
154 2611 268 2671 porum
297 2593 381 2655 nobis
411 2603 455 2655 tot
482 2593 626 2655 molestos
645 2612 709 2656 ιιιι
732 2594 920 2663 bominibus,
945 2606 973 2656 et
997 2612 1053 2654 cur
1073 2592 1195 2654 molesti
1215 2597 1287 2655 eatis

54 2692 214 2758 Domino?
256 2693 330 2755 Nam
358 2694 385 2756 si
413 2694 463 2772 qui
491 2694 650 2774 Prophetis
679 2713 740 2756 non
769 2695 960 2755 crediderunt
987 2693 1174 2754 condemnati
1209 2702 1290 2769 suut,

55 2802 170 2874 quanto
197 2795 297 2874 magis·
317 2795 366 2873 qui
395 2814 455 2856 non
485 2795 665 2857 crediderint
686 2797 744 2875 ipsi
766 2794 919 2858 Domino?
965 2795 1083 2856 Etenim
1114 2814 1190 2874 quae
1222 2795 1290 2874 ipse

52 2888 149 2958 voluit
171 2905 202 2958 et
223 2915 298 2974 quae
319 2896 385 2975 ipse
406 2897 549 2959 arbitratu
571 2916 627 2959 suo
651 2897 711 2977 egit
733 2898 769 2959 ad
793 2898 1015 2975 abrogationem
1029 2896 1144 2975 peccati
1159 2904 1190 2956 et
1204 2912 1288 2956 mor-

55 2998 107 3070 tis,
131 2998 263 3059 curalio
286 3006 315 3059 et
336 2996 569 3060 diverso‘modo
593 3017 731 3061 enarrare
755 3007 805 3061 aut
827 2998 957 3076 cogitare
978 2985 1121 3059 audetis?
1165 2997 1197 3058 Si
1212 3015 1288 3058 con·

55 3100 177 3161 fitcmur
199 3118 277 3170 eum,
300 3107 330 3158 et
350 3099 416 3178 ipse
439 3100 627 3164 confitebitur
647 3119 715 3174 nos,
740 3100 764 3161 si
781 3117 935 3178 negamus,
960 3107 990 3159 et
1004 3099 1070 3176 ipse
1086 3116 1144 3158 nos
1160 3097 1289 3176 negabit,

55 3202 84 3264 si
107 3201 195 3262 tidem
216 3200 259 3261 illi
280 3219 343 3262 uon
364 3201 518 3274 babemus,
541 3202 591 3263 ille
612 3201 708 3264 tidelis
724 3209 833 3275 manet,
856 3200 990 3279 seipsum
1006 3199 1085 3260 enim
1105 3216 1214 3277 negare
1231 3216 1288 3263 ne·
1375 3202 1376 3206 ’

54 3303 131 3383 quit.
176 3302 330 3374 Quaenam
351 3302 441 3381 igitur
461 3303 633 3368 huiusmodi
654 3312 750 3365 restra
768 3300 1059 3373 immensastultitia‚
1079 3313 1111 3361 ut
1125 3299 1290 3379 loquamini

55 3423 134 3484 qnae
154 3403 264 3483 scripta
285 3422 347 3466 non
370 3413 455 3477 sunt,
484 3413 514 3467 et
541 3406 590 3466 illa
620 3405 773 3478 sentiatis,
809 3422 884 3483 quae
906 3403 1002 3465 aliena
1025 3410 1098 3464 sunt
1119 3421 1136 3463 a
1156 3398 1289 3481 pietate?

53 3505 174 3568 Etenim
196 3523 315 3567 carnem
336 3490 486 3568 Divinitati
509 3507 788 3569 consubstantialem
811 3506 910 3567 dicere
933 3503 1068 3578 audetis,
1098 3521 1159 3564 non
1182 3502 1289 3563 adrer-

55 3616 156 3669 tentes
189 3607 220 3668 in
247 3598 395 3687 dupliceni
421 3627 474 3670 vos
504 3609 645 3673 incidisse
671 3609 865 3688 impietatem.
909 3607 1023 3668 Idcirco
1058 3605 1135 3666 enim
1159 3605 1190 3664 in
1211 3604 1290 3664 hano

55 3709 236 3772 sententiam
258 3710 389 3773 animum
410 3710 583 3789 appulistis,
612 3720 646 3774 ut
670 3711 717 3773 vel
739 3727 863 3772 carnem
884 3707 1001 3787 negetis
1023 3706 1069 3766 vel
1090 3706 1122 3766 in
1143 3703 1288 3765 Deitatem

91 3933 108 3980 l.
128 3932 352 3990 ltoSegnerianns‚
371 3944 441 3994 quem
460 3931 536 3980 secuti
555 3944 647 3979 sumus.
701 3931 724 3978 in
744 3943 791 3991 qno
810 3937 835 3976 ut
854 3937 876 3976 et
895 3929 918 3977 in
938 3927 1008 3976 editis
1027 3915 1101 3988 αὐτῷ
1119 3923 1195 3973 deest.
1224 3922 1289 4001 lnlrp
1351 3966 1355 3971 .

54 3998 119 4048 Editi
137 3993 233 4060 λέγειν.
272 3997 347 4045 Paulo
372 4007 427 4060 poet
446 3999 606 4047 Goblerianus
625 4005 648 4046 et
700 3997 800 4056 Seguer.
826 3996 924 4046 Gobler.
947 4004 970 4043 et
988 3994 1092 4042 Felclm.
1113 3991 1136 4040 l.
1154 3984 1288 4053 ἱτέρωνη

54 4065 196 4116 folchml.
216 4056 401 4130 inadipatis.
439 4065 490 4114 blox
508 4066 648 4125 Segnerian.
700 4059 787 4128 λέγειν
805 4053 830 4122 ἦ.
1118 4116 1125 4135 ,
1153 4117 1161 4134 ‚

55 4134 156 4185 Gobler.
175 4132 279 4181 Felelrm.
293 4132 315 4180 1.
335 4141 358 4181 et
377 4133 481 4182 Graecus
500 4133 647 4195 Scripttex·
718 4134 749 4180 ·i.
775 4131 872 4181 Gobler.
892 4137 915 4178 et
934 4128 1037 4176 l'elolm.
1051 4128 1073 4175 l.
1094 4138 1186 4173 αοτον.

53 4209 94 4251 tus
113 4193 218 4248 ἔσεσθε.
258 4200 318 4248 Editi
338 4193 407 4248 ἔστι.
734 4201 754 4247 Ιι.
775 4198 873 4260 Segner.
891 4190 1046 4260 γινομένην.
1078 4191 1171 4270 lbjdeqn
1190 4191 1291 4267 sequar.

89 4283 112 4329 g.
132 4267 165 4317 lta
185 4269 324 4328 Segnerian.
344 4267 442 4318 Gobler.
462 4275 486 4316 et
503 4266 645 4315 Felclrm.1.
700 4268 798 4316 Goblor.
816 4265 920 4314 Fclclm.
935 4265 955 4311 l.
971 4262 1287 4322 etangtsavanaraw.
1342 4280 1346 4287 v

51 4336 118 4386 Editi
142 4350 198 4384 vero
219 4327 248 4381 οἱ
268 4327 337 4399 μήτε
361 4334 419 4386 τοῖς
441 4329 645 4412 γεγραμμένοις
699 4335 761 4382 Editi
778 4348 833 4383 vero
852 4340 875 4381 et
894 4332 933 4380 alii
952 4324 1002 4388 τὴν
1020 4320 1188 4386 ἀπάντησιν,
1216 4326 1289 4375 dubia

50 4396 226 4468 πειθόμενοι,
244 4396 313 4467 μήτε
332 4403 389 4456 τοῖς
405 4413 646 4467 γενομενοιςοτοι·
698 4401 779 4451 lectio.

45 4469 176 4537 χοῦνιες.
734 4471 750 4516 Ι.
768 4470 867 4530 Segner.
888 4467 985 4518 Gobler.
1004 4463 1179 4514 altercant.
1196 4456 1289 4523 λέγον-

87 4538 115 4588 h.
132 4539 174 4590 Sic
196 4552 282 4591 omnes
304 4552 366 4592 mss.
383 4546 480 4605 praeter
496 4537 649 4601 heloim,
699 4548 743 4592 τις
759 4529 888 4601 dirigas
905 4528 954 4583 τὸν
967 4520 1285 4599 enuptmtpootaor.
