2948 5092
453 241 561 293 moro
576 241 609 286 u.
625 216 741 287 obscur
754 243 890 293 numos,
1224 230 1287 299 sot

65 374 150 479 fist.
187 378 349 474 Non'crgo
371 400 496 473 propter
518 392 649 472 seipsum
671 393 761 469 veuit,
784 393 837 457 sed
858 403 981 476 propter
1002 403 1136 459 nostrum
1151 394 1374 481 salubrium

66 516 117 561 mcc
137 514 205 560 mom
225 504 260 558 ut
277 503 408 559 mortem
430 494 608 568 destrueret,
629 503 782 574 peccatum
804 497 1024 572 condemnaret,
1046 496 1289 571 caecirideremt.

64 616 227 679 omoeoque
249 595 414 660 emortuis
436 595 644 661 excitarentur.
688 597 777 670 Quod
805 597 914 660 sinon
936 609 1058 678 propter
1080 599 1213 678 scipsum
1236 582 1292 686 sed

63 707 188 781 propter
209 717 267 764 uos
288 698 379 773 remit,
402 717 464 761 mom
486 697 576 778 igitur
597 697 644 786 sui
665 698 721 761 sed
741 700 839 761 noemi
861 719 950 763 oeueo
972 710 1097 763 meatur.
1143 700 1177 765 Si
1197 716 1290 788 perro

64 819 122 871 mom
144 809 272 882 propter
292 800 425 881 seipsum
447 799 501 862 sed
522 807 647 880 propter
666 818 724 863 moe
746 809 872 875 creetur,
894 820 956 863 uon
974 819 1047 882 crgo
1062 801 1128 882 ipse
1141 808 1189 866 est
1202 802 1316 869 crees

66 910 121 976 tue,
144 902 201 965 sed
217 910 326 965 ‘nostre
348 909 480 965 assumo
503 920 591 964 cerne
612 901 686 965 boec
707 901 754 964 illo
777 905 827 964 ait
865 902 953 976 Quod
975 912 1071 966 auum
1094 903 1121 964 ie
1144 902 1185 968 sit
1207 900 1291 988 Scrif

64 1012 219 1083 ptumum
241 1021 366 1078 seusus,
395 1003 464 1065 licet
485 1003 522 1066 eb
543 1003 841 1084 Apostolodiscere,
864 1005 914 1084 qui
937 1004 1063 1084 epistole
1084 1003 1120 1065 cd
1138 1003 1291 1084 Ephesios

64 1105 101 1167 ite
129 1104 254 1167 scribit:
294 1105 358 1180 Qui
384 1107 513 1168 medium
535 1109 615 1189 cepti
637 1109 786 1185 parictem
815 1107 925 1183 diruit,
959 1125 1024 1167 cum
1052 1108 1238 1168 inboioitr'oor
1258 1106 1293 1167 ite

67 1225 157 1281 com
180 1225 248 1279 ouo,
271 1205 363 1296 leuem
382 1207 599 1269 mendosorum
619 1211 652 1269 in
673 1207 810 1279 deuotio
834 1207 1002 1287 obrooooit,
1024 1219 1061 1270 ut
1082 1207 1157 1269 door
1169 1214 1293 1271 ‘creare

66 1313 93 1369 in
108 1311 273 1389 maiore
295 1312 329 1370 io
349 1327 446 1370 orrum
467 1326 579 1370 nouum
602 1308 755 1380 bomibcm,
778 1310 894 1389 [oriem
913 1328 1032 1390 pacem..
1074 1307 1161 1379 Quod
1183 1307 1210 1369 si
1232 1307 1291 1373 duo

65 1408 92 1470 io
112 1408 168 1470 illo
197 1417 351 1482 creantur,
385 1409 434 1488 qui
465 1417 494 1470 et
516 1409 577 1470 sint
599 1408 628 1471 in
649 1409 746 1488 ipsius
776 1428 918 1489 corpore,
951 1426 1013 1471 mon
1034 1408 1182 1471 immerito
1203 1409 1294 1488 igtur

67 1511 139 1573 duos
163 1511 197 1572 im
220 1528 254 1572 se
274 1511 374 1573 lcreus
397 1511 462 1591 ipsc
485 1529 604 1591 quoque
626 1511 710 1590 quasi
733 1519 849 1574 oreatus
868 1519 924 1574 est.
967 1510 1100 1589 Namque
1122 1519 1238 1592 mestos
1260 1510 1294 1591 im

67 1611 167 1692 seipso
190 1611 359 1685 coniunxit,
391 1612 507 1692 etipse
529 1612 559 1673 im
583 1611 640 1674 illis
670 1620 747 1686 met,
781 1612 870 1676 veluti
893 1612 944 1674 illi.
990 1611 1041 1673 Sic
1060 1630 1153 1691 porro
1175 1612 1293 1677 duobus

66 1712 91 1774 iu
112 1713 168 1775 illo
191 1713 298 1776 creatis
320 1713 420 1775 dicere
441 1714 569 1782 mraxime
598 1714 625 1775 ei
654 1715 807 1777 conveniti
844 1715 991 1776 llomious
1022 1719 1136 1778 crcooit
1157 1733 1212 1779 ore.
1254 1713 1295 1778 llt

66 1815 144 1876 emim
167 1813 281 1876 uostris
303 1797 524 1877 infirmitatibus
546 1817 695 1897 susceptis
716 1816 781 1896 ipse
802 1816 936 1878 infirmus
959 1833 1028 1877 esse
1050 1814 1165 1893 dicibu,
1187 1835 1293 1896 quen-

67 1917 107 1979 ris
131 1916 270 1977 infirmus
292 1935 352 1978 mon
376 1917 431 1992 sit,
460 1917 570 1999 quippe
592 1917 643 1997 qui
665 1918 705 1981 sit
725 1917 777 1980 Dei
800 1918 912 1992 uirtus,
942 1917 1068 1979 utitem
1089 1920 1296 1995 peccatum-et

68 2017 235 2080 maledictio
258 2037 313 2098 pro
336 2018 424 2081 uobis
446 2021 540 2081 lectus
571 2028 633 2092 est,
664 2019 732 2082 licet
758 2020 825 2100 ipse
845 2038 907 2081 uon
929 2018 1111 2098 peccaverit,
1143 2016 1199 2080 sed
1226 2014 1296 2094 quir

69 2119 130 2199 ipsc
153 2128 273 2199 peccate
296 2129 400 2183 mostra
423 2132 453 2183 et
475 2122 710 2185 maledictionem
732 2124 878 2202 portevin
900 2122 940 2184 ite
955 2141 1011 2184 mos
1027 2123 1057 2183 in
1074 2120 1174 2200 seipso
1191 2133 1295 2181 cresus

69 2230 147 2284 recte
169 2221 293 2283 dixerit:
318 2210 433 2286 ocavit
453 2244 499 2287 mc
519 2228 553 2286 io
575 2243 679 2306 opero,
702 2223 770 2287 licet
791 2225 856 2303 ipsc
878 2233 996 2286 creetus
1017 2241 1079 2284 nou
1101 2222 1163 2285 sit-

78 2568 84 2576 -
152 2527 206 2589 56.
250 2523 322 2585 Nam
352 2523 395 2598 si,
429 2532 462 2585 ut
488 2525 529 2586 illi
551 2527 699 2601 sentiunt,
733 2527 816 2606 quasi
847 2535 951 2588 matura
974 2524 1062 2586 Verbi
1084 2530 1182 2585 create
1204 2528 1294 2604 essct,

68 2625 151 2691 dicit:
177 2625 325 2688 Dominus
349 2631 464 2689 creavit
485 2646 540 2698 me,
564 2636 596 2689 ut
617 2636 688 2707 pote
711 2628 761 2707 qui
784 2628 823 2689 sit
847 2636 972 2698 creatus,
996 2645 1067 2687 sono
1090 2643 1152 2689 non
1172 2629 1297 2703 propter

67 2744 122 2788 uos
146 2735 264 2789 creatus
287 2729 343 2788 erit
365 2727 519 2790 dicendus.
564 2728 596 2790 Si
626 2748 698 2791 uero
720 2729 769 2790 ille
791 2738 916 2809 propter
937 2746 994 2789 uos
1016 2745 1078 2787 nom
1101 2734 1147 2788 est
1169 2732 1295 2797 creatus,

68 2827 188 2908 inipso
216 2847 275 2890 nen
305 2830 395 2890 crecti
424 2848 546 2903 sumus3
579 2831 659 2909 quod
690 2831 717 2891 si
739 2830 769 2892 iu
793 2830 844 2891 illo
867 2829 958 2891 creati
986 2846 1047 2888 non
1076 2845 1195 2898 sumus,
1229 2843 1297 2889 eum

67 2931 156 3010 igitur
178 2949 240 2991 non
263 2930 403 2992 innubis
426 2931 478 2992 sed
502 2940 585 2993 crtrs
607 2951 663 2994 nos
678 2931 867 3004 haberemus,
891 2937 923 2990 ut
938 2930 964 2992 si
979 2928 1118 2990 nimirum
1132 2926 1297 2990 docuinam

68 3032 102 3093 ob
133 3051 172 3093 eo
202 3039 339 3110 tanquam
370 3051 387 3093 a
415 3033 557 3110 magistre
591 3033 821 3111 accepissemus.
867 3030 955 3103 Quod
984 3029 1010 3090 si
1033 3030 1074 3090 ite
1095 3028 1132 3089 de
1153 3027 1242 3089 nobie
1263 3028 1298 3089 s'c

68 3153 115 3196 rcs
138 3120 246 3204 babet,
276 3133 380 3212 procul
403 3133 494 3195 dubio
518 3134 615 3195 cornis
637 3142 790 3213 peccaturo
812 3131 1007 3194 nibilominus
1029 3147 1116 3209 quam
1137 3137 1224 3191 entca
1245 3145 1296 3190 rev

69 3253 158 3314 gnare
187 3239 377 3314 perseverat,
409 3254 465 3296 nec
492 3255 528 3296 cr
550 3236 598 3297 illa
632 3236 787 3314 expulsum
816 3243 871 3296 est.
916 3234 1022 3295 Verum
1050 3231 1096 3292 his
1124 3230 1380 3292 adversam-⁵²¹·

68 3335 249 3415 Apostolus,
272 3337 322 3414 qui
344 3336 432 3415 paulo
455 3346 523 3398 unte
545 3338 585 3397 ita
608 3338 662 3397 ait:
696 3337 799 3418 Ipsius
822 3339 899 3397 cuim
922 3354 998 3415 opus
1021 3352 1125 3396 sumus
1150 3335 1246 3394 crecti
1265 3334 1298 3392 iu

70 3438 195 3500 cbristo
218 3435 298 3498 lecu.
345 3437 376 3498 Si
406 3456 477 3516 crgo
506 3456 563 3498 nos
592 3439 623 3500 im
645 3437 765 3500 Christo
789 3436 879 3498 crecti
902 3454 1022 3509 sumus,
1056 3453 1116 3496 mom
1140 3433 1228 3513 igitur
1248 3431 1298 3493 ille

68 3600 88 3638 et
107 3592 133 3639 5.
171 3591 201 3638 lt
224 3588 297 3641 lircil.
318 3598 341 3638 ct
364 3590 456 3651 lnglic.
482 3584 537 3656 ἄρα
554 3586 662 3654 λέγεται
710 3591 774 3640 etl.
792 3585 901 3653 λεγέτω.
938 3590 994 3651 Reg.
1017 3583 1096 3651 λέγει.
1132 3585 1194 3635 liditi
1214 3592 1238 3637 et
1256 3583 1298 3634 elii

66 3655 176 3722 φορῶν.
215 3657 304 3706 Omnes
329 3672 386 3707 mss.
412 3659 499 3706 ibidem
520 3659 608 3708 hebent
625 3651 662 3712 rie
711 3654 823 3722 λέγεται.
859 3648 903 3705 ὅτι
930 3657 1017 3706 ibidem
1042 3656 1111 3704 deest
1134 3655 1157 3703 in
1176 3653 1250 3715 liegio
1275 3657 1300 3705 et

66 3717 151 3777 odric
168 3717 236 3772 ἔστι.
272 3725 334 3773 Editi
359 3716 413 3790 ἄρα
431 3722 537 3788 λέγεται
555 3719 591 3778 ὥς
609 3740 661 3790 ‹po-
712 3727 815 3776 l'elelm.
836 3725 859 3773 5.
896 3725 995 3785 Seguer.
1015 3723 1070 3771 ilem
1089 3722 1146 3771 ibid.
1164 3714 1203 3773 εἷς
1218 3712 1296 3786 ἔργα.

64 3792 124 3855 ρῶν
144 3786 210 3844 τοὺς
227 3783 275 3838 delo
293 3784 323 3840 ἐν
341 3784 424 3857 αὐτῷ,
445 3784 594 3846 obededon
605 3807 661 3842 κτι-
745 3808 768 3855 g.
786 3795 826 3842 Sic
844 3794 945 3852 Seguer.
964 3791 1061 3842 Gobler.
1080 3790 1185 3838 Felclm.
1201 3789 1223 3838 1.
1240 3788 1263 3837 4.
1273 3787 1300 3836 b.

64 3855 153 3912 oeric.
191 3860 282 3920 loglic.
301 3868 324 3909 et
343 3861 398 3923 llcg.
418 3862 474 3910 ibid.
494 3854 636 3926 ἐνὶαυτῷ.
711 3869 733 3909 et
754 3863 809 3921 lter.
845 3859 893 3909 Sed
912 3859 969 3921 lieg.
995 3864 1018 3906 et
1036 3857 1144 3934 ΡεΙοΙιιι]ὦ
1159 3857 1183 3906 5.
1201 3847 1226 3905 εἰ
1244 3847 1299 3933 ἔρα

710 3919 804 3975 αὐτοῦ.
846 3928 924 3976 Editio
949 3924 1093 3975 Commelim.
1117 3936 1141 3973 ει
1160 3935 1299 3989 ομεναρα

711 3985 1124 4127 ἴξῖῗῖἕῖἕῖἓῖπέῗῖηἴῖρῗι
1141 3982 1296 4108 ‘ibiibi'

98 3979 122 4011 e.
142 3962 185 4009 Sic
209 3961 308 4021 Seguer.
333 3969 356 4008 ot
374 3961 430 4021 urg.
467 3963 494 4010 lt
513 3963 617 4012 lelclrru.
636 3961 659 4012 2.

63 4040 89 4081 et
106 4031 185 4078 editio
197 4028 314 4077 Commel.
327 4018 398 4075 οὕτω
417 4024 465 4076 δύο
483 4026 660 4079 κτισθέντων.

61 4099 247 4227 iiif'iffi
265 4090 660 4233 llllbilbllossiill
712 4120 966 4263 {liffei‘ibbifoe
984 4123 1017 4187 δὴ
1037 4120 1121 4193 ἡμῶν·
1150 4126 1227 4177 coeti
1240 4138 1298 4174 mu·

102 4266 120 4314 l.
140 4265 242 4325 Seguer.
266 4264 322 4327 lieg.
348 4264 420 4314 basil.
447 4268 537 4328 Anglic.
563 4267 660 4316 Gobler.
746 4267 769 4315 b.
788 4258 1033 4328 Segoerzissoroo'ieue
1049 4258 1179 4328 μένουσα.
1208 4260 1300 4310 ibidem

63 4332 175 4382 Felclmr.
198 4331 219 4379 l.
239 4340 262 4381 ct
279 4331 303 4381 l.
327 4324 481 4395 ἕβάσταξεν.
529 4335 608 4384 Ceteri
637 4342 661 4383 et
712 4335 784 4383 iidem
803 4342 827 4383 et
844 4335 983 4385 Goblerirm.
1001 4332 1106 4382 Fclclrm.
1127 4333 1149 4381 t.
1168 4336 1192 4379 et
1209 4329 1233 4377 l.
1252 4318 1297 4376 ἀπ’

66 4398 128 4449 edili
146 4391 304 4461 ἐβάστασεν.
340 4394 659 4466 lbid.chuer.irduuzqi.
712 4393 802 4460 αὐτῆς.
1287 4420 1291 4431 ·

66 4468 132 4529 lterm
155 4469 245 4518 ibidem
269 4468 371 4531 Seguor.
395 4469 493 4520 Goblcr.
511 4470 659 4535 toleror.
745 4470 762 4520 i.
779 4469 881 4532 Sessuer.
898 4461 929 4519 ἐν
945 4466 984 4532 τῷ
997 4464 1115 4534 χριστῷ.

1042 4548 1098 4601 26*
