2948 5092
450 253 948 303 conrmnrommamunmmn.
1243 247 1306 313 att

77 412 178 471 moria
201 414 273 468 erat.
316 405 477 485 Postquam
500 414 598 467 autem
620 405 673 468 llei
694 405 865 468 mandatum
886 418 1092 487 transgressus
1115 420 1175 484 est,
1207 414 1237 474 in
1260 415 1392 477 n-r.ut.

80 512 177 572 tiosas
200 509 303 587 lapsus
327 516 374 567 est
396 508 600 586 cogitationes,
615 526 684 569 'non
707 509 786 587 quod
809 508 888 570 [leus
910 509 974 569 illas
996 511 1210 588 cogitationes,
1233 534 1308 595 quae

78 630 138 673 nos
160 610 191 670 in
214 608 409 688 captivitatem
432 610 578 688 redigunt,
602 609 776 681 condiderit,
800 609 853 669 sed
875 611 954 687 quod
976 611 1111 673 diabolus
1127 614 1228 676 lraude
1243 616 1308 679 illas

76 713 112 774 in
134 711 270 773 rationali
300 710 452 771 hominum
481 720 584 772 natura
613 711 644 772 in
671 710 924 790 praevaricatione
952 713 1113 773 constituta
1143 723 1171 774 et
1200 735 1215 776 a
1242 716 1306 779 Deo

76 813 201 893 expulsa
224 811 308 891 quasi
331 811 460 872 alienum
482 831 584 874 semen
606 811 766 878 induxerit.
789 812 829 873 ita
851 821 884 873 ut
905 811 1040 874 diabolus
1068 814 1163 892 legem
1179 818 1306 895 „peccati

75 915 112 976 in
133 922 236 976 natura
259 913 389 974 hominis
412 913 600 975 constituerit
620 932 736 993 unaque
759 921 898 987 mortem,
925 932 998 992 quae
1020 933 1075 993 per
1097 935 1171 994 opus
1194 919 1306 996 peccati

76 1016 112 1077 in
134 1016 182 1076 illa
204 1015 386 1076 dominatum
410 1023 553 1077 exerceat.
598 1015 743 1089 Quocirca
766 1018 845 1076 venit
858 1016 950 1077 Filius
966 1016 1029 1086 Dei,
1051 1024 1085 1077 ut
1106 1019 1202 1079 solvat
1217 1037 1306 1098 opera

77 1116 200 1178 diaboli.
244 1117 302 1178 Sed
326 1117 458 1178 instatis:
487 1117 571 1190 „larn
593 1117 696 1190 solvit,
720 1136 787 1178 cum
808 1135 870 1178 non
892 1119 1088 1197 peccauerit.“
1133 1122 1171 1179 nt
1191 1138 1306 1200 nequa·

76 1236 168 1297 quarn
190 1225 237 1278 est
258 1216 329 1278 illud
351 1226 503 1296 peccatum
526 1219 653 1280 solvere.
697 1220 799 1298 Neque
821 1219 900 1280 enim
922 1219 958 1280 ab
981 1219 1066 1280 initio
1094 1230 1246 1298 peecatum
1273 1223 1306 1286 in

76 1319 130 1382 illo
154 1327 292 1399 operatus
315 1328 361 1380 est
382 1319 528 1393 diabolus,
551 1328 585 1381 ut
606 1321 742 1383 veniente
765 1321 861 1382 Verbo
885 1322 1078 1383 inmundum
1101 1330 1131 1383 et
1152 1341 1212 1383 non
1233 1343 1305 1404 pec·

76 1429 164 1482 cante
186 1421 352 1482 solveretur
373 1430 542 1500 peccatum,
572 1421 625 1482 sed
647 1421 679 1482 in
701 1422 837 1483 rationali
861 1430 890 1483 et
912 1423 1098 1484 intellectuali
1121 1432 1225 1486 natura
1247 1426 1305 1486 ho-

75 1521 170 1584 minis
192 1541 246 1601 per
267 1522 419 1584 inductum
443 1542 544 1584 semen
567 1522 702 1585 diabolus
725 1534 878 1602 peccatum
905 1534 950 1584 est
972 1533 1121 1601 operatus.
1167 1524 1306 1605 Quapro-

74 1632 147 1703 pter
168 1624 352 1703 impossibile
375 1624 429 1685 luit
451 1633 573 1686 naturae
594 1625 746 1698 rationali,
779 1644 855 1705 quae
876 1644 929 1685 sua
952 1634 1059 1704 sponte
1080 1635 1253 1704 peccaverat
1273 1646 1308 1691 ac

75 1725 187 1786 mortis
210 1726 389 1787 damnationi
419 1726 548 1787 subiecta
572 1734 652 1800 erat,
681 1745 750 1787 sese
778 1726 808 1786 in
835 1725 1002 1787 libertatern
1030 1745 1184 1799 revocare,
1213 1736 1247 1789 ut
1267 1726 1309 1789 ait

74 1826 256 1905 Apostolus:
279 1827 356 1889 Nom
378 1830 457 1908 good
479 1828 663 1907 impossibile
685 1838 752 1890 erat
776 1827 846 1906 legi,
877 1832 908 1888 in
935 1847 992 1906 quo
1016 1828 1231 1908 infirmabatur
1250 1845 1309 1908 per

77 1947 212 1992 carnem.
256 1929 445 2008 Quapropter
467 1930 547 1990 venit
569 1930 634 2007 ipse
655 1928 709 1990 [lei
731 1928 833 2002 Filius,
857 1937 890 1989 ut
911 1947 975 1989 eam
998 1929 1028 1990 in
1051 1936 1155 1990 natura
1178 1947 1231 1990 sua
1252 1946 1308 2008 per

74 2048 185 2092 novam
209 2030 352 2109 originem
376 2039 405 2090 et
427 2030 590 2092 mirabilem
613 2031 834 2109 generationem
856 2039 1046 2092 restauraret.
1084 2030 1150 2090 Non
1167 2048 1225 2108 quo
1241 2049 1391 2096 eamme.

74 2148 154 2211 quae
175 2130 212 2192 ab
234 2131 318 2191 initio
341 2133 413 2192 lacta
437 2139 500 2192 erat
521 2131 765 2193 constitutionem
788 2130 951 2202 divideret,
975 2130 1027 2191 sed
1051 2149 1109 2209 quo
1132 2149 1305 2209 super-se-

74 2231 217 2295 minatam
240 2231 462 2309 abrogationem
485 2232 651 2311 abrogaret,
673 2240 707 2293 ut
728 2240 850 2293 testatur
872 2231 1020 2309 Propheta
1044 2231 1161 2292 dicens:
1195 2232 1307 2295 Priat-

74 2353 166 2417 qoom
189 2345 348 2414 cognoscat
372 2334 528 2414 parvulus
558 2335 668 2396 donam
689 2334 738 2395 vel
758 2333 885 2405 naulum,
919 2334 1065 2412 reprobet
1095 2332 1241 2394 molitiem
1268 2333 1309 2396 od

74 2436 247 2516 eligendum
269 2437 389 2497 donum.
434 2435 521 2507 Quod
545 2435 570 2496 si
594 2436 625 2496 in
647 2444 761 2506 natura,
784 2453 858 2512 quae
874 2440 1054 2512 peccaverat,
1077 2432 1306 2511 impeccabilitas

73 2555 140 2598 non
161 2536 364 2615 apparuisset,
394 2555 447 2597 cur
468 2544 621 2616 peccatum
643 2535 673 2597 in
696 2554 784 2597 carne
806 2535 975 2595 damnatum
997 2543 1092 2606 esset,
1122 2552 1188 2594 curn
1211 2551 1307 2611 neque

75 2656 148 2700 caro
170 2637 281 2716 peccati
303 2646 398 2698 actum
415 2638 531 2710 habeat,
554 2657 650 2717 neque
664 2637 695 2699 in
712 2636 894 2698 divinitatem
910 2645 1061 2714 peccatum
1077 2632 1183 2696 cadat?
1206 2634 1306 2706 Quare

72 2737 240 2817 Apostolus
263 2738 348 2799 dicit:
375 2738 431 2801 Udi
443 2741 608 2802 abundavit
626 2748 792 2819 peceatum,
816 2738 859 2799 ili
879 2737 1137 2817 superabundavit
1153 2722 1182 2797 ct
1195 2739 1306 2815 gratio,

73 2858 141 2903 non
162 2839 260 2901 locum
282 2840 431 2913 indicans,
455 2841 507 2901 sed
530 2848 666 2902 naturam
689 2836 882 2917 significans?
930 2837 968 2901 Ut
989 2841 1083 2907 sieut,
1117 2835 1227 2914 inquit,
1246 2852 1307 2914 per

74 2959 175 3003 unum
197 2941 343 3003 dominam
363 2953 518 3022 peccatum
540 2947 573 3003 in
595 2943 674 3004 lunc
694 2943 840 3002 mundum
861 2943 1000 3013 introvit,
1027 2948 1054 3001 et
1072 2956 1131 3018 per
1149 2946 1307 3018 peecatum

74 3060 174 3113 mors,
197 3046 240 3104 ito
259 3060 318 3122 per
339 3061 434 3103 unum
456 3043 602 3104 dominam
624 3042 725 3105 lecum
748 3042 902 3103 Christum
928 3042 1031 3119 gratio
1053 3048 1158 3118 regnet
1176 3056 1235 3119 per
1256 3040 1307 3100 iu-

73 3147 194 3207 stitiam
215 3149 248 3206 in
271 3146 363 3204 vitam
385 3153 557 3218 aeternam,
579 3151 613 3203 ut
633 3160 688 3222 per
709 3160 796 3220 quam
819 3149 952 3201 naturam
974 3147 1126 3218 peccatum
1148 3136 1306 3217 processit,

72 3262 133 3325 per
156 3244 279 3306 candem
301 3244 430 3305 iustitiae
453 3245 603 3323 specimen
627 3243 764 3315 daretur,
792 3251 822 3303 et
848 3243 893 3303 sic
919 3243 1046 3303 humana
1069 3250 1173 3302 natura
1194 3260 1211 3302 a
1232 3257 1305 3320 pec·

74 3353 144 3407 cato
165 3345 288 3406 liberata
310 3345 418 3407 diaboli
442 3365 531 3425 opera
554 3346 741 3407 solverentur
761 3345 883 3423 Deoque
905 3343 999 3424 gloria
1020 3343 1150 3404 daretur.

166 3651 195 3711 7.
239 3648 276 3709 nt
296 3666 415 3709 rursum
438 3648 551 3710 dicitis:
582 3648 637 3721 „Si
660 3649 751 3708 homo
775 3655 818 3708 est
841 3645 994 3718 Christus,
1017 3661 1087 3722 pars
1111 3643 1167 3725 eu't
1187 3612 1305 3718 mundi}

76 3767 176 3828 „pars
199 3757 298 3811 autem
321 3750 422 3811 mundi
444 3750 587 3811 mundum
610 3749 724 3814 salvum
746 3751 843 3809 lacere
864 3746 997 3826 nequit.“
1036 3742 1206 3806 Olallaciae
1221 3760 1305 3803 com·

113 3935 136 3984 d.
160 3936 200 3985 Sic
224 3935 322 3996 Seguer.
348 3935 444 3984 Gcblar.
473 3944 496 3983 et
513 3936 620 3985 Felclim.
644 3936 666 3983 l.
718 3925 984 4000 ὑπερεπερίσσευσεν.
1038 3929 1100 3977 Editi
1132 3942 1187 3976 vero
1217 3933 1241 3976 et
1265 3924 1305 3974 alii

74 4003 141 4052 Editi
151 4011 229 4051 antem
242 3995 287 4049 διὰ
301 3997 408 4068 σαρκὸς,
424 3995 559 4049 διὰτοῦτο
578 3988 666 4060 ἦλθεν.
718 3993 953 4064 inauspicatum.
1003 3996 1055 4044 llox
1084 3996 1183 4054 Seguer.
1209 3991 1307 4042 Gobler.

75 4070 144 4149 [ntra
163 4071 260 4120 Gobler.
285 4079 309 4119 ct
327 4071 431 4120 Felclm.
444 4071 465 4119 1.
485 4071 549 4119 ctb.
568 4067 667 4137 νεαρᾶς
718 4067 809 4128 Anglic.
829 4077 852 4117 et
870 4068 975 4116 tetrum.
995 4065 1017 4113 l.
1036 4054 1068 4111 οὗ
1085 4055 1172 4110 τόπον
1187 4052 1307 4126 ὑπογρά-

76 4135 173 4201 aegris.
337 4178 353 4207 4
719 4148 791 4199 φων,

112 4252 134 4286 0·
485 4246 508 4287 t
644 4238 666 4286 1-
719 4192 1306 4328 ,attiliaSaturniniafluat

74 4305 141 4356 EM
160 4321 214 4355 “¹⁰
232 4299 324 4360 mam
344 4297 359 4363 ἢ
377 4301 467 4352 mg„
719 4337 794 4386 Panlo
807 4348 869 4415 post
887 4338 985 4396 Segner.
1009 4326 1234 4399 ἰλευθερουμένης
1257 4326 1307 4389 τῆς

113 4408 129 4456 l.
148 4407 189 4457 Sic
206 4408 306 4469 Seguer.
342 4399 664 4472 Editietaliiciptaptlnc.
719 4395 877 4469 ἄνθρωπον.
916 4402 1013 4480 Goblgr.
1032 4401 1177 4480 ethlckm.
1198 4388 1308 4451 ilden-

74 4474 153 4526 l’sulc
169 4483 227 4540 post
244 4477 345 4538 Segner.
363 4475 461 4527 Goblar.
485 4485 510 4526 et
527 4475 633 4526 tetum.
644 4473 665 4523 1.
718 4467 888 4537 depulsione
904 4468 952 4530 τῆς
969 4469 1153 4535 ανθρωπινης.

110 4562 384 4607 Δηεπεεειοεε.εοει.
396 4572 446 4605 ιιι.
584 4584 590 4598 ·
1069 4552 1102 4604 58
