2948 5092
507 203 617 281 obacro
631 236 670 279 rr.
687 237 803 280 eonraa
818 204 954 282 narinus.
1113 216 1117 228 ’
1276 229 1337 292 615
1453 279 1457 288 ,

108 388 205 450 rebus
227 388 311 450 sactis
333 387 561 466 appropinquat,
582 378 692 469 quippe
714 404 781 448 eum
803 385 869 447 illae
892 386 953 448 sint
975 388 1032 469 ipsi
1049 398 1197 464 externae,
1220 400 1250 455 at
1263 394 1337 456 Filio
1347 411 1424 457 utu.

107 499 216 571 utpote
238 489 361 569 proprio
383 505 446 550 non
466 485 701 568 appropinquat,
724 488 777 550 sed
799 488 829 549 in
853 507 889 548 eo
913 499 975 563 cst,
1000 509 1054 551 nec
1076 492 1215 554 adhaeret
1235 494 1339 569 Filius,

109 592 165 654 sed
190 610 249 652 una
271 608 337 651 cum
358 589 446 651 Patre
469 597 524 649 est.
569 587 652 648 Unde
673 605 779 649 rursus
793 587 912 668 Moyses
935 588 965 650 in
987 591 1092 653 eodem
1106 592 1340 656 Deuteronomio

110 693 156 755 sic
176 693 328 772 loquitur:
356 690 456 753 Vocem
478 694 541 752 etita
564 689 694 750 audietis
716 702 746 752 et
767 693 828 769 ipsi
849 710 902 753 oos
925 693 1137 772 odiunqeme'ni.
1183 694 1269 767 Quod
1285 715 1340 757 au·

111 803 174 856 tem
196 792 376 872 adiungittu,
399 791 584 852 extrinsecus
607 789 786 868 adiungitur.

196 898 228 959 d.
271 894 333 955 iam
362 892 440 972 quod
467 891 599 970 pertinet
626 890 780 952 adderem
803 891 1011 955 etbumanam
1032 893 1208 958 Asianorum
1232 898 1370 977 opina-1
1455 975 1457 978 Ι

110 996 242 1067 tionem,
266 1013 322 1073 qua
343 1011 451 1072 nempe
472 991 632 1054 dominum
655 1009 780 1069 egenum
801 992 895 1054 fuisse
918 1014 953 1055 ex
974 995 1023 1058 his
1044 997 1141 1076 ipsius
1163 998 1260 1060 verbis
1283 1018 1337 1060 sn—

110 1098 281 1176 spicantur:
312 1097 394 1158 Doto
417 1107 462 1160 est
483 1093 575 1169 mibi,
604 1097 736 1173 aeeept,·
754 1102 788 1156 ut
814 1104 845 1156 et
866 1113 902 1155 er
923 1096 971 1157 bia
992 1096 1075 1159 Pauli
1095 1097 1187 1159 loeis:
1220 1098 1339 1163 Idcirco

108 1198 262 1260 exultavit
283 1197 379 1267 illum,
403 1204 433 1257 et
454 1195 540 1258 Sedit
561 1215 580 1256 o
603 1196 737 1268 deutris,
760 1194 884 1275 aliisque
907 1196 1070 1272 similibus,
1097 1199 1339 1279 respondendum

109 1310 157 1362 est
177 1298 336 1360 dominum
365 1305 517 1371 nostrum,
547 1296 597 1375 qni
626 1296 706 1357 idem
727 1296 855 1359 Verbum
886 1305 916 1358 et
936 1298 1028 1359 Fidus
1050 1298 1104 1360 uei
1132 1308 1195 1374 est,
1229 1319 1339 1380 corpus
1433 1364 1436 1369 ,

109 1410 256 1480 gestasse,
279 1407 309 1460 et
330 1399 422 1460 fitium
444 1416 563 1478 quoque
584 1396 715 1459 bominis
737 1397 846 1459 iactum
868 1397 971 1473 samse,
995 1406 1028 1460 ut
1048 1399 1273 1463 mediastinum
1287 1400 1337 1462 in-

108 1510 157 1562 ter
187 1510 217 1560 et
244 1499 382 1561 homines
405 1501 545 1575 euectus,
574 1517 650 1578 quae
670 1498 725 1560 Dei
746 1504 831 1572 sunt,
864 1499 952 1561 nobis
974 1500 1230 1576 subministraret,
1263 1521 1339 1580 quae

108 1600 305 1674 nostri,.1ieo
328 1602 460 1662 offerret.
506 1599 653 1673 Quocirca
675 1617 742 1662 curn
764 1600 895 1676 esurire,
928 1602 1016 1676 dere,
1048 1601 1201 1681 defatigari
1224 1611 1254 1666 et
1275 1603 1336 1665 ela·

109 1721 194 1764 mare
215 1701 288 1765 ator
309 1701 381 1764 drot
401 1701 524 1775 dicitnr,
551 1719 628 1780 quae
657 1701 777 1780 quidem
798 1702 1086 1765 humanae·nostrae
1109 1711 1181 1764 sunt
1200 1704 1337 1767 affectio·
1369 1703 1373 1707 ’

108 1822 165 1866 nes
189 1813 219 1865 et
239 1803 394 1876 miseriae,
417 1821 468 1864 eas
490 1820 506 1862 a
528 1800 616 1863 nobis
638 1802 746 1882 accipit
767 1821 801 1863 ao
822 1801 902 1864 Patri
925 1804 1027 1875 offert,
1051 1812 1081 1865 et
1101 1822 1157 1884 pro
1179 1803 1267 1867 nobis
1290 1805 1339 1866 in-

109 1905 251 1978 tercedit,
280 1910 315 1966 nt
340 1904 372 1969 itt
398 1905 466 1985 ipso
482 1903 614 1984 *penitus
638 1904 800 1965 deleantur.
843 1902 896 1965 His
920 1913 1017 1967 autern
1040 1904 1164 1988 Verbis3
1188 1905 1272 1968 Doto
1293 1917 1340 1970 eat

107 2007 186 2070 niti
210 2018 360 2088 potestat,
389 2012 420 2067 et
442 2008 559 2084 occepi,
590 2005 753 2066 etidcirco
776 2005 924 2069 exultauit
945 2024 1011 2067 enm
1032 2005 1134 2078 Beue,
1161 2023 1286 2067 munera
1308 2005 1338 2066 in

107 2127 166 2170 nos
200 2127 217 2169 a
244 2107 307 2168 boo
340 2126 395 2186 per
427 2105 509 2167 illum
543 2104 646 2167 collata
676 2104 888 2183 significantur.
932 2105 994 2167 Nec
1016 2106 1095 2167 enirn
1116 2106 1253 2185 indigens
1276 2117 1422 2171 eratnan.

107 2208 240 2272 Verbum
261 2209 306 2269 vei
331 2225 459 2286 unquam
481 2207 589 2267 tadum
613 2215 673 2279 est,
695 2224 752 2267 nec
772 2208 878 2267 narsus
899 2206 1036 2267 homines
1059 2208 1160 2269 idonei
1182 2215 1267 2270 erant
1288 2209 1339 2287 qui

108 2312 164 2372 ista
194 2310 252 2372 sibi
279 2316 502 2388 compararent3
532 2307 585 2368 sed
606 2326 661 2386 per
682 2306 813 2369 Verbum
834 2307 922 2370 nobis
944 2308 1052 2369 donata
1074 2319 1160 2383 sunt,
1189 2309 1268 2372 unde
1290 2309 1340 2370 iiia

109 2421 247 2491 tanquam
270 2410 327 2489 ipsi
350 2411 457 2471 donata
479 2407 567 2469 nobis
589 2407 808 2486 impertiuntur.
853 2408 1006 2489 Siquidem
1028 2427 1093 2469 eam
1112 2409 1151 2470 ob
1166 2429 1231 2471 rem
1245 2409 1337 2471 homo

107 2513 204 2574 tactus
229 2522 296 2583 est,
327 2521 360 2572 ut
386 2510 434 2571 illa
463 2509 542 2570 velut
573 2508 630 2569 sibi
661 2509 728 2570 data
755 2509 786 2570 in
808 2527 864 2570 nos
888 2510 1131 2570 transferrentur.
1175 2509 1236 2572 Nec
1257 2509 1338 2571 enim

107 2632 203 2691 purus
226 2613 317 2673 homo
341 2612 446 2690 dignus
470 2595 599 2689 unquam
622 2609 739 2683 suisset,
763 2611 813 2688 qui
835 2610 908 2673 haec
929 2610 1085 2689 acciperet,
1108 2628 1164 2671 nec
1185 2609 1256 2673 item
1277 2617 1355 2689 pu-'

102 2733 175 2783 rum
188 2714 316 2776 Verbum
337 2712 384 2774 bis
407 2721 514 2792 posset
534 2711 685 2789 indiger03
708 2709 898 2773 coniunctum
919 2710 1009 2790 igitur
1030 2685 1339 2781 nohisescvarhumss

109 2824 238 2894 tuncque
260 2834 318 2877 nos
340 2814 497 2895 potestatis
519 2812 680 2891 participes
702 2811 833 2875 reddidit
854 2819 885 2874 et
905 2811 1051 2873 exaltarit
1096 2810 1225 2873 Verbum
1240 2810 1336 2891 siqui-

108 2918 177 2980 dem
199 2918 230 2978 in
253 2916 374 2978 bomine
396 2914 528 2976 existens
551 2913 705 2975 bominem
728 2911 875 2989 exaltavit,
897 2921 927 2974 et
947 2910 1045 2973 Verbo
1068 2911 1140 2973 item
1161 2911 1192 2972 in
1212 2910 1336 2973 bomitre

108 3020 255 3083 existente
277 3017 390 3096 aceepit
411 3018 513 3076 borno.
558 3015 636 3087 Quia
659 3033 731 3093 erqo
754 3013 852 3075 Verbo
874 3012 906 3075 in
928 3031 1017 3074 carne
1031 3012 1177 3074 existente
1193 3011 1335 3089 multatus

105 3121 198 3182 bomo
229 3127 276 3180 est
307 3125 543 3198 potestatemque
570 3116 697 3195 accepit,
726 3114 837 3177 idcirco
866 3114 924 3176 ista
945 3114 982 3176 ad
1004 3113 1133 3176 Verbum
1155 3113 1335 3183 referuntur,
1363 3090 1372 3105 ⁴

106 3220 344 3301 quandoquidem
374 3227 498 3298 propter
531 3217 630 3296 ipsum
661 3216 729 3277 data
760 3224 839 3277 sunt.
883 3215 964 3278 Haec
991 3214 1071 3276 enirn
1099 3215 1178 3276 dona
1209 3221 1333 3294 propter

105 3320 235 3383 Verbum
257 3319 288 3381 in
309 3319 430 3380 bomine
454 3319 585 3380 existens
608 3334 752 3379 concessa
775 3324 853 3378 suut
897 3317 981 3403 Unde
996 3315 1245 3397 quemadmodum
1261 3314 1334 3375 Ver-

105 3422 178 3483 bum
207 3440 275 3482 oaro
304 3422 413 3481 tactum
435 3428 497 3492 est,
526 3420 567 3480 ita
589 3428 619 3480 et
640 3419 731 3481 bomo
755 3437 830 3497 quae
852 3419 966 3501 accepit
985 3436 1041 3499 per
1061 3417 1190 3482 Verbum
1211 3416 1335 3495 accepit
1406 3396 1413 3405 ⁸

105 3521 215 3584 annia
236 3523 326 3595 enim,
349 3539 424 3600 quae
445 3522 536 3581 bomo
560 3520 682 3598 accepit,
705 3519 833 3581 Verbum
855 3518 1009 3611 accepiqo
1030 3516 1152 3591 dicitur,
1174 3525 1208 3578 ut
1228 3515 1334 3578 videti·
1375 3513 1379 3520 '

105 3632 154 3686 eet
185 3623 408 3694 ostenderetur,
438 3621 578 3701 quoniam
600 3622 691 3682 homo
714 3638 771 3699 pro
794 3639 868 3683 suae
889 3628 1014 3682 namrae
1034 3618 1207 3681 conditione
1228 3616 1335 3695 dignus

102 3742 166 3786 non
190 3731 282 3797 esset,
304 3724 354 3801 qui
376 3723 426 3784 illa
448 3724 602 3803 acciperet,
626 3739 681 3800 per
698 3719 828 3782 Verbum
850 3738 971 3783 carnem
992 3722 1102 3782 tadum
1125 3738 1159 3780 ea
1180 3717 1263 3779 iliram
1284 3734 1335 3777 ac-

104 3826 235 3906 cepisse.
280 3824 426 3898 Quocirca
457 3824 484 3885 si
516 3823 588 3903 quid
616 3820 745 3885 Domino
773 3821 874 3884 datum
902 3840 971 3883 esse
994 3821 1038 3884 vei
1061 3817 1171 3901 aliquid
1191 3817 1336 3879 huiusce·
1427 3879 1434 3894 ‚

139 4112 157 4160 t.
182 4111 223 4159 Sic
241 4111 297 4171 aeq.
321 4109 421 4172 Sequar.
454 4117 478 4158 et
503 4108 574 4158 Basii.
617 4109 696 4159 Ceteri
748 4099 877 4164 ἔξουσίας.
908 4109 952 4158 trit
969 4118 992 4158 et
1010 4107 1066 4157 editi
1085 4095 1178 4161 τότεὴ
1200 4099 1249 4161 τῆς
1264 4092 1337 4157 iico-

101 4187 187 4229 autenr
207 4187 230 4227 et
248 4167 428 4227 sarcitector.
748 4169 820 4230 etur,
839 4177 964 4224 mendosa.

101 4234 698 4376 od}3³⁶a33⁸ii⁰iissio⁸iii*dirimit
782 4274 859 4364 tuso
876 4275 932 4337 ¹¹⁶⁸·
951 4273 1084 4386 esque·
1115 4272 1178 4321 sarr
1196 4284 1253 4320 aa
1269 4261 1338 4327 *Vr-
1445 4347 1448 4353 ,

101 4394 161 4434 uer.
198 4381 227 4430 in
247 4381 302 4431 otiis
319 4388 344 4428 et
361 4383 431 4429 editis
448 4376 496 4428 καί
516 4382 592 4430 deest
643 4374 646 4379 “
748 4333 983 4460 Ξῖωδῖἶόγαρ
1055 4337 1203 4404 (θ’θρωπῡς
1230 4326 1336 4403 taque,

137 4454 163 4500 ¹¹·
182 4448 456 4511 stemusque„
498 4447 618 4500 ttBasii.
636 4437 698 4494 τότε
921 4422 971 4476 7¹⁰5
989 4416 1033 4457 ⁸¹⁰·
