2948 5092
453 264 600 308 urrerem
616 265 635 306 r.
658 265 695 306 an
717 264 913 310 annutante.
1018 295 1028 305 .
1219 256 1281 320 729

51 419 108 481 nei
132 418 181 479 sit
227 416 314 489 Quod
342 416 412 477 item
440 415 602 475 centesimo
632 415 720 476 tertio
743 414 860 476 Psalmo
884 416 1024 491 babetur,
1054 420 1160 482 clarius
1188 423 1368 485 adhucnera.

50 528 260 601 argumentum
284 518 319 579 ad
342 517 452 577 hancce
474 516 620 578 baeresim
643 517 829 578 evertendam
852 519 939 579 nobis
963 521 1147 599 suppeditat,
1171 525 1284 586 utiam

49 623 243 685 monuimus:
267 620 396 698 Anseres
419 623 562 698 spiritam
584 637 689 680 eornm
711 631 739 683 et
762 612 912 699 deficient,
931 633 959 683 et
976 626 1010 683 in
1021 623 1181 702 puluerem
1195 645 1285 689 snam

51 735 263 788 revertentur.
308 721 432 783 dimittas
455 720 605 800 Spiritum
627 730 713 783 taam
735 731 763 780 et
786 721 982 793 creabantur,
1006 733 1034 784 et
1055 729 1216 790 renovabis
1232 730 1284 806 sa-

52 832 129 900 ciem
152 837 263 886 terrae.
308 821 346 882 Et
368 821 476 883 Paulus
499 822 572 883 haec
587 821 655 882 Tito
677 820 796 882 scribit:
820 821 880 883 Per
897 821 1055 885 lavacrum
1077 834 1284 907 regeneratio-

50 932 104 991 nis
128 939 158 990 et
181 929 389 988 renovationis
412 923 546 1003 Spiritus
570 925 682 993 sancti,
717 942 802 1002 qnam
829 923 935 1004 effudit
956 929 989 986 in
1011 943 1066 988 nos
1089 930 1205 991 abunde
1223 949 1285 1010 per

54 1028 160 1092 Iesum
184 1028 347 1089 Christum.
392 1024 423 1087 si
446 1024 535 1102 igitur
555 1023 644 1085 Pater
666 1024 765 1084 omnia
793 1042 847 1111 per
868 1024 996 1086 Verbum
1018 1027 1048 1087 in
1072 1028 1182 1107 Spiritu
1205 1040 1286 1093 creet

52 1139 85 1192 et
107 1136 247 1202 renovat,
282 1147 356 1205 quae
385 1126 547 1188 similitudo
570 1133 621 1186 aut
642 1125 778 1203 cognatio
801 1126 928 1188 creantis
951 1147 1017 1189 curn
1039 1130 1130 1192 rebus
1153 1132 1283 1194 creatis?

52 1232 108 1292 Vel
128 1235 181 1309 qul
204 1229 325 1290 omnino
348 1230 410 1290 lieri
433 1237 521 1307 queat
543 1237 574 1289 ut
595 1227 643 1290 ille
665 1246 715 1289 res
739 1228 779 1289 sit
800 1239 914 1302 creata,
945 1230 976 1290 in
1005 1250 1063 1309 quo
1093 1232 1192 1293 omnia
1215 1253 1283 1295 cre·

50 1331 167 1394 antur?
207 1309 286 1393 Sans
316 1349 381 1392 cum
410 1330 500 1409 impia
528 1330 583 1391 hac
613 1329 760 1410 sententia
786 1330 910 1391 illailla
934 1332 1088 1407 cohaeret,
1122 1354 1195 1412 quac
1217 1335 1283 1399 Filii

51 1434 239 1496 divinitatem
261 1433 422 1511 impugnat,
444 1432 483 1492 ita
508 1431 609 1510 utqui
633 1431 777 1510 Spiritum
799 1451 862 1492 rem
886 1441 1013 1505 creatam
1037 1454 1104 1499 esse
1120 1436 1283 1498 contende·

48 1537 126 1608 rint,
150 1535 271 1596 eosdem
294 1534 378 1594 lateri
402 1551 525 1594 necesse
548 1533 588 1593 sit
602 1531 741 1603 Verbum,
764 1552 818 1612 per
834 1533 913 1612 quod
929 1535 1027 1596 omnia
1050 1547 1198 1610 creantur,
1217 1557 1284 1622 *rem

51 1655 178 1717 quoque
200 1646 327 1704 creatam
350 1654 427 1699 esse.
471 1635 582 1696 Addam
606 1635 748 1714 Spiritum
771 1635 928 1713 imaginem
942 1637 1008 1699 Filii
1031 1648 1060 1700 et
1082 1639 1139 1699 dici
1162 1649 1191 1700 et
1206 1659 1283 1703 esse.

52 1739 132 1801 Nam
157 1739 241 1811 Quos
260 1742 435 1818 praescivit,
459 1748 487 1799 et
506 1739 747 1817 praedestinavit
769 1740 941 1817 consorores
963 1740 1036 1819 fieri
1055 1746 1192 1820 inopinis
1215 1742 1288 1807 Filii

52 1845 116 1904 sai.
160 1839 262 1918 ltaque
291 1858 357 1899 cum
386 1839 443 1917 ipsi
472 1840 618 1900 fateantur
638 1838 745 1900 Filium
775 1858 836 1900 rem
866 1848 994 1902 creatam
1023 1859 1083 1902 non
1112 1861 1196 1915 esse,
1230 1862 1286 1907 nco
1371 1908 1378 1915 ,

52 1942 146 2004 etiam
169 1941 233 2002 eius
254 1940 351 2018 imago
374 1959 423 2001 res
447 1949 543 2001 creata
566 1941 712 2001 censenda
735 1950 789 2002 est.
835 1942 937 2014 Qualis
967 1942 1045 2002 euim
1067 1944 1155 2004 luerit
1176 1945 1284 2023 imago,

50 2043 145 2105 talem
167 2060 292 2103 necesse
314 2051 361 2103 est
383 2061 450 2102 eum
474 2060 552 2115 esse,
576 2041 660 2102 cuius
683 2042 780 2120 imago
796 2043 893 2104 luerit.
938 2043 1022 2104 Unde
1038 2046 1285 2122 quemadmodum

53 2147 122 2206 iure
145 2143 250 2203 merito
274 2162 308 2203 ac
329 2143 539 2204 convenienter
562 2143 688 2204 Verbum
710 2162 761 2204 res
784 2153 880 2204 creata
903 2163 971 2205 esse
994 2154 1127 2222 negatur,
1151 2147 1218 2226 quia
1240 2157 1287 2213 est
1383 2152 1389 2164 “

52 2247 155 2324 imago
177 2245 283 2318 Patris,
306 2246 345 2306 ita
369 2246 419 2324 qui
442 2245 584 2324 Spiritum
606 2246 684 2307 inter
705 2265 755 2306 res
778 2255 891 2307 creatas
914 2245 1059 2307 collocare
1082 2266 1142 2308 non
1166 2248 1285 2312 dubita·

52 2348 148 2419 rerit,
178 2366 239 2408 non
260 2356 361 2427 potest
382 2348 453 2426 quin
475 2348 582 2408 Filium
604 2366 670 2409 cum
693 2346 797 2417 iisdem
819 2357 1009 2418 annumerem
1040 2368 1073 2408 ac
1100 2351 1225 2427 proinde
1248 2351 1286 2415 ad
1384 2360 1391 2371 ‘

53 2451 155 2529 ipsum
178 2448 294 2510 Patrem
317 2452 446 2511 retertur
467 2450 609 2528 quidquid
631 2448 721 2527 impie
750 2450 786 2509 de
815 2449 904 2509 buius
937 2449 1063 2529 imagine
1086 2451 1214 2512 senserit
1237 2451 1285 2513 di·

50 2551 179 2611 xeritve.
214 2596 216 2605 ,

144 2654 196 2714 25.
240 2651 342 2730 ltaque
364 2652 552 2712 manifestum
576 2660 623 2712 est
644 2651 785 2729 Spiritum
809 2651 897 2711 alium
921 2652 1042 2712 omnino
1066 2671 1134 2712 esse
1157 2671 1172 2713 a
1194 2652 1285 2713 rebus

53 2753 181 2823 creatis,
214 2771 340 2831 eumque
369 2753 552 2814 ostendimus
579 2752 733 2832 proprium
762 2752 827 2813 Filii
856 2772 939 2824 esse,
969 2772 1028 2813 non
1059 2762 1157 2813 autem
1185 2754 1285 2816 allec

52 2856 198 2917 alienum.
251 2854 385 2932 Nantquc
414 2854 493 2932 quod
522 2854 557 2915 ad
584 2854 695 2916 hancce
727 2862 841 2915 acutam
872 2854 990 2914 illorum
1023 2854 1287 2932 interrogationem

55 2965 189 3037 spectat:
214 2957 245 3016 Si
268 2957 395 3036 Spiritus
418 2975 452 3016 er
471 2956 533 3016 Deo
556 2966 611 3030 est,
635 2975 726 3035 quare
748 2975 808 3016 non
831 2957 895 3034 ipse
917 2974 1033 3033 quoque
1056 2955 1134 3016 filius
1157 2955 1287 3019 dicitur?

54 3059 136 3120 hanc
163 3058 282 3137 inquam
311 3057 564 3135 quaestiunculam
586 3056 725 3119 audadem
749 3068 779 3118 et
802 3056 987 3118 temerariam
1015 3076 1083 3118 esse
1113 3076 1201 3136 supra
1228 3057 1288 3122 iam

56 3171 216 3222 ostensum
239 3170 294 3231 est,
320 3159 372 3220 sed
396 3159 473 3220 idem
496 3159 689 3222 nibilominus
712 3177 816 3219 rursus
841 3158 1000 3218 ostendere
1016 3177 1075 3219 uon
1092 3152 1287 3237 gravabimur.

56 3262 193 3324 Tametsi
221 3261 299 3322 enim
328 3261 457 3339 Spiritus
485 3261 514 3321 in
539 3260 700 3340 Scripturis
728 3260 806 3321 lilius
835 3279 896 3321 nou
924 3259 1048 3333 dicitur,
1082 3262 1134 3323 sed
1164 3262 1289 3342 spiritus

55 3365 129 3437 Dei,
159 3372 256 3424 tamen
286 3363 404 3442 inipso
427 3363 489 3427 Deo
512 3363 688 3441 etcripso
711 3362 774 3423 lleo
797 3362 982 3423 essedi'ctus
1005 3370 1067 3444 est,
1101 3363 1143 3423 uti
1166 3363 1288 3442 scripsit

57 3465 233 3546 Apostolus.
278 3465 372 3525 Porro
396 3465 422 3525 si
444 3465 548 3539 Filius,
570 3464 638 3543 quia
661 3473 705 3526 est
728 3484 763 3525 er
785 3463 883 3537 Patre,
905 3464 1046 3544 proprius
1071 3463 1181 3525 idcirco
1205 3465 1287 3526 eius·

60 3568 129 3629 dem
159 3565 341 3627 substantiae
366 3575 422 3639 est,
445 3585 571 3629 neccsse
594 3575 640 3628 est
662 3565 798 3628 similiter
820 3566 979 3644 Spiritum,
1008 3567 1058 3645 qui
1080 3585 1116 3627 ex
1137 3566 1199 3627 ileo
1223 3584 1289 3628 esse

57 3670 184 3739 dicitur,
218 3668 370 3746 proprium
400 3687 517 3747 quaque
545 3667 611 3729 Filii
641 3686 709 3729 esse
744 3667 906 3728 secundum
941 3666 1148 3728 substantiam.
1204 3666 1289 3729 Certe

57 3769 309 3851 quemadmodum
332 3770 476 3830 Dominus
500 3779 547 3830 est
568 3769 655 3843 filius,
678 3770 716 3831 ita
739 3770 804 3848 ipse
824 3769 950 3848 Spiritus
974 3768 1095 3847 spiritus
1118 3767 1288 3846 adoptionis

93 3959 109 4006 i.
131 3949 144 4002 ὁ
164 3956 384 4021 posteriapaoaar
407 3956 496 4005 habent
519 3955 607 4017 llcgins
625 3955 650 4005 2.
737 3955 751 4002 i.
771 3954 810 4002 Sic
829 3955 884 4014 fleg.
905 3954 927 4002 1.
956 3963 978 4003 et
997 3957 1097 4017 Segusa.
1133 3955 1159 4001 ln
1188 3953 1241 4002 aliis
1261 3951 1290 4002 ‘et

57 4026 166 4075 Felclsm.
189 4026 209 4073 l.
229 4032 253 4073 ct
271 4026 308 4072 ed.
328 4025 445 4072 Commel.
702 4023 772 4070 editis
792 4019 839 4068 τοῦ
856 4023 934 4070 deest.

92 4109 116 4154 g.
135 4093 192 4152 lieg.
214 4092 233 4139 l.
253 4080 435 4152 Ssguerian'et
453 4091 523 4139 llasil.
542 4082 649 4139 τούτου.
736 4090 757 4137 l.
777 4089 816 4137 Sic
835 4091 890 4151 lteg.
915 4090 934 4137 l.
954 4089 1051 4148 Seguer.
1073 4088 1291 4139 contestatum.

56 4163 104 4210 Alii
129 4152 414 4209 veroeteditiat’rroa'r.
451 4160 501 4207 blor
522 4160 608 4219 Regius
627 4158 649 4207 1.
704 4157 859 4206 l.etBasil.
894 4160 922 4206 tt
939 4157 1029 4216 anglic.
1049 4147 1077 4203 ix
1092 4154 1141 4202 τοῦ
1159 4153 1226 4203 θεοῦ
1243 4151 1290 4204 καὶ

56 4233 160 4288 Saguer.
185 4228 311 4276 desiliens.
338 4227 433 4276 tiobler.
460 4236 482 4275 et
501 4228 605 4275 l'elctm.
626 4226 648 4273 1.
701 4217 806 4290 πατρός
823 4215 905 4272 ἔστιν.
942 4224 1021 4272 Ottob.
1041 4216 1055 4270 d
1075 4218 1105 4272 δὲ
1123 4216 1180 4276 υἱὸς
1198 4217 1288 4282 ἐπειδὴ
1322 4269 1328 4277 ,

57 4291 123 4344 ἄλλο
152 4286 207 4358 ἄρα
232 4293 289 4340 τῶν
315 4285 481 4359 κτισμάτων.
524 4295 602 4344 Ceteri
627 4301 650 4342 et
701 4283 730 4339 ἐκ
748 4291 796 4339 τοῦ
814 4285 980 4340 osculana.
1019 4292 1098 4342 Ceteri
1114 4293 1184 4342 eted.
1196 4292 1290 4342 Comm.

56 4364 116 4414 edati
135 4354 192 4426 ἄρα
210 4347 259 4409 oin
277 4355 308 4410 vit
328 4361 383 4408 τῶν
399 4356 565 4427 κτισμάτων,
701 4351 730 4406 ἐκ
748 4357 797 4408 τοῦ
813 4357 881 4410 θεοῦ
899 4351 982 4407 ἔστιν.

90 4432 118 4479 b.
135 4433 177 4480 Sic
196 4433 253 4491 [leg.
267 4431 288 4480 1.
313 4439 336 4480 et
354 4432 452 4491 Seguer.
488 4432 534 4480 Alii
553 4438 575 4479 et
594 4430 650 4479 editi
737 4428 752 4475 l.
771 4430 811 4476 Sic
830 4429 886 4489 lteg.
900 4429 920 4476 l.
939 4430 1038 4487 Seguer.
1057 4427 1128 4476 Gvbl.
1146 4435 1170 4476 et
1186 4426 1290 4478 Felckm.

55 4490 162 4551 αὖτός.»
704 4495 727 4545 1.
762 4495 842 4545 Ceteri
860 4503 884 4545 et
901 4495 957 4544 editi
975 4486 1008 4541 τό
1026 4495 1149 4545 abiiciunt.
