2948 5092
545 252 652 295 omaro
668 252 707 295 rr.
723 252 839 295 corrui
854 250 988 295 neuros.
1287 210 1357 299 '653

134 422 166 473 et
189 416 270 469 omot
291 406 485 468 mendacium.
529 403 590 483 Epo
612 402 699 465 lesos
721 406 792 465 misi
811 401 955 481 Anneium
976 421 1088 474 meone,
1120 414 1155 465 ut
1184 403 1254 465 boec
1275 404 1443 467 vobicum.

133 515 168 573 iu
197 508 338 570 Bcclesiis
368 506 593 585 testificaretur.
644 505 704 584 Epo
733 522 801 567 aum
830 504 923 565 rodim
950 516 979 563 et
1004 522 1099 583 qenais
1126 504 1240 576 Dauid,
1269 503 1359 567 stelin

134 610 297 692 splendido
319 618 348 669 et
367 611 527 668 matutino.
571 606 610 668 Bt
632 608 761 685 spirituc
790 614 818 665 et
846 623 959 685 sponso
988 606 1091 667 dicunt
1117 605 1195 668 Veni.
1240 603 1279 665 Et
1306 607 1359 684 qui

134 714 240 783 ondit,
264 711 343 773 dieot
368 708 453 780 Vem';
477 718 507 768 et
528 712 581 789 qur·
600 709 679 778 sitit,
703 709 821 779 oecion
850 705 1004 785 quieuit,
1033 710 1161 786 occipiat
1182 724 1290 785 nquam
1311 708 1359 766 m·-

135 824 186 875 toe
207 816 314 892 protis.
358 810 459 887 itaque
480 808 506 869 si
528 825 620 887 gertus
636 805 728 867 David
748 814 795 901 est
815 805 898 867 stolia
919 804 968 867 ilia
989 806 1141 885 splendida
1162 815 1191 867 et
1205 806 1358 879 matutina,

133 912 231 994 liquet
260 914 394 991 protecto
418 909 597 971 Salvatorem
619 908 717 986 ipsum
738 914 883 988 quatenus
907 926 974 969 caro
997 916 1042 969 est
1062 909 1231 991 Lucit'orum
1254 908 1367 987 appel-¹

134 1014 209 1087 lari,
234 1022 302 1074 ante
325 1030 412 1090 quem
436 1010 548 1071 scilicet
569 1006 712 1081 extiterit,
725 1016 884 1089 -quatenus
906 1028 941 1071 ex
962 1009 1024 1069 lieo
1047 1018 1094 1071 est
1114 1010 1247 1089 genitum
1280 1009 1361 1071 utie

134 1114 247 1177 Psalmi
270 1114 310 1175 sit
331 1132 455 1174 sensns:
478 1112 520 1172 Ex
543 1130 590 1172 me
611 1111 678 1188 ipso
701 1118 731 1173 te
751 1110 840 1193 genui
854 1118 1010 1191 antequam
1027 1110 1059 1173 in
1078 1130 1168 1173 earne
1190 1130 1359 1190 appareres.

136 1216 291 1296 Siquidem
320 1214 394 1291 baec
420 1213 508 1274 rerba
538 1224 608 1274 onte
628 1210 805 1293 Luciferum
829 1210 906 1273 idem
934 1212 1091 1276 retentae
1111 1223 1178 1275 ante
1198 1212 1287 1275 Verbi
1310 1214 1358 1274 in-

137 1316 350 1379 mrnationenr.

224 1420 295 1482 29:
319 1420 428 1497 Aperte
449 1416 538 1495 igitur
560 1424 644 1476 retus
667 1432 786 1495 quoque
800 1414 1022 1477 Testamentum
1036 1415 1100 1477 Filii
1123 1415 1265 1479 meminit.
1299 1418 1358 1478 Ve-

135 1538 205 1582 rum
227 1518 264 1580 de
292 1518 340 1579 iris
369 1518 549 1579 contendere
578 1534 828 1594 supervacaneum
856 1517 979 1579 omnino
1006 1524 1061 1579 est.
1105 1516 1236 1597 Namque
1265 1517 1292 1578 si
1315 1537 1359 1591 ea,

135 1640 214 1702 quae
236 1620 268 1681 in
288 1620 380 1681 veteri
403 1619 592 1681 Testamento
615 1635 676 1679 nnn
696 1617 858 1692 habentur,
885 1618 1049 1680 recentiora
1076 1618 1168 1681 veiint
1197 1638 1281 1692 esse,
1308 1638 1360 1681 re-

136 1716 308 1805 spondeant
329 1722 369 1783 illi
391 1723 464 1783 adeo
479 1721 652 1800 ,pertinaces
673 1720 826 1795 homines,
860 1724 988 1800 quonam
1017 1722 1045 1783 in
1072 1721 1139 1783 loco
1167 1720 1276 1783 veteris
1300 1721 1361 1783 Το-

136 1824 278 1887 stamenti
306 1826 379 1885 iacta
413 1822 501 1884 inierit
528 1822 640 1883 mentio
668 1823 704 1883 de
729 1822 875 1885 Paraclito
905 1823 1028 1901 Spiritu.
1077 1822 1211 1887 Meminit
1241 1823 1448 1903 quidemnero.

136 1926 267 2007 Spiritus
296 1926 404 1986 sancti:
438 1931 467 1986 at
494 1942 638 2002 nusquam
666 1924 810 1986 Paraditi.
853 1924 930 1985 Num
958 1943 1028 2004 ergo
1058 1925 1132 1989 alius
1159 1934 1207 1987 est
1233 1924 1360 2005 Spiritus

136 2036 260 2090 sanctus
283 2034 313 2087 et
334 2026 408 2087 alius
430 2025 608 2099 Parasitus,
637 2026 721 2105 isque
742 2025 857 2099 iunior,
886 2026 1123 2107 quandoquidem
1153 2026 1226 2089 nibil
1252 2026 1289 2087 de
1310 2026 1361 2089 illo

102 2166 106 2177 ·
136 2138 234 2191 exstet
256 2128 288 2190 in
309 2128 400 2189 reteri
423 2125 638 2190 Testamento?
682 2128 789 2189 Verum
811 2126 888 2189 absit
915 2138 948 2189 ut
974 2128 1020 2189 vel
1042 2128 1171 2207 Spiritus
1193 2128 1291 2189 iunior
1313 2129 1360 2189 di-

135 2240 223 2295 eatur
244 2230 289 2289 rol
311 2230 464 2303 dividatur,
488 2230 526 2290 ita
548 2240 580 2290 ut
600 2230 674 2291 alius
697 2228 736 2289 sit
758 2229 886 2308 Spiritus
909 2236 1028 2291 sanetus
1051 2238 1082 2291 et
1101 2230 1176 2291 alius
1191 2229 1361 2292 Paructitus.

135 2328 220 2394 Unus
252 2332 329 2392 enirn
351 2330 487 2411 idemque
515 2330 728 2411 suspiritus,
761 2330 811 2410 qui
839 2339 872 2391 nt
900 2338 970 2392 tunc
996 2332 1040 2393 sic
1062 2340 1092 2392 et
1112 2350 1192 2393 nunc
1212 2350 1281 2402 eos,
1312 2333 1362 2410 qui

109 2418 112 2425 ¹
135 2434 237 2513 ipsum
259 2432 416 2512 recipiunt,
439 2432 601 2493 sanctificat
623 2441 652 2493 et
673 2432 859 2504 consolatur;
882 2433 1129 2511 quemadmodum
1145 2450 1222 2493 unus
1238 2444 1268 2494 et
1283 2432 1362 2493 idem

135 2535 266 2597 Verbum
288 2533 380 2595 Filius
403 2532 491 2594 etiam
515 2542 583 2595 tunc
605 2552 674 2607 eos,
707 2535 756 2613 qui
779 2534 858 2612 digni
883 2544 981 2607 orant,
1004 2535 1039 2595 od
1064 2534 1190 2595 tiliorum
1212 2532 1361 2614 provehe-

136 2636 187 2697 bat
212 2636 422 2698 conditionem.
466 2635 539 2697 Nam
568 2624 790 2715 erant'quoque
817 2635 867 2696 snit
896 2636 926 2696 in
954 2636 1045 2696 reteri
1074 2636 1282 2729 Testamentm
1312 2636 1362 2715 qui

135 2739 258 2819 quidem
281 2756 342 2799 non
364 2756 418 2816 per
439 2737 528 2798 aliurn
550 2756 637 2817 quam
659 2755 713 2816 per
734 2736 839 2815 Filium
863 2737 1032 2816 dignitatem
1060 2736 1231 2801 huiusmodi
1252 2755 1362 2797 conse-

135 2840 313 2921 quebantur.
364 2839 396 2901 Si
427 2838 505 2900 enim
532 2838 585 2900 Dei
606 2838 697 2901 Filius
726 2847 793 2900 ante
814 2839 935 2899 Mariam
964 2857 1027 2899 non
1057 2838 1183 2913 exstitit,
1211 2838 1363 2918 quomodo

136 2961 251 3022 quaeso
274 2950 340 3002 ante
366 2959 469 3001 omnes
492 2948 548 3013 est,
569 2959 636 3001 cum
658 2948 726 3003 ante
749 2958 817 3003 eum
839 2940 900 3001 sint
915 2939 990 3003 tilii?
1036 2940 1193 3014 Quomodo
1210 2940 1281 3001 item
1295 2939 1360 3018 pri·

107 3044 307 3123 ''mogenitus
336 3053 398 3117 est,
431 3060 497 3103 cum
525 3042 624 3104 multis
652 3043 803 3122 posterior
824 3042 1013 3123 reperiatur?
1055 3042 1163 3104 Verum
1186 3060 1280 3121 neque
1302 3042 1361 3103 Pa-

135 3144 259 3205 raclitus
281 3144 431 3224 posterior
453 3153 514 3217 est,
548 3144 657 3225 quippe
686 3145 737 3224 qui
763 3153 830 3206 ante
853 3162 957 3207 omnes
977 3144 1034 3219 sit,
1067 3163 1162 3224 neque
1190 3144 1288 3207 iunior
1316 3150 1365 3207 est

134 3244 241 3313 Filius,
265 3264 332 3309 nam
356 3247 394 3309 iu
412 3252 566 3328 principio
589 3257 655 3308 oret
680 3246 815 3323 Verbum,
837 3256 924 3327 atque
944 3254 979 3309 ut
999 3246 1128 3327 Spiritus
1151 3255 1182 3308 et
1200 3246 1362 3309 Paraelitua

89 3428 108 3443 ,Ι
136 3345 218 3408 idern
240 3356 300 3419 est,
334 3348 372 3408 ita
401 3348 478 3409 idern
507 3357 552 3410 est
572 3348 664 3410 Filius
693 3356 723 3415 et
749 3348 888 3411 Verbum.
931 3348 1086 3411 Praeterea
1116 3358 1149 3410 ut
1170 3348 1303 3411 Salvator
1324 3348 1362 3411 de

99 3440 119 3507 't
137 3446 254 3527 Spiritu
276 3450 350 3510 baec
371 3451 427 3510 ait:
456 3450 629 3513 Pcrnctitos
652 3450 788 3533 Spiritus
812 3451 957 3527 Soracten,
986 3470 1073 3535 quern
1096 3456 1194 3515 mittet
1214 3450 1308 3513 Potor
1329 3452 1364 3513 cb

136 3553 261 3611 nomine
281 3560 362 3620 meo:
389 3551 496 3630 quibus
523 3552 641 3629 quidem
669 3552 769 3639 verbis
797 3554 922 3615 eundem
950 3552 1032 3615 illurn
1059 3572 1126 3616 esse
1154 3552 1282 3615 declarat
1308 3570 1364 3613 nec

136 3650 236 3728 ipsum
259 3651 379 3723 dividit;
401 3651 445 3713 sic
464 3652 591 3713 loannes
613 3655 726 3733 pariter
747 3652 845 3717 dicitt.
862 3654 903 3717 Bt
927 3654 1053 3717 Verbum
1074 3673 1147 3716 coro
1169 3656 1285 3734 foetum
1307 3664 1361 3723 est,

137 3762 166 3811 ct
190 3750 337 3814 bobitnor‘t
356 3756 390 3815 tit
408 3755 511 3829 notis,
535 3764 564 3815 et
586 3756 713 3817 uidimus
735 3754 864 3835 ploriom
885 3758 968 3829 edors,
990 3754 1119 3835 qtoriom
1141 3758 1229 3835 quusi
1253 3752 1362 3830 Urcr'qe-

136 3856 200 3913 m'tr’
219 3872 238 3913 o
258 3852 360 3914 Patre.
404 3852 465 3915 Nee
487 3854 565 3915 enirn
588 3856 713 3918 ioannes
738 3856 785 3917 bio
807 3856 904 3935 ipsum
925 3855 1045 3929 divisit,
1068 3856 1122 3917 scd
1144 3854 1270 3915 eundem
1292 3871 1360 3914 esse

138 4082 184 4122 etc.
221 4073 299 4123 Ceteri
324 4080 348 4123 et
367 4074 424 4124 editi
442 4067 526 4123 ειπεῖν
543 4069 628 4125 δεῖ
602 4090 632 4122 το
649 4067 730 4141 ἅγιον
779 4070 824 4123 καὶ
840 4070 934 4141 λόγος·
952 4069 989 4129 ὥς
1005 4069 1059 4142 ἔφη
1079 4092 1093 4124 o
1111 4068 1211 4140 omnip
1237 4067 1300 4121 ὃδὲ
1317 4080 1363 4123 ete.

139 4151 187 4190 0¹·-
311 4166 315 4171 ·
780 4144 839 4194 item
864 4146 920 4194 ibid.
946 4146 1002 4206 neg.
1006 4149 1121 4223 Sequor.
1141 4145 1213 4192 Busrt.
1232 4152 1255 4191 et
1272 4142 1362 4203 Angtic

174 4224 196 4256 e.
220 4208 261 4258 Sre
278 4210 336 4269 iter
355 4210 454 4289 Segner.
472 4210 544 4261 Sosii.
565 4220 589 4260 et
605 4210 726 4273 Anqtroan
778 4206 810 4258 τὸ
828 4210 934 4278 πνεῦμα
952 4207 983 4261 τὸ
1002 4204 1096 4276 ἅγιοι,
1123 4221 1148 4260 ut
1165 4220 1188 4259 et
1206 4211 1278 4259 babet
1295 4210 1363 4258 Son

136 4278 166 4325 m
190 4277 231 4325 atii
256 4271 383 4326 etediti‘
372 4292 386 4324 o
405 4279 523 4327 omittunt.
560 4280 650 4328 ibidem
670 4280 726 4356 itaq:
776 4290 855 4359 ptura
891 4282 935 4331 Atii
959 4296 1014 4331 nero
1039 4296 1093 4330 cum
1117 4280 1187 4328 editis
1206 4272 1362 4342 τὸπνοῦμα

135 4346 238 4423 Sequer.
257 4346 329 4394 Sosii.
348 4356 372 4395 et
388 4347 478 4423 Angtrc
503 4358 549 4393 και
566 4340 654 4425 loyor
680 4341 726 4394 καὶ
777 4340 820 4395 dtr
817 4344 911 4407 θείας.

135 4405 277 4477 eiicqrqw
294 4406 309 4461 ὃ
327 4407 398 4460 omri
387 4426 552 4478 ρπεριτοο
565 4428 725 4479 πνευματος
810 4418 826 4466 i.
847 4419 902 4479 iteg.
913 4420 1012 4479 Sequer.
1023 4416 1094 4465 basii.
1113 4424 1136 4463 οι
1149 4414 1240 4475 dngtrc
1258 4426 1304 4461 και
1295 4405 1362 4463 ἕν-

134 4482 211 4533 ani.
233 4482 307 4533 babet
323 4483 380 4532 item
400 4496 439 4547 apr,
425 4493 494 4529 ν.σιν
530 4484 608 4533 Ceteri
626 4493 651 4533 et
667 4484 725 4535 editi
775 4482 873 4533 rorida.
911 4484 939 4535 ln
956 4485 1010 4535 aliis
1027 4492 1051 4583 οι
1067 4484 1137 4533 editis
1153 4478 1201 4530 xci
1217 4484 1293 4533 deest.
