2948 5092
575 40 585 55 ⁶
647 65 680 117 ὀ

453 263 599 307 neronom
613 264 633 345 ι.
650 263 686 303 ιιι
701 262 897 340 summitas.
1219 251 1283 315 677

63 417 165 479 Ariani
187 416 306 495 quidem
329 416 385 477 etsi
408 432 580 493 corpoream
603 411 690 475 Verbi
718 415 917 493 praesentiam
945 424 974 478 et
1001 419 1077 497 quae
1103 417 1167 480 eius
1195 403 1367 480 uuistuom

62 520 141 581 dicta
165 527 235 580 sunt
257 537 318 580 non
341 517 551 595 intelligerent,
574 532 609 575 ex
629 513 676 577 his
698 523 795 577 tamen
819 518 1005 581 occasionem
1033 539 1105 582 suae
1126 520 1283 585 commini-

59 621 192 684 soendae
214 620 347 682 haeresis
371 618 589 698 improbissime
611 616 688 680 nanti
710 617 762 680 liei
784 619 887 682 hostes
914 640 983 683 esse
1004 630 1035 683 et
1055 640 1125 683 vere
1146 621 1185 684 de
1206 631 1284 684 tona

60 723 164 784 inania
185 723 266 801 loqui
289 720 411 783 convicti
435 729 514 781 sunt.
558 718 616 779 vos
632 737 708 781 *vero
731 719 876 783 undenam
898 741 1010 801 quaeso
1032 724 1064 785 in
1086 743 1219 807 errprem
1233 725 1282 786 in-

61 825 144 886 ducti
167 823 264 885 estis?
309 824 383 896 Quis
406 841 460 882 ros
482 822 522 882 ita
544 821 652 893 doonit,
674 821 719 881 rel
741 822 807 901 quis
824 823 941 885 tandem
954 825 1060 888 modus
1081 825 1174 887 vostri
1195 844 1282 887 erro-

60 925 129 988 ris?
176 925 354 1004 „Legimus,
383 924 534 1004 inquiunt,
560 923 590 983 in
611 923 759 1002 Propheta
780 923 870 986 hmos
898 925 972 988 haec
992 925 1045 988 Dei
1066 919 1170 989 ierba:
1202 927 1284 1002 Quin

59 1047 156 1102 „ecee
179 1046 230 1108 epo
252 1028 382 1108 firmans
406 1031 523 1089 tonitru
545 1035 572 1087 et
594 1043 701 1088 erentes
724 1028 867 1104 spiritum
893 1039 923 1090 et
953 1033 1145 1090 uuuuuoiuru
1166 1030 1206 1090 od
1227 1029 1281 1091 lto·

59 1134 184 1204 „mima
210 1129 363 1192 Christum
384 1133 457 1199 euro,
479 1129 594 1206 sortem
618 1125 784 1188 diluentium
805 1137 834 1190 et
854 1129 993 1191 aetutem
1015 1140 1044 1192 et
1062 1131 1205 1211 prodicus
1228 1148 1283 1190 ιιι-

46 1243 79 1305 ⁰„
84 1251 146 1314 per
174 1230 294 1294 euoeiao
322 1242 439 1300 terroe,
472 1228 618 1289 Dominus
640 1226 723 1290 Deus
752 1233 938 1309 otnuipoteus
968 1248 1076 1293 nomeu
1097 1234 1165 1313 apti.
1209 1228 1282 1291 lude

59 1380 80 1408 „
88 1333 209 1395 adducti
230 1333 359 1403 luimus,
382 1340 415 1392 ut
435 1330 565 1401 Arianis,
589 1328 637 1408 qui
659 1329 802 1408 Spiritum
823 1341 957 1394 sanetum
978 1351 1042 1394 rem
1065 1342 1190 1394 creatam
1212 1349 1282 1394 esse

57 1482 78 1510 „
88 1436 213 1508 docent,
244 1434 489 1496 assentiremur.“
532 1433 575 1492 An
604 1449 674 1511 ergo
703 1431 782 1511 quod
811 1433 889 1511 apud
915 1435 1007 1496 Amos
1036 1443 1132 1497 exstat
1156 1433 1281 1513 legistis,

55 1537 140 1616 quod
163 1546 261 1598 autem
283 1536 313 1596 in
329 1534 495 1595 Proverbiis
518 1532 639 1594 dicitur:
661 1532 809 1595 Dominus
827 1540 999 1598 ereuut'tme
1020 1517 1141 1600 initium
1161 1540 1281 1599 othrum

56 1658 189 1701 auorum
210 1642 243 1699 iu
265 1656 359 1716 opero
381 1655 452 1706 ouo,
485 1654 521 1695 an
543 1633 655 1713 legistis
677 1653 734 1696 neo
754 1632 817 1697 nei
859 1637 977 1715 Erssone
993 1626 1080 1700 ¹istud
1100 1636 1280 1700 Proverbio·

55 1759 124 1802 rum
148 1759 183 1802 er
205 1741 328 1800 veritate
351 1737 598 1817 interpretamini,
628 1747 677 1798 no·
694 1736 829 1798 videlicet
849 1739 975 1801 Verbum
998 1758 1062 1800 rem
1084 1746 1211 1801 meatem
1232 1738 1279 1801 di·

55 1841 148 1914 eatis,
172 1841 241 1901 illud
265 1848 362 1902 antem
384 1840 550 1918 Prophetae
571 1838 650 1902 nulla
671 1838 915 1917 interpretatione
937 1841 1105 1921 explicatis,
1134 1841 1189 1903 sed
1209 1859 1281 1903 roeo

54 1947 187 2023 epiritus
211 1943 412 2003 tantummodo
434 1941 532 2004 audita
555 1940 698 2019 Spiritum
725 1948 858 2003 sanetum
887 1960 952 2005 rem
981 1951 1108 2005 ormtam
1137 1942 1192 2004 diei
1216 1941 1281 2005 exi·

54 2041 209 2105 stimatis?
252 2043 339 2123 Atqui
362 2044 392 2103 in
413 2042 581 2103 Proverbiis
605 2025 754 2120 Sapientia
776 2051 876 2121 aperte
898 2043 969 2106 dioit
990 2049 1103 2106 creavit
1123 2064 1180 2107 me.
1222 2044 1280 2108 Ve-

54 2154 223 2221 rumtamen
245 2154 325 2206 recte
348 2163 400 2204 vos
423 2144 531 2205 dictum
555 2143 623 2205 illud
647 2143 685 2204 ita
708 2143 860 2222 excipitis,
893 2153 1007 2208 utnon
1030 2143 1201 2208 oreatrioem
1223 2144 1279 2207 Sa·
1349 2209 1355 2231 ‚

53 2248 198 2328 pientiam
221 2247 312 2307 robus
335 2246 440 2307 creatis
463 2236 674 2306 annumeratis.
718 2244 768 2306 Sic
789 2245 878 2325 igitur
898 2264 956 2306 vox
977 2245 1025 2306 illa
1039 2245 1205 2326 Prophetae
1218 2263 1281 2309 nou
1323 2249 1332 2264 “

55 2349 201 2427 Spiritum
225 2357 358 2410 sanctum
381 2348 517 2419 denotat,
545 2346 598 2408 sed
627 2355 739 2410 tantum
768 2348 804 2408 de
826 2346 933 2426 spiritu
954 2347 1070 2408 dicitur.
1115 2347 1186 2409 Cum
1209 2366 1279 2427 ergo

53 2450 146 2511 multa
169 2450 259 2511 sitin
282 2434 441 2527 Scripturis
463 2448 619 2528 spirituum
642 2448 817 2521 differentia,
839 2457 1012 2526 rectumque
1027 2466 1150 2510 sensum
1170 2447 1280 2512 habete
1324 2439 1329 2449 ’

52 2551 155 2631 possit
176 2552 234 2612 iste
256 2551 423 2630 Scripturae
445 2550 541 2622 loeus,
565 2569 617 2610 our
638 2569 692 2610 ros
715 2550 794 2612 velut
815 2549 935 2628 litigiosi
952 2558 1003 2610 aut
1017 2550 1164 2628 serpentis
1179 2549 1280 2612 briam

52 2672 159 2715 morsu
186 2653 306 2714 ulcerati
336 2654 372 2714 tle
390 2653 506 2733 Spiritu
537 2662 637 2714 saneto
659 2653 834 2731 prophetam
856 2652 947 2715 Amos
975 2651 1057 2729 loqui
1085 2649 1278 2726 arbitramini,

48 2774 89 2816 ne
113 2752 229 2815 scilieet
250 2755 371 2816 credere
393 2755 557 2828 desistatis,
582 2753 725 2834 Spiritum
748 2761 880 2817 sanetum
903 2772 966 2815 rem
987 2760 1115 2815 creatam
1137 2749 1228 2815 esse?
1327 2789 1329 2799 ·

140 3164 170 3221 4.
215 3158 307 3220 Dicite
330 3160 450 3230 amabo,
480 3179 516 3220 an
547 3160 575 3220 in
599 3159 697 3238 aliipuo
718 3158 834 3222 divinae
857 3158 1025 3239 Scripturae
1046 3160 1112 3223 looo
1134 3159 1278 3239 Spirihrm

43 3269 187 3323 mucium
211 3261 383 3341 shupliciter
404 3263 541 3341 spiritum
565 3262 622 3324 diei
643 3262 815 3340 reperiatis,
844 3263 911 3323 sine
939 3261 1036 3325 addita
1064 3280 1134 3323 uoce
1156 3261 1202 3323 rel
1223 3261 1277 3322 Dei

45 3363 97 3425 rel
119 3362 217 3423 Patris
247 3364 293 3423 vel
320 3364 379 3424 mei
407 3363 452 3423 vel
480 3363 575 3442 ipsius
598 3363 708 3426 Christi
729 3372 759 3426 et
779 3363 860 3438 Filii,
894 3362 939 3424 vel
961 3381 1062 3437 ame,
1090 3363 1170 3442 quod
1191 3372 1240 3426 est
1258 3381 1278 3424 a

45 3465 126 3537 lieo,
149 3465 193 3525 vel
215 3465 273 3525 nisi
297 3484 362 3526 cum
386 3465 518 3540 articulo,
543 3467 583 3526 ita
605 3473 720 3528 utnon
742 3466 865 3545 spiritus
881 3464 985 3528 solum
1005 3465 1129 3536 dieatm
1157 3463 1209 3526 sed
1231 3463 1277 3527 rei
1355 3525 1359 3533 ,

44 3566 98 3628 ille
121 3565 250 3646 Spiritus
278 3568 323 3628 rel
354 3567 481 3647 Spiritus
512 3576 632 3632 sanetus
659 3569 704 3631 vel
733 3568 895 3632 Paraolitns
924 3569 968 3630 rol
997 3568 1146 3640 veritatis,
1178 3568 1278 3630 idest

792 3782 807 3805 .,
1157 3790 1159 3795 ,

43 3835 98 3886 qne
117 3821 147 3868 sd
165 3813 197 3866 τὸ
216 3818 321 3885 πνεῦμα
339 3815 370 3867 τὸ
390 3812 484 3885 ἅγιον,
510 3823 597 3872 desunt
616 3824 654 3873 itt
690 3824 747 3873 editi
766 3815 896 3887 φανερόν.
938 3822 989 3872 lior
1007 3823 1063 3884 lleg
1082 3821 1105 3871 2.
1129 3811 1274 3884 intutus·

45 3905 96 3940 ms
115 3888 187 3937 Rasil
689 3892 901 3970 alliciuntur
921 3893 1038 3940 omittunt

83 3973 106 4007 c.
127 3957 184 4016 lleg
204 3955 225 4004 2
245 3949 320 4036 nupsi
338 3949 492 4022 τουἈμιόι·
526 3958 638 4007 noisi—
724 3960 741 4009 l.
759 3951 788 4006 ἒν
806 3961 874 4009 abest
891 3975 904 4007 a
923 3959 1019 4010 Gobler.
1038 3966 1062 4008 et
1079 3957 1184 4007 teleta.
1197 3957 1218 4006 1.

43 4041 118 4091 gaer.
138 4016 262 4088 ὅκύριος
279 4037 366 4074 eureos
384 4035 429 4074 ete.
660 4057 665 4067 ·
723 4042 746 4087 a.
763 4028 803 4077 Sic
827 4028 883 4088 nep.
902 4028 922 4076 l
967 4027 1045 4076 Ceteri
1072 4033 1095 4075 et
1120 4025 1176 4075 editi
1197 4016 1276 4072 πνεύ-

82 4093 108 4142 d.
127 4093 168 4141 Sic
187 4094 277 4154 Regi
322 4094 399 4143 Ceteri
418 4109 472 4142 rero
492 4102 515 4141 et
533 4094 588 4143 editi
607 4088 637 4141 rb
689 4107 784 4159 ματος.

42 4152 110 4209 δὲ’
96 4173 127 4207 εν
145 4154 537 4227 ταῖςπαροιμίαιςλεγόμενον,
557 4160 637 4209 τοῦτο
723 4165 745 4211 h.
765 4155 805 4211 st'o
823 4163 879 4224 lleg.
901 4162 920 4211 1
940 4162 1037 4224 Seguer.
1057 4160 1154 4211 Gobler.
1188 4159 1233 4208 ttit
1251 4167 1275 4209 et

39 4225 107 4295 μέν
145 4228 202 4277 ltom
223 4245 275 4277 mox
295 4231 383 4289 liciat
402 4231 492 4291 Anglic.
504 4229 602 4280 Gobler
616 4237 640 4280 et
688 4230 744 4279 editi
762 4223 921 4295 εὑρίσκεται.

44 4298 155 4346 selchin
168 4302 188 4345 l
202 4289 238 4349 oie
253 4289 309 4374 ἔχει
327 4291 462 4355 uiritim
491 4298 535 4348 ΑΙιι
546 4307 569 4348 et
581 4299 637 4347 editt
723 4301 737 4348 1.
763 4300 854 4359 Regni
872 4307 894 4347 et
906 4299 978 4359 Sego
996 4287 1011 4354 ἢ
1031 4293 1079 4343 τοῦ
1092 4291 1225 4372 χριστοῦ.
1227 4303 1272 4344 ete.

42 4358 83 4418 ὡς
102 4356 191 4428 ἔχειν)
183 4356 330 4423 ittarta.
647 4353 689 4444 ο
723 4367 744 4415 lr.
759 4368 813 4429 [ιιι.
822 4354 1274 4444 secundusomittitoiiiurbnurripeu.

81 4448 104 4482 e.
123 4434 165 4481 Sic
184 4435 269 4494 ltogios
288 4436 380 4496 primns
399 4442 422 4482 ot
439 4435 574 4491 secundus
592 4435 637 4483 Se·
687 4435 779 4483 ibidem
798 4427 830 4481 τό
847 4436 884 4485 bis
903 4448 957 4484 mor
974 4447 1043 4497 sequ.
1053 4432 1145 4483 deest
1140 4447 1163 4481 ιιι
1181 4432 1238 4494 liei.
1251 4432 1274 4481 t.

38 4516 114 4564 guen.
134 4500 207 4553 [iasii.
225 4503 314 4563 Anglic.
334 4510 369 4550 et
375 4502 488 4552 Ottobon.
524 4504 603 4553 Ceteri
614 4510 638 4553 et
688 4509 712 4552 et
729 4502 828 4604 Segner.

1206 4651 1245 4771 'e
