2948 5092
123 217 166 279 lo
639 231 812 275 amareris.

1336 324 1345 355 l

126 383 269 462 temporis
289 382 463 445 Christianis
485 382 658 462 praesertim
681 383 712 443 in
725 382 856 462 Aegypto
878 382 975 460 magni
998 383 1237 456 aestimabantur,
1261 385 1342 449 sinat

124 494 154 547 et
175 484 320 563 Origenes
351 484 417 562 ipsc
450 492 520 545 tune
551 483 628 563 apud
655 484 814 563 plerosque
842 485 953 563 optima
983 496 1013 547 et
1039 485 1232 546 meritissima
1262 486 1341 549 lame

124 587 321 662 fruebatur*).
365 585 545 647 Confirmant
567 585 595 646 id
616 585 730 655 laudes,
752 584 858 664 quibus
880 585 917 645 ab
932 585 1092 651 Athanasio
1114 586 1152 647 de
1173 585 1256 647 decr.
1273 605 1341 666 syn.

124 687 187 749 Nic
210 707 235 749 c.
251 690 303 750 27.
330 695 360 747 et
379 686 435 767 Ep.
458 685 496 748 ad
517 686 618 764 Serap.
634 686 680 747 lV.
704 705 729 747 c.
748 688 778 749 9.
802 686 1003 765 praedicatur,
1031 697 1062 750 et
1088 687 1281 767 reperiuntur
1307 688 1340 751 in

124 788 210 850 libris
231 787 380 851 Athanasii
413 787 491 849 baud
522 806 629 867 praeca,
661 806 697 881 ²¹.
729 786 836 866 quibus
865 796 1015 851 auctorem
1038 789 1167 869 Origene
1195 790 1341 868 magistro

124 908 210 953 usum
239 908 307 952 esse
335 908 391 951 nec
417 888 757 977 scriptadiscipulorum
780 889 928 963 eiusdem,
957 890 1036 953 velut
1056 890 1188 971 Dionysii
1208 891 1342 955 Alexam

124 992 201 1054 drini
224 999 253 1053 et
268 990 461 1070 Theognosti,
483 990 671 1071 improbasse
692 990 889 1069 cognoscitur.
917 992 1019 1071 Aeque
1040 1002 1152 1055 eertum
1174 1002 1232 1063 est,
1257 993 1343 1057 illum

123 1094 309 1174 philosophia
331 1093 480 1155 Platonica
501 1092 693 1154 Alexandriae
714 1091 841 1171 vigente,
864 1093 911 1155 cui
933 1093 1078 1172 Origenes
1099 1093 1260 1174 plurimum
1284 1095 1341 1157 tri·

123 1194 243 1269 haeret,
275 1194 420 1256 imbutum
452 1193 545 1255 luisse
576 1201 606 1254 et
634 1192 751 1272 quidem
780 1212 815 1255 er
843 1194 964 1274 puriore
985 1194 1110 1257 formula
1132 1197 1264 1257 tortasse
1286 1214 1343 1275 per

124 1297 220 1359 studia
235 1297 342 1358 Plotini
365 1305 512 1367 revocata,
534 1294 618 1357 cuius
639 1294 760 1374 vestigia
783 1295 872 1358 etiam
895 1297 925 1357 in
939 1296 1039 1358 Basilii
1061 1297 1247 1377 aliorumque
1270 1316 1343 1361 sae-

123 1399 180 1460 culi
202 1398 297 1478 quarti
320 1398 476 1459 doctorum
499 1397 618 1477 scriptis
641 1396 911 1475 deprehenduntur.
941 1399 972 1460 Si
995 1399 1062 1478 quis
1083 1399 1181 1459 auimo
1204 1399 1240 1460 ad
1264 1399 1344 1463 hanc

123 1518 185 1561 rern
213 1498 496 1560 attentoAthanasii
522 1498 616 1560 libros
643 1509 811 1577 percurrat,
841 1499 866 1560 is
890 1501 979 1561 multa
1000 1500 1073 1562 satis
1097 1500 1228 1561 offendet
1250 1518 1344 1580 prae·

124 1601 227 1663 sertim
250 1602 280 1662 in
302 1600 419 1662 duobus
440 1600 649 1680 apologeticis,
678 1619 752 1679 quac
774 1612 875 1680 aperte
899 1601 1096 1681 eloquentiam
1120 1610 1150 1664 et
1163 1601 1340 1667 ‚neminen

24 1694 28 1705 '
123 1703 301 1791 blatonimm
322 1702 448 1782 sapiunt.

207 2006 286 2069 llaec
312 2006 455 2069 hactenns
481 2007 610 2068 loannes
634 2005 769 2067 Cenoem
793 2005 904 2082 Tarne,
932 2025 1022 2086 quum
1051 2018 1118 2068 ante
1147 2007 1226 2069 diem
1250 2008 1341 2073 xvh.

124 2110 236 2170 mensis
266 2110 333 2171 maii
364 2110 393 2169 h.
421 2128 447 2170 a.
471 2127 580 2183 annum
608 2126 697 2186 agens
726 2107 1021 2187 undesexagesimum
1051 2109 1129 2179 suis,
1158 2109 1340 2183 academiae,

123 2210 168 2272 eni
198 2220 278 2272 tanto
308 2220 482 2272 ornamento
505 2212 568 2281 luit,
591 2220 678 2288 atque
700 2208 865 2289 theologiae
888 2211 1063 2290 eriperetur.
1106 2211 1193 2271 blulta
1217 2222 1341 2289 praeter

122 2313 195 2375 haec
215 2312 418 2392 disputaturus
440 2313 511 2382 luit,
539 2311 605 2390 plns
629 2311 706 2372 enim
729 2311 820 2371 semel
843 2312 879 2372 de
901 2313 1059 2373 Athanasio
1082 2311 1198 2373 eteius
1222 2312 1340 2375 doctri·

122 2432 158 2474 na
180 2413 381 2494 librorumque
403 2415 459 2474 hoc
481 2412 628 2474 volumine
650 2411 842 2489 repetiturum
865 2421 967 2475 natura
990 2424 1020 2474 et
1041 2422 1191 2475 momento
1213 2413 1340 2477 uberius

122 2515 317 2595 subtiliusque
351 2515 515 2594 expositum
547 2513 583 2574 ici
617 2513 687 2573 mihi
714 2512 909 2591 ‘significarim
941 2523 970 2576 at
996 2515 1073 2594 proh
1102 2514 1189 2575 dolor
1216 2525 1341 2593 praeter

122 2616 312 2679 brevissimas
342 2615 481 2696 quasdam
510 2615 627 2675 notulas
655 2614 778 2692 fugitivo
800 2615 910 2677 calamo
934 2616 963 2676 in
987 2617 1146 2677 memoriae
1167 2615 1339 2679 subsidium

121 2728 251 2780 exaratas
283 2718 328 2779 vel
361 2718 460 2796 petius
482 2716 629 2797 proiectas
651 2715 843 2795 locorumque
865 2716 976 2797 aliquot
997 2719 1160 2779 accuratius
1183 2718 1339 2798 explican-

121 2821 226 2882 dorum
249 2819 466 2881 adnotationem
488 2818 560 2879 nihil
583 2818 612 2878 in
636 2818 701 2879 eius
722 2818 839 2879 schedis
862 2818 1011 2881 inventum
1033 2827 1088 2891 est,
1110 2818 1190 2897 qnod
1212 2819 1249 2880 ad
1265 2821 1338 2883 illud

122 2922 273 2983 exordium
301 2921 470 2999 pertineret.
514 2919 547 2980 ld
574 2920 652 2998 quod
675 2938 710 2979 eo
733 2919 825 2996 magis
849 2920 1024 2991 dolendum,
1053 2939 1111 2998 quo
1133 2920 1276 2982 maiorem
1299 2922 1337 2983 de

112 3022 175 3083 hac
206 3021 389 3099 praelatione
416 3021 666 3097 exspectationem
694 3022 792 3080 lovere
819 3019 910 3081 licuit.
955 3021 1021 3082 Fuit
1050 3022 1128 3082 euim
1156 3021 1230 3083 bace
1257 3021 1337 3083 beati

121 3122 173 3181 siri
202 3120 329 3182 eruditio
358 3129 389 3180 et
415 3120 573 3198 singularis
602 3119 754 3181 doetrinae
774 3121 969 3199 praestantia,
999 3132 1031 3183 nt
1052 3122 1081 3183 in
1103 3123 1162 3185 hoc
1182 3123 1335 3187 literarum

121 3241 228 3303 genere
255 3230 285 3283 et
312 3221 453 3283 habitaret
482 3229 511 3283 ct
531 3230 682 3300 regnaret,
714 3240 808 3300 neque
830 3222 912 3283 tacite
934 3225 1011 3285 inter
1031 3232 1150 3285 nostrae
1173 3226 1337 3287 memoriae

120 3324 275 3403 theologos
297 3323 444 3384 inveneris
467 3342 554 3402 quem
575 3322 711 3384 Patribus
734 3323 952 3385 familiariorem
974 3324 1191 3404 historicaeqne
1213 3326 1336 3389 theolo-

120 3425 184 3504 giae
216 3425 387 3506 peritiorem
415 3425 523 3487 dicas·
547 3424 586 3485 Et
612 3424 671 3486 hoe
697 3424 815 3504 quidem
842 3442 901 3487 non
931 3445 966 3486 eo
994 3444 1080 3487 ame
1102 3426 1201 3489 anime
1223 3427 1337 3491 di'ctum

121 3536 183 3599 est,
206 3537 239 3589 ut
261 3527 429 3605 theologum
451 3526 565 3588 laudem
588 3545 653 3587 mee
675 3535 754 3587 certe
775 3525 861 3587 laude
882 3527 970 3604 longe
992 3527 1195 3606 superiorem,
1226 3530 1281 3591 sed
1305 3540 1339 3592 ut

120 3638 259 3708 appareat
279 3637 419 3707 quantum
442 3627 478 3689 ab
499 3626 547 3688 his
569 3627 789 3708 prolegomenis
812 3629 993 3707 sperandum¹
1012 3629 1117 3702 luerit,
1147 3648 1239 3709 quum
1263 3632 1338 3693 baec

120 3730 299 3791 Bibliotheca
326 3729 413 3790 beate
442 3729 553 3791 auctori
582 3738 737 3808 tantopere
759 3729 841 3791 cordi
864 3740 961 3803 esset,
984 3740 1017 3793 nt
1038 3750 1119 3802 cam,
1141 3730 1178 3791 de
1199 3751 1257 3811 qua
1281 3750 1337 3812 per

126 3872 426 3885 u————-—-·

187 3948 212 4007 ⁴¹)
231 3950 351 4000 Credibile
369 3966 416 4000 non
436 3959 472 3999 est
488 3964 502 3998 ι
521 3950 590 3999 Petro
604 3949 761 3998 Alexandrino
779 3951 896 4012 episcopo
913 3952 949 3999 sic
967 3951 1109 4012 de0rigenc
1127 3952 1257 4002 indicatum
1271 3967 1336 4011 esse,

120 4035 321 4100 quemadmodem
347 4036 370 4084 in
389 4050 427 4099 ep.
447 4035 569 4085 iustiniani
588 4035 618 4085 ed
636 4034 744 4083 hennam
764 4034 875 4093 teoncttt.
894 4036 931 4085 ed.
951 4035 1025 4084 densi
1043 4037 1109 4085 Tem.
1124 4036 1162 4084 ll.
1181 4053 1203 4100 p.
1216 4037 1288 4097 504.)
1306 4052 1334 4089 ex

119 4120 183 4169 Actis
202 4120 262 4169 Petri
277 4120 340 4168 tter.
360 4120 421 4177 tide,
440 4127 465 4168 ut
481 4119 588 4177 videtur,
613 4118 674 4167 hacid
694 4118 771 4180 dignis
789 4120 899 4168 reicitur.
936 4119 1005 4169 Conl.
1024 4120 1193 4169 Tillemontius
1211 4122 1333 4173 ,deheim

120 4206 188 4255 Tem.
201 4204 241 4253 lll.
260 4220 282 4268 p.
295 4204 392 4267 588sq.
430 4205 517 4253 Cerrtra
536 4204 670 4253 verosimile
689 4211 733 4262 est,
751 4200 922 4261 Alexandrum,
942 4204 1004 4253 l’etri
1024 4214 1078 4268 post
1097 4206 1213 4254 Achillam
1233 4222 1336 4257 succa·

120 4304 214 4349 sorem,
232 4288 272 4353 qui
291 4287 443 4337 Athanasium
463 4288 485 4336 in
505 4288 598 4337 diaconi
618 4288 725 4336 ordinem
744 4288 862 4349 promovit
881 4296 902 4336 ct
921 4290 944 4337 iu
964 4290 1144 4338 contubernium
1165 4290 1264 4349 ascirit,
1283 4298 1336 4341 sta·

66 4396 70 4409 ·
120 4374 166 4422 diis
188 4373 324 4436 theologiae
342 4372 499 4433 Origenianae
524 4372 623 4427 lavisse,
648 4386 720 4435 qaum
745 4370 797 4433 ipse
816 4370 838 4418 in
857 4372 996 4436 explicando
1015 4382 1037 4422 et
1055 4373 1204 4423 defendenda
1224 4376 1335 4426 doctrina

119 4456 150 4508 de
167 4466 264 4509 esterna
281 4457 323 4508 lilii
341 4464 495 4521 generatione
513 4457 623 4518 origenis
640 4457 736 4519 vestigia
754 4458 878 4518 presserit.
