2934 5078
118 393 307 476 mim
336 413 388 460 m
417 395 600 461 utu-ou.
643 395 753 461 tenu
782 380 843 461 ine
867 398 969 480 ιμωι
1000 400 1162 483 etigunt.
1184 403 1437 470 &runem-e

117 495 347 560 benevolentia
365 505 398 560 et
416 496 608 577 benignitatis
629 505 677 560 est
696 498 832 561 effeetus
865 499 1014 575 Quoniam
1037 501 1117 567 enim
1138 502 1231 567 iroruo
1252 507 1348 570 tonos

119 604 182 670 ost,
212 596 325 661 ideireo
351 607 478 680 propter
502 616 622 661 teroem
644 597 830 679 ignorantem
852 598 953 665 diens
972 619 1036 664 non
1057 602 1209 667 eruboeed
1227 604 1348 683 Nostin,

117 705 153 759 nt
174 698 291 761 soiiimt
310 698 460 772 ostendet,
481 718 516 761 se
537 707 571 763 nt
590 698 685 761 lienus
705 699 795 775 seire,
816 708 849 763 et
869 702 1034 765 ιωιιιιιιιιιιι
1056 722 1176 768 amem
1197 706 1348 788 gnorsre.

119 798 223 879 itsque
243 818 306 863 uon
326 800 415 865 dixit:
436 801 539 882 Neque
559 800 652 863 Filius
672 798 727 863 liei
746 801 841 877 norit,
863 820 903 865 ne
923 802 1062 867 divinitus
1075 804 1215 884 ignorare
1228 808 1348 871 ridere·

120 908 178 975 tur,
199 902 254 964 sed
274 902 481 965 tantumnodo
502 921 598 984 usgue
621 900 731 975 Filius,
752 903 947 971 ninimirum
969 903 1119 985 ignomin
1138 905 1207 969 titii
1229 927 1265 971 ex
1286 908 1345 971 iro·

118 1002 250 1067 minibus
272 1006 335 1067 usti
357 1022 427 1067 esee
447 1002 670 1083 intelligeretur.

203 1109 257 1171 tt.
299 1105 378 1169 iiiuc
398 1106 486 1168 etism
508 1123 577 1168 oum
598 1103 677 1167 idem
691 1102 730 1169 de
742 1104 864 1186 tegetis
885 1115 1081 1184 morderet,
1102 1126 1165 1171 non
1179 1109 1256 1172 uitro
1270 1128 1344 1190 pro·

117 1224 244 1285 pasus
265 1206 355 1269 dixti:
389 1224 486 1287 neque
512 1205 643 1286 Spiritus
670 1214 807 1281 omaus,
835 1208 890 1270 sed
910 1206 942 1271 id
962 1208 1092 1272 reticuit
1136 1210 1204 1284 Quo
1226 1211 1346 1291 quidem

106 1309 195 1370 -ineto
218 1307 278 1370 duo
299 1308 484 1388 signidervit
507 1308 648 1389 primunr,
670 1307 697 1369 si
717 1307 848 1390 Spiritus
870 1311 963 1384 norit,
984 1310 1077 1374 merito
1098 1311 1194 1393 uirgis
1215 1312 1369 1397 Verbum·

117 1418 265 1490 qneoeuus
280 1408 409 1473 Verbum
430 1417 479 1472 est
497 1428 601 1484 nosse,
622 1416 727 1489 ιιιροιο
740 1427 757 1471 ι
772 1428 833 1490 quo
844 1409 975 1492 spiritns
989 1410 1057 1493 ipse
1070 1413 1186 1494 nooipit,
1207 1413 1344 1489 sitorun,

117 1530 151 1572 se
173 1511 212 1573 de
233 1509 347 1591 Spiritu
369 1512 494 1575 tseeudo
516 1518 618 1591 operte
646 1510 833 1586 ostendisse,
861 1511 898 1574 de
925 1513 1054 1576 humone
1075 1533 1129 1577 sun
1151 1513 1344 1578 administre-

115 1612 198 1673 tioue
226 1630 260 1674 se
288 1612 402 1675 dixisse
428 1630 524 1694 urgeo
551 1611 661 1674 Filius.
713 1611 806 1675 (iuius
839 1613 960 1693 quidem
985 1613 1031 1677 rei
1058 1623 1264 1695 srgnmeoton
1286 1623 1343 1689 est,

114 1713 196 1793 quod
217 1731 285 1777 oum
307 1711 471 1776 seeundum
492 1713 649 1775 homonem
664 1720 800 1775 naturum
819 1711 945 1777 dixisset
957 1732 1053 1797 neque
1064 1715 1171 1790 Fiiier,
1193 1734 1229 1779 se
1244 1724 1343 1779 tomen

113 1815 279 1877 seeundum
300 1813 429 1877 divinem
451 1822 585 1877 naturum
608 1814 707 1877 nuruis
729 1832 914 1894 cognoscere
936 1815 1113 1879 ostenderit.
1157 1816 1290 1899 Namque
1304 1817 1344 1881 sb

112 1916 172 1977 hoo
197 1916 267 1996 ipso
298 1915 392 1991 Fiii05
424 1915 472 1978 oui
504 1914 583 1978 diem
615 1916 694 1978 illum
715 1915 846 1997 igrmm
869 1934 939 1979 esee
965 1916 1022 1992 nit,
1054 1917 1172 1981 Putrem
1200 1919 1342 2000 cognosci

114 2018 252 2080 desierat
297 2018 389 2082 Neron
421 2018 517 2084 enim.
547 2018 657 2098 inquit,
675 2016 811 2105 ,ranem
838 2023 993 2099 eogsosor't
1013 2023 1078 2082 uiri
1103 2018 1213 2095 titane.
1254 2020 1342 2101 Atqui

111 2136 202 2181 nemo
225 2128 274 2182 est
286 2130 405 2202 praeter
418 2120 554 2191 Minoes,
576 2119 629 2198 qui
643 2137 704 2180 nnn
720 2120 857 2194 iuuetur,
880 2138 958 2194 nrm,
981 2119 1032 2200 qui
1045 2120 1164 2183 Putrem
1178 2122 1341 2201 cognoscit,

111 2220 206 2283 mutto
228 2220 323 2301 magis
344 2219 483 2300 quiequid
504 2239 553 2282 res
577 2229 692 2284 eronus
713 2228 844 2302 spectet,
865 2220 946 2301 qnod
968 2231 998 2283 ot
1019 2239 1121 2284 esrum
1142 2223 1232 2285 finem
1255 2242 1340 2286 eoru-

110 2323 280 2402 prehendit.
302 2330 488 2402 compertu·
509 2321 629 2383 habere.
674 2322 762 2395 Quod
785 2321 812 2385 si
834 2321 900 2384 dies
921 2322 971 2384 ilie
993 2331 1025 2385 et
1044 2323 1119 2385 hors
1141 2324 1260 2387 nPetro
1281 2324 1341 2387 ism

111 2427 153 2486 sit
174 2425 305 2496 delinito,
327 2425 519 2505 perspinuurn
541 2433 597 2497 est,
620 2441 685 2485 enm
707 2442 763 2503 por
782 2423 889 2486 Filium
911 2425 1006 2486 trisse
1028 2422 1189 2498 defluum,
1212 2442 1341 2505 eumque

108 2524 236 2606 proinde
257 2525 337 2604 quod
359 2525 426 2605 ipse
447 2525 596 2588 definierit
616 2542 810 2605 cognoscere.
854 2523 934 2586 Nihil
965 2525 1044 2587 enim
1073 2533 1136 2598 est,
1169 2525 1250 2604 quod
1277 2533 1340 2585 uoti

108 2646 165 2708 per
185 2626 293 2690 ditium
315 2628 424 2690 inetum
445 2627 487 2689 sit
507 2637 538 2687 et
558 2625 724 2688 delinitum.
757 2625 810 2687 tlte
831 2625 922 2705 igitur
942 2644 1009 2688 curn
1031 2625 1071 2688 sit
1087 2644 1192 2725 perum
1206 2627 1340 2688 omnium

110 2729 245 2801 effector,
268 2728 351 2790 novit
372 2729 521 2808 protento,
544 2724 647 2808 quoles
669 2734 700 2788 et
720 2735 827 2807 quotus
848 2708 995 2806 queruqne
1016 2712 1172 2789 diuturnos
1195 2745 1264 2789 esse
1283 2745 1426 2791 ro-r.ees

108 2827 199 2891 luerit
219 2830 318 2892 Peter.
360 2829 446 2908 Atqui
469 2828 585 2891 iliorum
609 2837 639 2890 et
659 2846 785 2890 numero
809 2837 840 2889 et
859 2827 1052 2890 diuturnitate
1080 2828 1342 2917 eomprehenditur

108 2929 208 2991 iuturn
229 2929 363 3010 ipserum
384 2931 516 2993 montio.
550 2931 709 2992 Praetereo
730 2945 933 3009 quaeeuer
946 2929 1043 2991 Patris
1065 2936 1147 3003 snut,
1168 2938 1238 2991 sunt
1252 2928 1339 2991 etism

108 3032 188 3106 Filii,
210 3041 244 3095 ut
265 3040 391 3095 uentus
414 3033 479 3112 ipse
501 3044 563 3105 est,
585 3031 772 3110 proindeque
793 3030 821 3093 si
842 3031 939 3093 Petris
961 3040 1009 3093 est
1029 3031 1109 3092 diem
1130 3030 1211 3093 illum
1233 3029 1340 3110 engui-

108 3143 172 3195 tum
194 3134 316 3207 hebere,
339 3133 461 3196 dubium
483 3152 543 3194 unu
566 3140 622 3205 est,
646 3131 716 3212 quin
739 3130 815 3193 Filio
838 3150 958 3212 quoqne
979 3141 1154 3212 perspectus
1177 3132 1227 3204 sit,
1250 3130 1339 3211 idque
1397 3152 1401 3159 ·

108 3236 198 3297 etism
221 3254 255 3297 ex
277 3235 365 3298 Pstre
392 3234 547 3316 proprium
575 3234 624 3295 iiie
651 3232 768 3295 habent.
813 3233 939 3313 iusuper
964 3232 1057 3295 Filius
1080 3241 1127 3295 est
1148 3232 1178 3294 iu
1199 3232 1288 3295 Patre
1309 3242 1340 3295 et

107 3336 197 3399 Peter
218 3337 249 3398 iu
270 3336 363 3411 Fiii03
393 3337 471 3398 uude
495 3336 521 3396 si
542 3337 632 3398 Peter
652 3334 732 3396 diem
754 3343 786 3397 et
806 3334 910 3396 hornus
932 3334 1013 3397 illem
1034 3334 1205 3414 cognoscit.
1227 3334 1339 3396 derum

109 3446 157 3501 est
177 3438 302 3511 Filium,
332 3438 383 3518 qui
404 3438 435 3500 in
456 3437 544 3500 Patre
566 3444 614 3498 est
635 3446 665 3498 et
686 3455 762 3521 quoe
783 3435 880 3498 Petris
901 3443 974 3498 suut
993 3438 1097 3511 novit,
1118 3437 1197 3497 hono
1216 3435 1288 3497 item
1310 3443 1341 3497 et

106 3539 186 3601 diem
209 3550 240 3600 et
261 3540 365 3602 horem
387 3558 448 3601 nou
471 3540 619 3619 ignorare.
653 3538 770 3601 Rursus
793 3537 819 3599 si
841 3536 935 3600 Filius
955 3556 1025 3599 vern
1047 3547 1095 3600 est
1116 3538 1215 3617 imago
1230 3536 1339 3610 Putris,

141 3727 158 3774 t.
178 3725 235 3787 iteg.
256 3724 278 3773 i.
297 3736 321 3777 et
338 3728 438 3790 Seguer.
457 3721 536 3790 >tyre
571 3724 651 3775 Ceteri
675 3730 700 3774 et
782 3723 1085 3838 isieiteplaetseguer.
1104 3724 1148 3773 stit
1159 3732 1238 3773 entem
1248 3732 1272 3772 et
1282 3722 1339 3773 editi

106 3793 164 3843 editi
181 3787 316 3856 λέγουσιν.
746 3782 837 3838 rre'nor
852 3802 887 3839 κα
914 3782 966 3844 ἕως
983 3784 1059 3843 τινος
1076 3781 1162 3842 οὕτως
1179 3780 1246 3837 oriri
1264 3786 1338 3855 γενι-

139 3876 162 3923 g.
187 3861 229 3910 Sic
253 3869 353 3927 uterque
376 3861 473 3922 Regius,
500 3860 600 3922 Segner.
625 3858 696 3908 Bneii.
748 3856 817 3906 σθαι
833 3851 964 3920 βούληται
980 3850 996 3906 d
1013 3853 1117 3926 πατήρ·
1133 3852 1163 3905 ἐν
1172 3851 1249 3938 diupi
1258 3851 1314 3904 no'o

104 3929 197 3990 Aegiir„
217 3928 314 3980 deuter.
333 3940 356 3980 et
365 3929 480 3981 deicito.
500 3929 521 3978 ι.
546 3927 572 3976 ln
592 3927 697 3977 Feteim.
747 3918 868 3983 lateat
884 3921 968 3993 μέχρι
984 3918 1059 3979 τινὸς
1075 3919 1090 3984 ἡ
1110 3919 1217 3973 τούτων
1226 3920 1339 3989 αλλσγη.

107 3995 129 4044 d.
149 3995 237 4058 iegitur
255 4011 352 4061 quoqne
370 3989 623 4062 novopnioyrineter.
651 3995 697 4044 Αιιι
781 3995 803 4043 k.
821 3994 862 4043 Sin
881 4004 982 4059 uterque
1000 3996 1056 4056 iteg.
1067 3994 1208 4056 Segnerisn.
1224 3991 1295 4041 tritt.
1313 4000 1338 4041 et

107 4064 212 4127 editiqne
230 4058 447 4130 συνομτλογύσει
464 4056 501 4117 ὥς
516 4056 565 4111 τὸν
582 4057 696 4129 πατέρα.
746 4061 853 4111 Feiokm.
872 4061 895 4112 5.
930 4063 959 4111 tr
976 4061 1017 4110 eiii
1035 4070 1059 4110 ot
1077 4062 1134 4110 editi
1152 4052 1288 4118 δηλονότι.

104 4130 156 4181 lox
175 4118 440 4183 edessenunt.
781 4129 797 4178 Ι.
821 4129 863 4178 Sie
886 4136 987 4193 uterque
1010 4128 1098 4206 Regius
1115 4137 1140 4178 et
1157 4128 1256 4189 Segort-
1291 4125 1337 4176 stit

137 4200 161 4249 tr.
186 4199 245 4262 urg.
272 4199 294 4251 t.
318 4195 392 4254 τέλος
409 4190 611 4257 laurentinus·
649 4196 695 4246 Se·
747 4204 827 4247 snteur
845 4203 870 4246 nt
886 4196 946 4247 editi
962 4189 1009 4244 eoi
1025 4208 1077 4259 την
1093 4189 1208 4260 ἧμιρωι
1443 4198 1453 4215 ⁸

107 4280 171 4328 gner.
190 4262 266 4320 τέλος
282 4259 342 4317 tert
358 4259 466 4328 ταύτης.
511 4267 603 4316 ibidem
621 4264 694 4314 iidem
780 4278 813 4314 ur.
836 4263 878 4314 sie
902 4263 958 4327 fleg.
979 4264 1002 4314 t.
1020 4271 1044 4312 et
1061 4261 1085 4313 2.
1103 4261 1244 4324 Seguerirn.
1261 4260 1336 4311 iterii·

106 4344 128 4385 et
149 4338 183 4385 dn
201 4335 241 4386 iie.
263 4335 363 4388 'conten
388 4343 412 4386 et
437 4335 542 4385 reterre.
564 4334 584 4384 l.
607 4326 654 4381 καὶ
670 4323 696 4380 εἰ
744 4331 836 4394 Angiie.
856 4331 953 4382 Gobiet.
973 4340 997 4381 et
1013 4331 1119 4381 Friekm·
1139 4330 1162 4379 i.
1187 4328 1335 4379 <utiterum

106 4392 155 4462 idq
220 4393 348 4470 ἄρισται
392 4402 446 4455 stit
464 4410 489 4452 et
512 4401 569 4452 editi
592 4392 638 4449 καὶ
661 4391 694 4446 τὸ
746 4405 771 4449 et
794 4398 852 4448 editi
875 4392 923 4447 rei
945 4389 1055 4448 ειδέναι
1094 4397 1149 4476 1ιιοι
1171 4411 1219 4474 pro
1241 4384 1276 4444 δι’
1302 4378 1337 4445 ού

106 4464 178 4527 ῑύὶθτ
193 4462 309 4532 ταύτης·
328 4462 353 4523 ti
369 4463 401 4523 di
418 4461 469 4531 ἤδη
488 4459 612 4539 Quotus.
746 4465 846 4519 (initur.
862 4473 888 4517 rt
902 4464 1009 4517 isidor.
1028 4464 1053 4516 t.
1069 4457 1100 4513 δι
1122 4454 1194 4513 rien.
