2948 5092
338 258 987 307 muerouuoucuerrsmmmeremom.
1235 247 1275 308 77

65 416 109 484 uit
129 414 241 493 speruit
261 422 292 474 et
313 413 445 475 Patrem.
487 410 619 490 Namque
640 409 736 489 primo
760 409 874 471 etiamsi
888 410 982 472 Deum
997 411 1037 472 ita
1055 410 1274 490 appellaverint,
1282 426 1360 473 m

63 533 113 576 nou
141 515 210 577 inde
238 522 337 575 tameo
370 511 526 574 conficitur
546 511 674 573 Verbum
704 529 739 572 ex
765 511 849 572 lactis
878 511 967 571 rebus
1001 531 1079 573 esse.
1127 513 1164 574 Ut
1195 512 1275 575 euim

60 617 115 696 ipse
134 617 213 679 letus
235 624 285 676 est
305 612 490 676 substantioe
510 612 619 683 Putris,
642 612 687 675 sic
707 611 783 691 opud
806 611 887 672 illum
910 621 1053 690 perpetuo
1075 613 1184 675 existit.
1214 613 1276 694 Nee

60 718 125 778 euim
146 716 207 777 boc
229 734 340 777 nomeu
362 724 496 777 neturm
517 713 583 775 Filii
604 713 747 786 destruit,
769 730 864 790 neque
885 731 942 773 vox
964 714 1020 775 iste
1041 714 1201 775 uon—lecti
1222 733 1273 777 re·

59 819 141 880 lertur
160 816 199 878 ed
222 816 347 890 Filium,
371 816 425 877 sed
449 815 485 877 ad
508 833 556 887 eu,
586 832 661 894 quae
682 832 737 894 per
757 813 861 874 Filium
885 814 958 874 laets
982 822 1061 875 sunt
1104 816 1146 876 dc
1167 834 1273 896 quem-

57 902 204 980 admodum
228 917 280 996 qui
301 916 493 978 architectum
515 916 622 976 domus
644 914 690 975 rel
712 914 796 975 urbis
822 914 1037 995 aedificatorem
1052 916 1189 995 appellet,
1211 934 1273 978 non

58 1018 218 1082 huiusmodi
241 1017 384 1079 vocabulo
408 1016 498 1079 lilium
520 1035 556 1078 ex
577 1017 644 1095 ipso
667 1015 795 1095 genitum
818 1016 1050 1093 comprehendit,
1073 1016 1126 1077 sed
1143 1015 1201 1077 boc
1215 1035 1273 1076 no-

57 1121 139 1193 uiue,
168 1119 253 1199 quod
281 1119 401 1198 quidem
428 1118 469 1180 illi
496 1117 535 1179 ob
565 1135 648 1179 suam
675 1117 708 1178 in
735 1115 875 1177 aediliciis
898 1115 1105 1178 construendis
1128 1125 1221 1178 artem
1243 1124 1274 1178 et

57 1221 201 1282 edendam
224 1219 373 1292 tribuitur,
396 1219 540 1299 significet
562 1237 629 1280 eum
651 1217 776 1279 similem
799 1235 858 1278 non
882 1235 949 1278 esse
971 1217 1028 1291 his,
1051 1236 1126 1296 quae
1147 1217 1184 1279 ab
1206 1218 1273 1297 ipso
1316 1286 1320 1295 Ι

57 1324 118 1384 lecte
146 1331 238 1393 suut,
271 1339 337 1382 cum
368 1328 465 1382 eutem
493 1319 645 1381 architecti
671 1326 805 1380 naturam
833 1318 911 1380 idem
938 1337 1000 1379 nou
1026 1319 1158 1397 ignoret,
1191 1318 1275 1380 novit

57 1441 161 1502 mouere
182 1426 266 1492 bum,
286 1420 338 1498 qui
361 1439 397 1482 ex
417 1420 467 1481 illo
489 1421 604 1500 genitus
626 1428 682 1492 est,
704 1418 793 1480 elium
816 1421 939 1481 omniuo
962 1439 1029 1481 esse
1051 1418 1087 1481 ab
1109 1419 1167 1480 illis
1189 1419 1273 1480 aedi·
1316 1401 1328 1428 ''

58 1524 129 1596 iuis,
152 1542 190 1584 ac
209 1521 338 1601 proinde
360 1530 482 1600 propter
503 1521 594 1582 lilium
617 1520 715 1600 ipsum
736 1529 849 1600 petrem
871 1529 965 1593 vocet,
988 1530 1018 1582 et
1038 1530 1161 1601 propter
1183 1538 1275 1599 opera

58 1634 212 1685 celocem
235 1630 267 1683 et
288 1622 476 1693 effectorem:
505 1623 611 1683 eodem
639 1622 726 1701 plane
746 1622 851 1694 modo,
881 1622 931 1701 qui
951 1622 1045 1683 Deum
1072 1622 1274 1682 non-lactum

59 1725 124 1798 deit,
147 1743 186 1787 ex
209 1723 287 1803 ipsis
311 1723 452 1802 operibus
475 1742 543 1784 eum
564 1722 604 1783 ita
621 1723 755 1784 nominet
769 1724 980 1802 significetque,
1004 1724 1085 1784 illum
1100 1741 1161 1784 non
1176 1723 1274 1784 solum

58 1844 105 1886 nou
127 1844 198 1887 esse
220 1825 342 1896 factum,
367 1824 421 1885 sed
443 1824 542 1902 potius
564 1842 664 1883 rerum
686 1825 828 1884 lectarum
850 1834 1000 1885 auctorem
1022 1842 1101 1886 esse.
1146 1824 1273 1885 Verbum

10 1960 12 1983 .
60 1937 143 1988 eutem
164 1924 248 1986 uliud
271 1944 288 1985 a
309 1923 395 1985 luctis
417 1924 507 1984 rebus
530 1942 598 1986 esse
619 1923 698 1985 idem
720 1925 810 1996 novit,
834 1926 989 2004 solumque
1006 1926 1160 2005 proprium
1175 1924 1271 1986 Petris

61 2027 135 2089 letum
156 2045 237 2099 esse,
264 2044 321 2106 per
342 2043 430 2104 quem
453 2025 540 2087 etiam
563 2026 661 2087 omnia
683 2026 758 2088 lecte
779 2034 848 2088 sunt
869 2045 903 2088 ec
924 2027 1101 2089 consistunt

10 2426 12 2493 ζ
130 2433 183 2496 30.
227 2429 291 2491 Nec
313 2430 392 2491 euim
414 2428 472 2508 ipsi
493 2447 611 2510 quoque
632 2427 810 2507 prophetae,
840 2428 890 2507 qui
917 2428 1010 2490 lleurn
1040 2429 1274 2507 omnipotentem

10 2504 15 2631 0
64 2530 243 2609 ψρεΙΙιΙιιιιῐ,
266 2549 334 2592 eum
356 2531 415 2592 boe
436 2529 616 2592 exomabent
636 2530 768 2602 nomine,
790 2538 823 2590 ut
842 2529 1015 2603 indicerent,
1038 2529 1165 2590 Verbum
1181 2548 1274 2590 uinum

10 2645 12 2753 0
64 2647 116 2691 esse
136 2651 172 2693 ex
195 2631 357 2721 omnibus3
391 2632 500 2710 quippe
527 2650 592 2692 cum
619 2631 678 2692 illis
706 2639 894 2710 perspectum
923 2639 1018 2703 esset,
1050 2631 1154 2691 Filium
1184 2630 1359 2696 aliumnrss.

10 2756 13 2827 0
64 2750 115 2793 ese
135 2752 151 2793 a
173 2712 262 2794 luctis
284 2733 390 2805 rebus,
420 2751 546 2812 eumque
577 2732 615 2793 ob
643 2750 727 2793 sumn
756 2750 821 2791 cum
844 2730 930 2793 Putre
959 2731 1180 2792 similitudinem
1204 2750 1271 2792 om-

10 2830 13 2944 0
65 2832 128 2894 uum
150 2852 272 2913 quoque
294 2851 363 2894 esse
385 2833 553 2906 dominum;
576 2834 630 2895 sed
653 2832 719 2912 quia
743 2833 884 2904 omnium,
908 2851 982 2911 quae
1004 2832 1176 2910 perFilium
1195 2833 1273 2906 lecit,

65 2934 113 3011 lise
133 2935 275 2996 dominus
299 2943 346 2995 est
368 2954 528 3014 eorumque
551 2943 728 3013 potestatem
744 2933 818 2995 lilio
841 2933 1011 3010 deditque
1033 2933 1128 2993 dota
1121 2952 1186 3011 ipse
1204 2951 1273 2996 rur·

66 3054 105 3096 ιιι
124 3037 265 3098 omuibus
289 3055 344 3115 per
365 3035 492 3097 Verbum
520 3036 698 3096 dominetur.
743 3035 883 3096 Similiter
909 3034 1003 3095 Deum
1032 3034 1183 3095 dominum
1213 3034 1275 3095 vir·

66 3143 144 3198 tutum
165 3138 285 3210 dixere,
319 3154 381 3198 uon
409 3138 477 3215 quie
498 3136 626 3198 Verbum
655 3156 711 3198 uno
741 3137 827 3198 etiam
857 3145 937 3198 esset
965 3155 1000 3196 ex
1029 3136 1086 3197 illis
1108 3135 1276 3209 virtutibus,

67 3238 106 3296 sol
123 3240 192 3317 quia
215 3247 248 3300 et
268 3237 334 3298 Filii
356 3246 440 3316 puter
462 3248 492 3299 ot
512 3239 653 3301 virtulum
679 3256 733 3318 per
754 3238 858 3299 filium
888 3239 1029 3298 lectorum
1057 3238 1195 3298 dominus
1219 3246 1275 3298 est.

65 3336 121 3400 lem
143 3349 174 3401 et
193 3341 297 3419 ipsum
319 3339 407 3400 etiam
429 3339 566 3413 Verbum,
589 3339 670 3418 quod
691 3346 738 3400 est
759 3339 789 3399 in
811 3339 908 3414 l'atre,
935 3340 1040 3400 hortun
1064 3339 1195 3400 omnium
1218 3338 1275 3399 do-

64 3440 146 3503 miuus
173 3449 222 3502 est
244 3438 402 3518 omniaque
424 3440 513 3502 babet
533 3440 563 3501 in
585 3448 748 3519 potestate,
771 3440 1007 3519 quondoquidem
1029 3440 1093 3501 Filii
1117 3448 1186 3501 sunt
1207 3458 1275 3499 om·

63 3540 113 3615 m,
140 3561 220 3621 queo
241 3541 330 3602 Pater
351 3539 449 3603 babet
492 3541 530 3603 Ut
558 3541 648 3620 igitur
673 3540 723 3602 bic
750 3548 796 3601 est
822 3540 935 3602 illmum
969 3542 1130 3602 dictionum
1153 3559 1274 3611 sensus,

61 3641 95 3701 sic
111 3644 163 3723 qui
184 3642 282 3704 lleum
303 3659 383 3705 non·
384 3643 492 3705 baum
515 3642 596 3721 cupit
617 3641 732 3716 dicere,
755 3640 832 3702 dicet
854 3661 933 3715 sane,
957 3642 984 3704 si
1006 3660 1131 3721 prorsus
1154 3643 1193 3703 ita
1215 3641 1273 3721 ipsi

60 3742 179 3819 videtum
201 3762 307 3805 uerum
328 3761 390 3804 nou
412 3761 449 3804 co
464 3751 562 3804 ututur
575 3743 706 3814 nomine,
729 3754 762 3804 ut
784 3743 929 3822 significet
943 3743 1070 3806 Verbum
1087 3744 1175 3804 rebus
1190 3742 1274 3804 luctis

59 3844 304 3908 mouendum
326 3863 409 3917 esse
444 3844 497 3905 sed
518 3843 587 3924 quia
607 3842 704 3917 Deus,
734 3851 767 3904 ut
789 3862 878 3923 supra
900 3844 976 3913 dixi,
1005 3864 1066 3906 uon
1094 3845 1192 3913 solum
1214 3861 1277 3904 non

58 3956 96 4007 eet
112 3948 227 4022 ficum,
255 3945 310 4007 sed
338 3953 368 4006 et
389 3928 491 4006 rerum
511 3945 652 4005 lectorum
674 3963 728 4023 per
749 3945 902 4024 proprium
925 3945 1052 4007 Verbum
1074 3947 1196 4006 ellector
1220 3951 1275 4004 est.

55 4042 176 4130 hique
198 4046 291 4110 etiarn
319 4065 386 4109 cum
413 4043 480 4107 telis
503 4044 610 4107 dicitur
629 4045 734 4119 Peter,
762 4045 955 4107 nibilominus
970 4047 1104 4108 ¹Verbum
1128 4054 1157 4106 et
1178 4045 1276 4121 imago

53 4146 140 4212 labie
162 4159 195 4213 et
216 4148 315 4210 eidem
338 4144 593 4210 consubstantiale
615 4155 675 4221 est,
705 4165 739 4208 ac
765 4147 890 4225 proinde
919 4166 985 4208 cum
1014 4147 1077 4208 eius
1105 4145 1147 4208 sit
1167 4143 1275 4221 imago,

70 4405 155 4481 ‚d'Sic
173 4407 236 4467 Reg.
272 4403 302 4451 tt
325 4402 367 4452 elii
396 4408 420 4450 et
444 4400 498 4450 editi
522 4395 639 4467 καὶγὰρ
726 4417 747 4451 e.
766 4401 822 4464 llos.
842 4394 873 4449 τὸ
893 4397 1019 4447 τοιοῦτον
1036 4390 1090 4463 ἔχει
1107 4396 1180 4445 νοῦν.

49 4485 128 4525 ΝΜ.
