2948 5092
468 285 758 337 marcumunes
771 289 907 338 mmm.
1223 283 1286 348 341

66 455 93 506 ut
110 462 163 506 vos
184 440 390 515 contenditis,
417 441 567 524 particeps
588 460 659 505 osso
679 460 741 503 non
763 451 874 521 potest
919 444 1037 516 Quanta
1058 446 1148 525 igitur
1168 444 1374 515 illuminent.

66 554 106 609 est
124 543 295 618 dementis,
324 560 361 606 ex
387 560 446 623 qua
467 561 518 604 res
539 542 598 604 iem
620 544 711 607 lucus
733 543 798 604 lieri
819 562 880 606 non
902 546 1039 626 potuisse
1060 548 1197 612 arbitrari
1218 551 1288 615 illos

12 632 22 689 l
64 665 182 710 moeson
211 654 268 708 est
312 645 358 707 An
385 662 458 706 uero
485 644 611 707 necdum
637 645 730 706 lactas
754 664 821 706 esse
843 645 1290 732 opinanturintermedinmque

66 749 185 828 rhqnern
208 746 308 808 adhuc
328 743 498 826 quaeruut?
519 745 613 806 ‘Nem
636 745 718 808 iuxta
739 745 859 825 impiam
881 748 958 810 hanc
978 758 1010 811 et
1028 750 1149 813 statam
1169 752 1290 819 illorum

66 849 237 914 sennodum
258 847 382 910 minime
404 848 569 911 existerent
589 847 678 912 etiam
699 866 743 920 ea,
767 867 842 927 quae
857 848 998 925 existunt,
1015 870 1082 917 cum
1095 853 1290 918 intermedius

66 971 119 1014 non
139 950 320 1031 reperietur.
1077 934 1086 947 ⁸

141 1055 196 1117 27.
240 1052 279 1114 At
298 1068 371 1112 vero
394 1050 463 1130 quid
486 1049 627 1112 obiiciant
647 1049 810 1112 rideamus.
841 1050 949 1126 „Eeee
970 1052 1118 1132 inquiunt,
1140 1055 1220 1119 Deus
1234 1075 1290 1136 per

67 1155 220 1234 „lloyscm
242 1151 387 1234 populum
408 1151 530 1213 deduxit
551 1170 594 1213 er„
607 1152 748 1232 Aegypto,
770 1171 826 1232 per
845 1153 972 1216 eundem
986 1155 1082 1234 legem
1097 1156 1187 1230 dedit,
1210 1165 1288 1221 tam·

66 1256 143 1329 „etsi
173 1255 267 1316 homo
296 1253 362 1332 ipse
390 1260 470 1327 erut,
507 1272 542 1315 ac
569 1252 696 1332 proinde
718 1252 827 1315 similia
847 1271 903 1333 pm
924 1255 1022 1318 simile
1042 1267 1171 1336 possunt
1191 1258 1289 1320 heri‘·

64 1357 167 1437 lltique
189 1355 320 1420 mxime
343 1353 443 1416 decuit
462 1352 536 1415 haec
555 1353 612 1415 eos
634 1353 760 1416 lotenter
780 1354 878 1433 loqui,
901 1375 940 1418 ne
962 1375 1080 1419 summo
1102 1359 1290 1422 afficerenttu

62 1459 185 1538 pudore.
229 1455 292 1517 Noc
324 1453 404 1517 euim
431 1454 549 1534 Moyses
581 1453 697 1517 missus
730 1464 778 1516 est
806 1455 842 1517 ad
870 1457 1029 1519 creandum
1057 1476 1154 1538 neque
1182 1467 1216 1521 ut
1243 1480 1288 1535 ee,

61 1578 132 1639 qone
160 1575 226 1621 non
256 1565 344 1629 sont,
370 1565 490 1618 vocaret
511 1565 544 1618 ut
564 1556 641 1629 sint,
670 1558 766 1635 neque
788 1566 820 1618 ut
842 1558 988 1620 homines
1001 1559 1114 1621 similes
1136 1561 1289 1636 lormarot,

62 1661 113 1721 scd
145 1664 265 1722 nutum
295 1668 332 1718 ut
359 1658 437 1736 apud
464 1656 607 1737 populum
636 1665 666 1719 et
686 1658 765 1738 apud
786 1677 886 1736 regem
908 1660 1095 1722 Pharaonem
1115 1681 1289 1726 sermonum

62 1772 139 1824 esset
161 1759 354 1834 administer3
383 1778 458 1839 quae
479 1761 615 1840 prolecto
638 1760 761 1822 multum
784 1760 863 1821 inter
884 1780 916 1822 se
939 1762 1090 1825 dilierunt
1134 1763 1207 1825 Nom
1229 1764 1289 1828 mi-

60 1863 188 1924 nistrare
210 1878 312 1922 rorum
333 1860 476 1922 sectarum
499 1869 546 1922 est
569 1868 706 1940 tanquam
728 1879 893 1936 servorum,
916 1881 965 1925 res
987 1882 1057 1924 vero
1080 1864 1245 1943 producere
1260 1875 1291 1928 et

59 1982 160 2026 meere
182 1962 278 2024 solius
300 1960 354 2022 lloi
377 1970 424 2023 est
444 1961 618 2040 propriique
639 1960 704 2024 eius
728 1962 815 2025 Verbi
837 1972 867 2025 et
888 1963 1060 2044 sapientiae.
1103 1966 1180 2028 lliuc
1200 1984 1289 2029 nemo

61 2067 135 2128 elius
158 2065 191 2127 in
213 2064 306 2126 rebus
330 2063 467 2125 creandis
490 2064 622 2124 occurrit
642 2073 762 2142 praeter
783 2065 880 2127 solum
897 2065 950 2127 [lei
961 2066 1100 2140 Verbum,
1124 2072 1224 2129 omniu
1244 2066 1376 2135 si-ras.

59 2167 181 2247 quidem
204 2171 237 2228 in
259 2169 412 2246 supientia
433 2167 518 2244 suctu
540 2176 623 2240 suut,
646 2177 675 2228 et
696 2169 762 2227 siue
779 2166 873 2229 Verbo
888 2169 1005 2246 suetum
1016 2179 1067 2247 est
1081 2168 1168 2231 nitu.
1203 2169 1291 2241 Quod

59 2277 159 2332 entem
182 2267 219 2330 td
242 2285 305 2339 eos,
328 2265 381 2345 qui
401 2265 582 2336 ministram,
605 2273 730 2345 spectat,
752 2285 815 2329 nou
836 2286 914 2330 unus
936 2277 1032 2341 certe,
1057 2270 1110 2331 sed
1131 2289 1168 2332 ex
1189 2270 1290 2334 omui-

57 2371 114 2433 hns
142 2368 265 2451 plurimi
285 2367 380 2441 suut,
410 2386 487 2447 quos
516 2368 656 2429 nimirum
681 2368 808 2429 llomino
837 2369 981 2447 placuerit
1002 2370 1129 2432 mittere.
1172 2371 1290 2434 Etenim

57 2472 143 2535 multi
165 2469 359 2549 Archangeli,
381 2469 466 2530 multi
490 2469 603 2530 Throni
626 2477 656 2530 et
677 2469 845 2532 Potestates
868 2490 902 2533 ac
923 2470 1157 2544 hominationes,
1179 2473 1289 2534 millia·
1364 2500 1370 2514 ‘

57 2574 126 2655 que'
137 2573 264 2636 millium
293 2579 324 2633 et
352 2570 450 2633 decies
479 2571 587 2649 mihies
616 2572 690 2633 dena
719 2572 810 2633 millia
832 2572 1006 2647 ministrent
1022 2592 1056 2634 ac
1076 2582 1195 2653 praesto
1218 2582 1291 2636 sunt

57 2677 95 2737 ad
124 2674 316 2738 missionem.
360 2673 442 2734 llulti
474 2692 592 2752 quoque
622 2681 693 2735 suut
718 2674 902 2754 Prophetae,
936 2674 1093 2737 duodecim
1119 2683 1190 2737 sunt
1218 2676 1291 2738 item

58 2776 198 2858 Apostoli
222 2785 253 2837 et
272 2775 392 2837 Paulus.
438 2774 475 2835 Et
496 2775 656 2854 veroipse
677 2776 796 2855 Moyses
820 2795 880 2836 non
902 2776 1004 2847 solus,
1027 2776 1080 2837 sed
1102 2776 1290 2840 Auruncum

57 2899 114 2951 eo,
144 2896 180 2939 ac
208 2876 315 2937 deiude
341 2874 390 2935 elii
414 2875 598 2954 septuaginta
621 2885 723 2936 sancto
746 2877 861 2954 Spiritu
882 2876 987 2955 repleti
1017 2886 1103 2951 sunt3
1135 2897 1170 2939 ac
1197 2878 1291 2957 Mopsi

57 2982 146 3043 lesus
169 2977 246 3040 lilius
268 2977 348 3039 Naro
369 2977 525 3050 successit,
549 2978 594 3039 cui
618 2995 793 3039 successere
813 2977 940 3051 ludices,
964 2978 1113 3040 ludicibus
1135 2997 1207 3040 vero
1229 2997 1291 3042 non

58 3100 139 3143 unus
161 3080 215 3142 sed
238 3079 322 3140 multi
344 3078 451 3157 Reges.
496 3078 529 3139 Si
552 3078 642 3157 igitur
664 3089 780 3141 creatus
803 3089 834 3140 et
848 3080 943 3141 lactus
959 3089 1042 3141 esset
1054 3080 1157 3153 Filius,
1180 3080 1290 3144 multos

56 3178 183 3263 quoque'
201 3181 372 3244 huiusmodi
397 3180 474 3241 filios
498 3199 567 3241 esse
591 3189 754 3258 oporteret,
777 3189 810 3242 ut
831 3181 942 3242 multos
962 3181 1074 3259 pariter
1090 3182 1155 3243 eius
1171 3181 1290 3262 generis

56 3285 217 3345 ministros
238 3281 363 3344 haberet
383 3281 480 3352 Deus,
509 3281 758 3360 quemadmodum
779 3281 903 3343 aliorum
926 3301 1031 3360 magne
1053 3292 1100 3344 est
1120 3284 1288 3346 multitudo.
1335 3303 1339 3312 ’

58 3385 151 3458 Quod
174 3384 200 3444 si
224 3384 253 3443 id
275 3401 377 3444 verum
400 3401 461 3444 non
484 3391 540 3456 est,
565 3383 619 3444 sed
639 3402 689 3444 res
711 3383 829 3464 quidem
845 3394 958 3446 creaue
974 3384 1082 3445 multae
1097 3395 1175 3454 sunt,
1199 3404 1290 3447 unum

57 3496 160 3548 autem
183 3495 231 3546 est
253 3484 398 3559 Verbum3
430 3484 497 3564 quis
520 3502 582 3545 non
603 3484 673 3546 inde
694 3484 854 3565 perspicit,
881 3485 987 3547 Filium
1009 3485 1046 3547 ab
1068 3485 1208 3547 omnihus
1230 3486 1289 3547 dis·

57 3591 154 3660 serre,
188 3604 244 3648 nec
274 3604 323 3647 res
359 3595 473 3647 creatas
502 3586 544 3647 illi
566 3605 634 3648 esse
665 3588 819 3667 aequales,
850 3587 903 3648 sed
938 3606 1004 3649 eum
1035 3587 1189 3667 proprium
1222 3606 1290 3649 esse

57 3686 184 3754 Petris?
229 3688 313 3749 Unde
340 3706 403 3749 non
431 3688 522 3749 multa
545 3696 616 3750 sunt
636 3688 750 3762 Verba,
775 3687 828 3769 sed
851 3688 948 3750 solum
971 3706 1063 3749 uuum
1085 3688 1173 3750 unius
1193 3687 1290 3750 Patris

91 4048 116 4096 d.
136 4046 238 4107 segnes.
258 4035 328 4107 πρὸς
343 4037 464 4104 βασιλέα.
737 4044 761 4092 h.
778 4042 821 4093 Sic
837 4042 935 4103 Segeer.
955 4039 1053 4090 Gohler.
1072 4041 1176 4090 ielelm.
1198 4042 1219 4089 l.
1230 4050 1254 4090 et
1267 4041 1292 4091 d.

92 4132 113 4165 e.
133 4115 233 4165 Gohler.
255 4121 279 4161 et
298 4111 403 4160 lelclm.
424 4111 446 4160 1.
465 4102 480 4169 ἢ
498 4103 536 4175 μὴ
554 4101 651 4175 μόνον.
705 4111 733 4159 lt
750 4108 791 4158 elii
808 4116 833 4158 et
850 4109 907 4157 editi
919 4101 965 4155 καὶ
977 4103 1088 4158 Παῦλος.
1120 4110 1209 4157 lhiuem
1222 4109 1293 4159 Gubl.

91 4186 107 4232 l.
133 4183 174 4231 Sic
192 4184 295 4243 Seguer.
313 4178 370 4240 lleg.
383 4178 653 4229 sternunturque.
706 4189 728 4230 et
748 4177 850 4226 Felclm.
872 4177 892 4224 l.
911 4167 994 4226 αὐτὸς
1009 4169 1056 4223 καὶ
1070 4167 1181 4241 Ἀαρών.

57 4254 80 4303 l.
91 4262 113 4301 et
124 4251 148 4301 4.
184 4250 229 4299 ilii
249 4256 273 4297 et
291 4246 349 4294 editi
366 4238 421 4312 γάρ
440 4247 559 4296 omittunt.
592 4246 652 4295 lhid.

54 4322 161 4371 ΝΜ,
179 4319 205 4368 4Ι
226 4307 347 4381 ‘577⁶'st
739 4278 754 4327 ἰ.
774 4277 872 4340 Sequor.
890 4270 937 4324 καὶ
952 4272 1055 4343 κτίσμα
1073 4286 1096 4327 et
1115 4291 1168 4326 mox
1183 4268 1296 4325 ἔδειχαὶ

88 4404 110 4452 ὅ.
129 4390 171 4438 Sic
189 4389 295 4446 sogum
315 4381 413 4432 Gomon
431 4381 535 4432 mem
556 4381 577 4430 ι,
593 4388 617 4431 a
628 4381 653 4431 4.
703 4339 825 4466 :1¹53th
864 4346 890 4395 ln
909 4346 963 4396 eliis
982 4352 1005 4395 et
1022 4346 1094 4396 editis
1108 4338 1156 4393 καῖ
1166 4346 1295 4410 utrobique

55 4460 85 4507 lt
100 4458 141 4507 oiri
160 4464 186 4506 et
205 4455 265 4504 curti
285 4447 453 4515 λειτουργῶν
469 4445 516 4499 nul
532 4444 652 4515 ἑτοίμων

52 4518 93 4580 eir
107 4519 139 4575 ri
157 4512 419 4583 limentinum.
738 4517 760 4566 lt.
780 4517 879 4576 Sequor.
897 4507 927 4565 lx
943 4507 1049 4564 τούτου.
