2948 5092
455 223 565 269 omaro
581 225 624 269 nr.
640 226 758 268 conrna
769 225 905 270 manos.
1211 215 1271 277 471

50 377 175 450 vidisse,
209 374 321 456 quippe
349 392 416 436 cum
436 373 531 436 Patris
559 374 696 437 divinitas
718 375 749 438 iu
771 375 846 438 Filio
868 376 1080 456 conspiciatur.
1122 378 1156 440 Id
1178 388 1363 445 antemnas

50 478 161 542 nolim
181 475 321 556 imaginis
342 476 536 557 Imperatoris
560 475 694 556 exemplo
716 477 828 556 poterit
848 478 982 558 intelligi.
1016 480 1128 561 Nempe
1150 481 1181 543 in
1198 482 1275 544 ima-

49 582 114 662 gine
136 579 254 660 speeies
277 577 396 657 quidem
419 586 449 639 et
477 580 573 639 torma
599 578 792 658 Imperatoris
822 588 884 654 est,
915 580 944 641 in
973 581 1156 661 Imperatore
1178 590 1277 645 autem

49 682 152 745 Mem
172 680 291 760 species
313 687 372 753 est,
395 698 469 759 quae
492 678 523 741 in
546 680 673 759 imagine
695 679 820 742 ridetur.
855 681 988 744 Perfecta
1011 683 1090 745 enim
1113 653 1276 747 similitudo

49 790 94 847 est
112 782 148 845 in
167 780 361 861 Imperatoris
382 781 519 860 imagine,
542 782 582 844 ita
604 789 688 846 utet
709 781 745 856 is,
768 783 818 861 qui
841 783 998 863 imaginem
1019 785 1136 860 viderit,
1158 786 1190 847 in
1211 787 1277 867 ipsa

47 884 260 965 Imperatorem
280 883 446 956 intucatur,
469 891 500 944 et
521 883 655 946 vIcissim
677 884 726 963 qui
748 883 962 963 Imperatorem
983 886 1107 961 viderit,
1137 894 1279 968 agnoscat

49 986 130 1049 illum
152 986 251 1067 ipsum
279 1004 366 1054 esse,
400 985 450 1065 qui
478 985 509 1046 in
531 985 659 1062 imagine
681 985 873 1066 conspicitur.
918 987 961 1049 Er
988 1007 1024 1050 eo
1052 997 1168 1062 autem,
1198 988 1277 1068 quod

49 1087 126 1161 nulla
148 1087 318 1166 discrepent
338 1087 596 1159 dissimilitudine,
625 1087 651 1149 si
674 1087 741 1167 quis
764 1096 834 1167 post
854 1087 1013 1168 imaginem
1036 1090 1123 1153 vellet
1142 1090 1276 1171 Impera-

51 1198 147 1252 torem
168 1188 279 1261 ridere,
302 1197 382 1250 recte
405 1188 447 1249 illi
469 1188 566 1267 imago
582 1189 708 1250 diceret:
733 1189 816 1267 „Ego
832 1200 862 1251 et
875 1189 1041 1269 Imperator
1053 1209 1147 1253 unum
1161 1209 1276 1266 sumus,
1284 1205 1361 1251 mass.

52 1290 235 1371 „egoenim
256 1290 287 1352 in
310 1289 360 1351 illo
383 1308 450 1352 sum
472 1271 502 1351 εἰ
523 1290 571 1351 ille
594 1291 634 1375 in,
646 1308 711 1353 me:
742 1290 880 1370 quodque
901 1292 932 1352 in
954 1311 1002 1353 me
1024 1293 1124 1366 vides,
1145 1292 1224 1354 idem
1246 1292 1278 1355 in

51 1392 127 1467 „illo
151 1391 274 1473 aspicis,
297 1399 327 1453 et
348 1391 426 1470 quod
449 1391 481 1452 in
502 1391 552 1452 illo
574 1391 684 1467 vidisti,
707 1392 784 1453 idem
807 1392 836 1453 in
859 1411 908 1455 me
930 1393 1060 1455 cernis.“
1103 1394 1205 1474 Itaque
1227 1394 1279 1474 qui

50 1494 208 1575 imaginem
230 1494 350 1567 adorat,
372 1493 404 1553 in
426 1512 459 1555 ea
480 1512 599 1572 quoque
621 1493 834 1574 Imperatorem
865 1495 984 1569 adorat,
1011 1495 1108 1576 imago
1132 1495 1279 1576 siquidem

52 1596 114 1659 eins
136 1595 255 1676 species
277 1603 307 1656 et
328 1595 422 1656 torma
446 1604 501 1656 est.
536 1594 609 1657 Cum
632 1594 722 1674 Igitur
743 1596 834 1658 Filius
856 1597 953 1676 imago
975 1616 1092 1676 quoque
1115 1598 1156 1659 sit
1170 1597 1279 1671 Patris,

50 1698 213 1778 Intelligere
235 1714 360 1758 necesse
383 1705 445 1769 est,
475 1695 656 1759 diriditatem
685 1704 716 1757 et
745 1698 959 1777 proprietatem
980 1697 1078 1761 Patris
1100 1697 1160 1760 hoc
1179 1699 1279 1778 ipsum

51 1818 134 1873 osse,
163 1798 245 1878 quod
267 1806 315 1858 est
334 1797 435 1860 Filius.
480 1797 544 1859 Iloc
566 1807 665 1859 autem
694 1807 757 1871 est,
787 1800 866 1877 quod
889 1799 936 1863 liis
960 1800 1059 1861 verbis
1081 1798 1279 1880 significatur:

54 1901 114 1977 Qnr'
134 1906 168 1964 a'n
189 1901 295 1980 formo
318 1899 377 1961 Dra·
396 1905 539 1972 enistens,
563 1910 607 1962 et:
632 1900 725 1962 Potor
746 1905 779 1962 io
800 1921 857 1963 ane.

132 2006 164 2068 6.
211 2001 347 2063 Ceterum
370 2020 430 2061 non
453 2011 593 2082 exparte
616 2009 728 2064 tantum
751 2002 910 2064 diviuitatis
933 2003 1027 2064 lorma
1050 2010 1115 2077 est,
1136 2003 1190 2065 sed
1211 2004 1280 2081 hoc,

53 2105 128 2184 quod
152 2112 201 2166 est
221 2102 324 2176 Filius,
345 2102 499 2182 plenitudo
523 2112 570 2165 est
591 2103 751 2166 divinitatis
773 2104 887 2177 Patris,
910 2104 950 2165 ita
972 2114 1005 2165 ut
1025 2104 1118 2166 Fidus
1141 2113 1221 2167 totus
1242 2107 1283 2167 sit

52 2204 139 2269 deus.
186 2203 264 2266 ilino
285 2223 351 2266 cum
373 2205 504 2283 aequalis
526 2205 589 2267 Deo
612 2213 794 2279 esset,non
815 2204 948 2285 rapinam
970 2205 1128 2268 arbitratus
1150 2215 1198 2269 est
1218 2205 1281 2268 Iieo

54 2307 205 2389 aequalem
235 2325 313 2367 esse.
357 2306 499 2368 Similiter
532 2306 599 2386 quia
627 2307 694 2368 Filii
727 2306 864 2369 divinitas
893 2318 924 2368 et
951 2308 1069 2387 species
1099 2327 1153 2369 seu
1185 2310 1281 2371 lorma

53 2410 158 2473 nulllus
188 2407 263 2469 alius
293 2426 379 2487 quam
401 2408 497 2469 Patris
526 2417 588 2482 est,
621 2408 679 2471 hoc
705 2409 805 2488 ipsum
834 2416 896 2480 est,
926 2408 1005 2487 quod
1034 2407 1121 2470 dixit:
1159 2410 1221 2490 Ego
1248 2416 1282 2473 in

52 2508 150 2576 Patre.
192 2510 242 2572 Sic
264 2509 345 2572 Deris
367 2513 400 2571 in
424 2510 544 2573 Christo
567 2521 634 2572 erat
656 2512 800 2572 nuendum
823 2510 1024 2574 recortrr'lions
1048 2512 1115 2573 siti.
1151 2510 1283 2589 Namque

49 2624 174 2678 daturae
203 2610 300 2673 Patris
331 2611 471 2691 proprius
501 2621 547 2672 est
575 2611 684 2686 Filius,
719 2612 749 2672 in
777 2632 836 2690 (μω
865 2620 968 2672 natura
998 2620 1096 2674 creata
1123 2630 1191 2674 cum
1219 2613 1281 2676 lieo

45 2713 269 2779 reconciliatur.
315 2712 365 2774 Sic
392 2733 442 2785 ea,
472 2733 547 2793 quae
575 2713 665 2775 Filius
695 2714 815 2792 agebat,
849 2731 940 2792 opera
967 2712 1064 2775 Patris
1087 2723 1185 2788 erant,
1215 2714 1283 2794 quia

41 2811 140 2881 Filius
177 2815 295 2894 species
330 2834 384 2877 seu
416 2816 511 2876 forma
545 2825 608 2876 erat
640 2815 737 2877 Patris
771 2814 948 2886 divinitatis,
986 2833 1061 2893 quae
1093 2816 1160 2894 ipsa
1192 2833 1283 2896 opera

39 2917 208 2985 efficiebat.
253 2916 303 2977 Sic
325 2917 375 2994 (lui
397 2917 477 2979 uidet
496 2918 519 2978 F
521 2917 620 2990 ilium,
650 2917 768 2978 Patrem
792 2915 879 2976 slmul
901 2916 996 2990 videt,
1019 2916 1087 2995 quia
1109 2916 1139 2977 ln
1161 2926 1284 2997 paterna

37 3018 203 3086 divinitate
225 3027 255 3079 et
277 3026 375 3082 estet
403 3018 534 3080 cernitur
561 3018 670 3092 Filius,
702 3026 883 3097 paternaque
911 3019 1044 3096 species,
1072 3037 1146 3097 quac
1173 3020 1205 3080 In
1233 3018 1283 3080 illo
1390 3039 1397 3046 ·

35 3135 106 3199 est,
141 3122 263 3185 Patrem
290 3120 321 3181 in
351 3121 455 3182 eodem
485 3121 620 3194 erlribet,
650 3129 736 3199 atquc
767 3120 825 3180 hoc
853 3119 940 3181 modo
964 3119 1050 3180 Pater
1078 3127 1126 3180 est
1146 3119 1176 3179 iu
1198 3119 1283 3182 Filio.

35 3219 228 3307 Proprietas
250 3231 347 3284 autem
371 3231 401 3283 et
429 3222 583 3295 divinitae,
613 3241 689 3302 quae
719 3240 754 3283 ex
775 3222 863 3282 Patre
885 3221 916 3281 in
938 3220 1014 3281 Filio
1038 3219 1156 3294 existit,
1178 3221 1284 3283 Filium

34 3322 71 3392 in
89 3330 189 3392 Patre
204 3333 429 3398 commonstrat,
453 3325 639 3404 eundemque
654 3324 690 3386 ab
707 3344 743 3384 eo
760 3323 851 3384 dividi
869 3341 1018 3401 nunquam
1033 3341 1125 3401 posse
1141 3323 1284 3386 ostendit.

36 3429 202 3506 QuocIrca
224 3427 274 3506 qui
296 3427 377 3489 audit
400 3438 427 3488 et
450 3426 528 3488 videt
551 3447 595 3500 ea,
618 3445 694 3507 quae
717 3425 754 3486 de
776 3425 864 3486 Patre
887 3425 1034 3493 diruatur,
1058 3424 1094 3485 dc
1109 3423 1185 3487 Filio
1208 3444 1285 3504 quo-

36 3548 105 3613 que
131 3531 209 3603 dici,
234 3548 295 3617 non
317 3530 401 3609 quod
418 3529 492 3591 haec
513 3548 566 3608 per
589 3529 712 3607 gratiam
735 3528 798 3589 eius
822 3527 955 3588 accidant
977 3534 1117 3600 naturae,
1139 3534 1190 3588 aut
1211 3544 1285 3606 qua·

81 3792 100 3839 t.
130 3787 173 3836 Sic
192 3786 248 3846 lleg.
270 3785 409 3845 l.,Segner.
429 3784 559 3845 otlnglic.
579 3791 646 3831 utet
697 3782 770 3847 paulo
797 3790 852 3844 post
879 3771 936 3839 ἥτις
961 3771 1108 3846 εἰργάζετο.
1156 3778 1235 3829 Ceteri
1263 3787 1287 3828 ει

38 3851 125 3909 habet
143 3853 278 3916 Scriptura.
313 3853 357 3901 Ilii
377 3861 456 3902 autern
475 3860 497 3901 ει
515 3852 570 3900 editi
591 3842 614 3900 ὃ.
698 3850 754 3900 editi
771 3840 914 3915 ἐργάζεται
933 3856 955 3898 ει
974 3840 1044 3900 ictor
1061 3836 1211 3911 ἐργάζεται.

81 3965 106 4011 Β.
130 3945 222 4007 Μία
242 3937 317 3998 ὅλως.
353 3946 409 4007 Μ,
430 3937 548 3994 Mam
566 3935 647 4023 λόγος
732 3918 753 3965 lt.
773 3918 813 3966 Sic
833 3918 889 3978 lieg.
904 3918 924 3965 l.
944 3923 967 3965 ει
984 3916 1124 3977 Seguerian.
1159 3906 1288 3964 atatttot

39 4011 117 4069 θεός
142 4006 219 4061 ἔστιν
243 4006 257 4060 ὃ
282 4005 347 4066 vio's.
384 4015 489 4064 I'elclrm.
514 4013 537 4061 5.
562 4023 607 4058 και
631 4026 645 4057 o
699 3986 755 4035 ‘dm
774 3978 911 4062 θάψω
927 3976 1024 4060 musa:
1102 4042 1109 4058 .
1149 4042 1156 4057 .
1187 4037 1196 4058 2
1217 4022 1235 4058 ,·

39 4074 231 4151 2570550127
248 4074 263 4128 ὁ
282 4074 347 4134 υἱός·
733 4053 748 4101 l.
769 4053 895 4102 desiliens.
915 4060 939 4101 ει
957 4053 1046 4111 dnglio.
1066 4062 1111 4096 και
1128 4061 1160 4095 τε
1180 4061 1223 4096 nea
1240 4054 1287 4096 etc.

698 4120 743 4170 dlii
761 4128 785 4169 et
803 4120 876 4170 editio
894 4118 1011 4169 Commel.
1030 4110 1076 4164 καὶ
1100 4108 1149 4164 ἀεί.
1185 4114 1245 4164 Ibid.
1264 4113 1288 4162 in

83 4178 112 4229 h·
134 4176 191 4239 ⁸⁰8·
213 4175 234 4225 ¹·
253 4175 354 4237 3⁹8⁰&-
378 4173 475 4225 G⁰b¹⁰f·
500 4182 523 4222 ⁰²
541 4172 646 4222 femm-
700 4189 782 4239 codice
797 4189 896 4250 Seguer.
915 4188 1049 4236 abscissum
1068 4193 1105 4234 est
1122 4184 1207 4232 lullum
1226 4182 1288 4232 Inte·

45 4244 74 4297 1.
95 4236 221 4310 εἴπομεν.
256 4243 302 4292 Ilii
328 4251 351 4292 ει
375 4243 431 4292 editi
455 4229 520 4290 elne.
556 4240 648 4289 Ibidem
700 4270 778 4319 grum·

43 4321 112 4376 I*ost
135 4306 222 4380 'mii
243 4311 349 4362 ΝΜ·
375 4310 399 4361 5·
421 4303 548 4360 “mimi
566 4301 579 4356 ὁ
598 4321 650 4355 'W'
735 4339 766 4374 m.
786 4310 841 4384 Ileg.
859 4323 880 4373 l.
899 4312 1086 4385 ἐπιγενόμενα.
1124 4317 1186 4366 Editi
1203 4309 1290 4381 intyt-

47 4375 107 4448 ῐῆρ
128 4370 158 4428 ἓν
175 4372 245 4447 ἶμθί·
699 4383 810 4457 νόμενα.
835 4391 886 4439 idox
899 4405 955 4439 mss.
976 4378 1043 4435 αὐτὸ
1061 4379 1092 4432 τὸ
1106 4372 1182 4434 εἶναι.
1208 4384 1289 4435 Editio

89 4468 107 4516 i.
140 4465 196 4527 lleg.
223 4465 244 4514 l.
269 4473 293 4514 ει
309 4463 450 4525 Segnerion.
468 4452 607 4526 εἰργάζετο
626 4467 651 4512 ει
700 4475 757 4511 vero
776 4458 893 4511 Commel.
912 4448 978 4506 αὐτὸ
997 4442 1074 4505 εἶναι.
