<?xml version="1.0" encoding="UTF-8"?>
<!DOCTYPE html PUBLIC "-//W3C//DTD XHTML 1.0 Transitional//EN"
    "http://www.w3.org/TR/xhtml1/DTD/xhtml1-transitional.dtd">
<html xmlns="http://www.w3.org/1999/xhtml" xml:lang="en" lang="en">
 <head>
  <title>
</title>
<meta http-equiv="Content-Type" content="text/html;charset=utf-8" />
  <meta name='ocr-system' content='tesseract 3.04.00' />
  <meta name='ocr-capabilities' content='ocr_page ocr_carea ocr_par ocr_line ocrx_word'/>
</head>
<body>
  <div class='ocr_page' id='page_1' title='image "./sanctiathanasii02athagoog_0135.png"; bbox 0 0 2948 5092; ppageno 0'>
   <div class='ocr_carea' id='block_1_1' title="bbox 198 234 1031 321">
    <p class='ocr_par' dir='ltr' id='par_1_1' title="bbox 198 234 1031 321">
     <span class='ocr_line' id='line_1_1' title="bbox 198 234 1031 321; baseline -0.006 -24"><span class='ocrx_word' id='word_1_1' title='bbox 198 234 239 298; x_wconf 78' lang='lat'><strong><em>62</em></strong></span> <span class='ocrx_word' id='word_1_2' title='bbox 292 314 296 321; x_wconf 19' lang='grc' dir='ltr'>ι</span> <span class='ocrx_word' id='word_1_3' title='bbox 363 280 366 285; x_wconf 84' lang='grc'>-</span> <span class='ocrx_word' id='word_1_4' title='bbox 599 250 626 293; x_wconf 81' lang='grc' dir='ltr'><strong><em>ε.</em></strong></span> <span class='ocrx_word' id='word_1_5' title='bbox 640 249 795 293; x_wconf 56' lang='lat' dir='ltr'><strong><em>mmmm</em></strong></span> <span class='ocrx_word' id='word_1_6' title='bbox 809 249 1031 294; x_wconf 77' lang='grc' dir='ltr'><strong><em>ικοωενιιυοεῐ</em></strong></span> 
     </span>
    </p>
   </div>
   <div class='ocr_carea' id='block_1_2' title="bbox 61 390 1436 4334">
    <p class='ocr_par' dir='ltr' id='par_1_2' title="bbox 112 390 1422 586">
     <span class='ocr_line' id='line_1_2' title="bbox 112 390 1422 484; baseline 0.001 -22"><span class='ocrx_word' id='word_1_7' title='bbox 112 414 188 462; x_wconf 67' lang='grc' dir='ltr'><strong><em>καί.</em></strong></span> <span class='ocrx_word' id='word_1_8' title='bbox 196 400 292 477; x_wconf 85' lang='grc' dir='ltr'><strong><em>θεοῦ,</em></strong></span> <span class='ocrx_word' id='word_1_9' title='bbox 316 390 384 463; x_wconf 85' lang='grc' dir='ltr'><strong><em>ἀλλ’</em></strong></span> <span class='ocrx_word' id='word_1_10' title='bbox 409 393 455 475; x_wconf 89' lang='grc' dir='ltr'><strong><em>ῶς</em></strong></span> <span class='ocrx_word' id='word_1_11' title='bbox 476 393 614 482; x_wconf 78' lang='grc' dir='ltr'><strong><em>ὄργανον</em></strong></span> <span class='ocrx_word' id='word_1_12' title='bbox 637 397 811 484; x_wconf 77' lang='grc' dir='ltr'><strong><em>ἕτεροφυὲς</em></strong></span> <span class='ocrx_word' id='word_1_13' title='bbox 825 399 880 463; x_wconf 84' lang='grc' dir='ltr'><strong><em>καὶ</em></strong></span> <span class='ocrx_word' id='word_1_14' title='bbox 895 397 1101 482; x_wconf 78' lang='grc' dir='ltr'><strong><em>ἑτεροοόσιον</em></strong></span> <span class='ocrx_word' id='word_1_15' title='bbox 1118 397 1291 478; x_wconf 90' lang='grc' dir='ltr'><strong><em>δείκνυται,</em></strong></span> <span class='ocrx_word' id='word_1_16' title='bbox 1315 399 1422 477; x_wconf 88' lang='grc' dir='ltr'><strong><em>καλῶς</em></strong></span> 
     </span>
     <span class='ocr_line' id='line_1_3' title="bbox 198 492 1001 586; baseline -0.002 -21"><span class='ocrx_word' id='word_1_17' title='bbox 198 496 262 583; x_wconf 86' lang='grc' dir='ltr'><strong><em>ἀρα</em></strong></span> <span class='ocrx_word' id='word_1_18' title='bbox 284 494 303 585; x_wconf 80' lang='grc' dir='ltr'><em>ἦ</em></span> <span class='ocrx_word' id='word_1_19' title='bbox 327 496 464 577; x_wconf 78' lang='grc' dir='ltr'><strong><em>σύνοδος</em></strong></span> <span class='ocrx_word' id='word_1_20' title='bbox 487 499 611 584; x_wconf 73' lang='grc' dir='ltr'><strong><em>ἔγραψε</em></strong></span> <span class='ocrx_word' id='word_1_21' title='bbox 632 502 685 565; x_wconf 83' lang='grc' dir='ltr'><strong><em>καὶ</em></strong></span> <span class='ocrx_word' id='word_1_22' title='bbox 708 498 855 586; x_wconf 77' lang='grc' dir='ltr'><strong><em>νενόηκεν</em></strong></span> <span class='ocrx_word' id='word_1_23' title='bbox 879 492 1001 584; x_wconf 84' lang='grc' dir='ltr'><strong><em>ὀρθῶς.</em></strong></span> 
     </span>
    </p>

    <p class='ocr_par' dir='ltr' id='par_1_3' title="bbox 194 595 1436 2006">
     <span class='ocr_line' id='line_1_4' title="bbox 283 595 1424 688; baseline 0 -22"><span class='ocrx_word' id='word_1_24' title='bbox 283 606 333 667; x_wconf 80' lang='lat'><strong><em>24.</em></strong></span> <span class='ocrx_word' id='word_1_25' title='bbox 375 595 564 688; x_wconf 74' lang='grc' dir='ltr'><strong><em>Ἐξηρήσθω</em></strong></span> <span class='ocrx_word' id='word_1_26' title='bbox 587 600 623 666; x_wconf 84' lang='grc' dir='ltr'><strong><em>δὲ</em></strong></span> <span class='ocrx_word' id='word_1_27' title='bbox 645 599 747 667; x_wconf 90' lang='grc' dir='ltr'><strong><em>πάλιν</em></strong></span> <span class='ocrx_word' id='word_1_28' title='bbox 770 599 803 666; x_wconf 79' lang='grc' dir='ltr'><strong><em>ἐν</em></strong></span> <span class='ocrx_word' id='word_1_29' title='bbox 825 598 956 677; x_wconf 78' lang='grc' dir='ltr'><strong><em>τούτοις</em></strong></span> <span class='ocrx_word' id='word_1_30' title='bbox 976 602 1062 678; x_wconf 76' lang='grc' dir='ltr'><strong><em>’πᾶς</em></strong></span> <span class='ocrx_word' id='word_1_31' title='bbox 1090 599 1247 684; x_wconf 90' lang='grc' dir='ltr'><strong><em>λογισμὸς</em></strong></span> <span class='ocrx_word' id='word_1_32' title='bbox 1275 623 1424 685; x_wconf 88' lang='grc' dir='ltr'><strong><em>σωματι-</em></strong></span> 
     </span>
     <span class='ocr_line' id='line_1_5' title="bbox 197 697 1422 790; baseline -0.001 -22"><span class='ocrx_word' id='word_1_33' title='bbox 197 700 262 782; x_wconf 92' lang='grc' dir='ltr'><strong><em>κός,</em></strong></span> <span class='ocrx_word' id='word_1_34' title='bbox 287 708 473 789; x_wconf 82' lang='grc' dir='ltr'><strong><em>φαντασίαν</em></strong></span> <span class='ocrx_word' id='word_1_35' title='bbox 495 727 532 769; x_wconf 89' lang='grc' dir='ltr'><strong><em>τε</em></strong></span> <span class='ocrx_word' id='word_1_36' title='bbox 553 700 664 788; x_wconf 94' lang='grc' dir='ltr'><strong><em>πάσης</em></strong></span> <span class='ocrx_word' id='word_1_37' title='bbox 686 698 876 790; x_wconf 80' lang='grc' dir='ltr'><strong><em>αἰσθήσεως</em></strong></span> <span class='ocrx_word' id='word_1_38' title='bbox 899 697 1110 785; x_wconf 77' lang='grc' dir='ltr'><strong><em>ὑπερβάντες,</em></strong></span> <span class='ocrx_word' id='word_1_39' title='bbox 1132 704 1267 788; x_wconf 81' lang='grc' dir='ltr'><strong><em>καθαρᾷ</em></strong></span> <span class='ocrx_word' id='word_1_40' title='bbox 1289 704 1329 789; x_wconf 85' lang='grc' dir='ltr'><strong><em>τῇ</em></strong></span> <span class='ocrx_word' id='word_1_41' title='bbox 1346 700 1422 789; x_wconf 86' lang='grc' dir='ltr'><strong><em>νοή·</em></strong></span> 
     </span>
     <span class='ocr_line' id='line_1_6' title="bbox 198 801 1421 891; baseline 0 -21"><span class='ocrx_word' id='word_1_42' title='bbox 198 826 252 870; x_wconf 88' lang='grc' dir='ltr'><strong><em>σει</em></strong></span> <span class='ocrx_word' id='word_1_43' title='bbox 279 805 333 869; x_wconf 85' lang='grc' dir='ltr'><strong><em>καί</em></strong></span> <span class='ocrx_word' id='word_1_44' title='bbox 360 801 451 889; x_wconf 80' lang='grc' dir='ltr'><strong><em>μόνην</em></strong></span> <span class='ocrx_word' id='word_1_45' title='bbox 479 806 527 889; x_wconf 78' lang='grc' dir='ltr'><strong><em>τῷ</em></strong></span> <span class='ocrx_word' id='word_1_46' title='bbox 556 806 602 888; x_wconf 79' lang='grc' dir='ltr'><strong><em>νῷ</em></strong></span> <span class='ocrx_word' id='word_1_47' title='bbox 626 806 751 886; x_wconf 92' lang='grc' dir='ltr'><strong><em>νοῶμεν</em></strong></span> <span class='ocrx_word' id='word_1_48' title='bbox 773 803 846 869; x_wconf 77' lang='grc' dir='ltr'><strong><em>υἱοῦ</em></strong></span> <span class='ocrx_word' id='word_1_49' title='bbox 868 801 954 887; x_wconf 88' lang='grc' dir='ltr'><strong><em>πρὸς</em></strong></span> <span class='ocrx_word' id='word_1_50' title='bbox 976 807 1105 887; x_wconf 87' lang='grc' dir='ltr'><strong><em>πατέρα</em></strong></span> <span class='ocrx_word' id='word_1_51' title='bbox 1125 801 1165 867; x_wconf 89' lang='grc' dir='ltr'><strong><em>τό</em></strong></span> <span class='ocrx_word' id='word_1_52' title='bbox 1186 801 1337 891; x_wconf 85' lang='grc' dir='ltr'><strong><em>γνήσιον,</em></strong></span> <span class='ocrx_word' id='word_1_53' title='bbox 1368 805 1421 870; x_wconf 90' lang='grc' dir='ltr'><strong><em>καὶ</em></strong></span> 
     </span>
     <span class='ocr_line' id='line_1_7' title="bbox 198 899 1424 992; baseline 0.002 -25"><span class='ocrx_word' id='word_1_54' title='bbox 198 902 297 988; x_wconf 90' lang='grc' dir='ltr'><strong><em>λόγου</em></strong></span> <span class='ocrx_word' id='word_1_55' title='bbox 317 902 376 991; x_wconf 83' lang='grc' dir='ltr'><strong><em>τὴν</em></strong></span> <span class='ocrx_word' id='word_1_56' title='bbox 398 903 483 988; x_wconf 90' lang='grc' dir='ltr'><strong><em>πρὸς</em></strong></span> <span class='ocrx_word' id='word_1_57' title='bbox 504 903 561 970; x_wconf 88' lang='grc' dir='ltr'><strong><em>τὸν</em></strong></span> <span class='ocrx_word' id='word_1_58' title='bbox 583 903 667 971; x_wconf 88' lang='grc' dir='ltr'><strong><em>θεὸν</em></strong></span> <span class='ocrx_word' id='word_1_59' title='bbox 690 903 847 992; x_wconf 74' lang='grc' dir='ltr'><strong><em>ἰδιότητα,</em></strong></span> <span class='ocrx_word' id='word_1_60' title='bbox 871 906 925 970; x_wconf 85' lang='grc' dir='ltr'><strong><em>καὶ</em></strong></span> <span class='ocrx_word' id='word_1_61' title='bbox 948 901 1006 990; x_wconf 82' lang='grc' dir='ltr'><strong><em>τήν</em></strong></span> <span class='ocrx_word' id='word_1_62' title='bbox 1029 899 1284 990; x_wconf 79' lang='grc' dir='ltr'><strong><em>ἀπαράλλακτον</em></strong></span> <span class='ocrx_word' id='word_1_63' title='bbox 1308 899 1424 988; x_wconf 80' lang='grc' dir='ltr'><strong><em>όμοιό·</em></strong></span> 
     </span>
     <span class='ocr_line' id='line_1_8' title="bbox 196 1000 1424 1093; baseline 0.001 -23"><span class='ocrx_word' id='word_1_64' title='bbox 196 1029 280 1093; x_wconf 87' lang='grc' dir='ltr'><strong><em>τητα</em></strong></span> <span class='ocrx_word' id='word_1_65' title='bbox 300 1008 359 1070; x_wconf 84' lang='grc' dir='ltr'><strong><em>τοῦ</em></strong></span> <span class='ocrx_word' id='word_1_66' title='bbox 382 1001 642 1090; x_wconf 88' lang='grc' dir='ltr'><strong><em>ἀπαυγάσματος</em></strong></span> <span class='ocrx_word' id='word_1_67' title='bbox 663 1005 749 1092; x_wconf 88' lang='grc' dir='ltr'><strong><em>πρὸς</em></strong></span> <span class='ocrx_word' id='word_1_68' title='bbox 770 1004 809 1071; x_wconf 92' lang='grc' dir='ltr'><strong><em>τὸ</em></strong></span> <span class='ocrx_word' id='word_1_69' title='bbox 831 1008 918 1093; x_wconf 87' lang='grc' dir='ltr'><strong><em>φῶς·</em></strong></span> <span class='ocrx_word' id='word_1_70' title='bbox 943 1000 988 1082; x_wconf 88' lang='grc' dir='ltr'><strong><em>ῶς</em></strong></span> <span class='ocrx_word' id='word_1_71' title='bbox 1008 1002 1069 1091; x_wconf 87' lang='grc' dir='ltr'><strong><em>γὰρ</em></strong></span> <span class='ocrx_word' id='word_1_72' title='bbox 1091 1003 1131 1070; x_wconf 88' lang='grc' dir='ltr'><strong><em>τό</em></strong></span> <span class='ocrx_word' id='word_1_73' title='bbox 1152 1011 1294 1092; x_wconf 88' lang='grc' dir='ltr'><strong><em>γέννημα</em></strong></span> <span class='ocrx_word' id='word_1_74' title='bbox 1315 1004 1424 1071; x_wconf 81' lang='grc' dir='ltr'><strong><em>καὶτὸ</em></strong></span> 
     </span>
     <span class='ocr_line' id='line_1_9' title="bbox 197 1100 1422 1201; baseline -0.001 -28"><span class='ocrx_word' id='word_1_75' title='bbox 197 1106 269 1186; x_wconf 79' lang='grc' dir='ltr'><strong><em>υίὸς</em></strong></span> <span class='ocrx_word' id='word_1_76' title='bbox 291 1103 349 1173; x_wconf 90' lang='grc' dir='ltr'><strong><em>ούκ</em></strong></span> <span class='ocrx_word' id='word_1_77' title='bbox 372 1101 597 1192; x_wconf 86' lang='grc' dir='ltr'><strong><em>ἀνθρώπινον,</em></strong></span> <span class='ocrx_word' id='word_1_78' title='bbox 622 1100 690 1174; x_wconf 82' lang='grc' dir='ltr'><strong><em>ἀλλ’</em></strong></span> <span class='ocrx_word' id='word_1_79' title='bbox 716 1102 762 1186; x_wconf 88' lang='grc' dir='ltr'><strong><em>ῶς</em></strong></span> <span class='ocrx_word' id='word_1_80' title='bbox 782 1111 855 1194; x_wconf 76' lang='grc' dir='ltr'><strong><em>θεῷ</em></strong></span> <span class='ocrx_word' id='word_1_81' title='bbox 878 1111 1009 1191; x_wconf 80' lang='grc' dir='ltr'><strong><em>πρέπον</em></strong></span> <span class='ocrx_word' id='word_1_82' title='bbox 1031 1104 1136 1186; x_wconf 79' lang='grc' dir='ltr'><strong><em>ἐστίν,</em></strong></span> <span class='ocrx_word' id='word_1_83' title='bbox 1161 1107 1289 1201; x_wconf 81' lang='grc' dir='ltr'><strong><em>ε’ίρηταί</em></strong></span> <span class='ocrx_word' id='word_1_84' title='bbox 1310 1131 1348 1174; x_wconf 89' lang='grc' dir='ltr'><strong><em>τε</em></strong></span> <span class='ocrx_word' id='word_1_85' title='bbox 1369 1110 1422 1173; x_wconf 82' lang='grc' dir='ltr'><strong><em>καὶ</em></strong></span> 
     </span>
     <span class='ocr_line' id='line_1_10' title="bbox 199 1196 1424 1296; baseline -0.001 -20"><span class='ocrx_word' id='word_1_86' title='bbox 199 1208 283 1287; x_wconf 64' lang='grc' dir='ltr'><strong><em>ἔστι,</em></strong></span> <span class='ocrx_word' id='word_1_87' title='bbox 312 1207 371 1274; x_wconf 89' lang='grc' dir='ltr'><strong><em>τόν</em></strong></span> <span class='ocrx_word' id='word_1_88' title='bbox 399 1204 646 1294; x_wconf 74' lang='grc' dir='ltr'><strong><em>αὐτὸντρόπον</em></strong></span> <span class='ocrx_word' id='word_1_89' title='bbox 669 1207 747 1295; x_wconf 71' lang='grc' dir='ltr'><strong><em>Ι’τὴν</em></strong></span> <span class='ocrx_word' id='word_1_90' title='bbox 769 1209 856 1287; x_wconf 83' lang='grc' dir='ltr'><strong><em>λέξιν</em></strong></span> <span class='ocrx_word' id='word_1_91' title='bbox 876 1211 935 1273; x_wconf 84' lang='grc' dir='ltr'><strong><em>τοῦ</em></strong></span> <span class='ocrx_word' id='word_1_92' title='bbox 958 1204 1137 1291; x_wconf 88' lang='grc' dir='ltr'><strong><em>όμοουσίου</em></strong></span> <span class='ocrx_word' id='word_1_93' title='bbox 1160 1196 1349 1288; x_wconf 86' lang='grc' dir='ltr'><strong><em>ἀκούοντες,</em></strong></span> <span class='ocrx_word' id='word_1_94' title='bbox 1380 1206 1424 1296; x_wconf 81' lang='grc' dir='ltr'><strong><em>μή</em></strong></span> 
     </span>
     <span class='ocr_line' id='line_1_11' title="bbox 197 1305 1425 1395; baseline -0.001 -18"><span class='ocrx_word' id='word_1_95' title='bbox 197 1309 245 1389; x_wconf 83' lang='grc' dir='ltr'><strong><em>είς</em></strong></span> <span class='ocrx_word' id='word_1_96' title='bbox 266 1310 325 1388; x_wconf 85' lang='grc' dir='ltr'><strong><em>τὰς</em></strong></span> <span class='ocrx_word' id='word_1_97' title='bbox 348 1305 566 1395; x_wconf 74' lang='grc' dir='ltr'><strong><em>ἀνθρωπίνας</em></strong></span> <span class='ocrx_word' id='word_1_98' title='bbox 588 1307 764 1394; x_wconf 76' lang='grc' dir='ltr'><strong><em>αἰσθήσεις</em></strong></span> <span class='ocrx_word' id='word_1_99' title='bbox 785 1306 967 1388; x_wconf 86' lang='grc' dir='ltr'><strong><em>πίπτοντες</em></strong></span> <span class='ocrx_word' id='word_1_100' title='bbox 980 1307 1161 1393; x_wconf 84' lang='grc' dir='ltr'><strong><em>μερισμοὺς</em></strong></span> <span class='ocrx_word' id='word_1_101' title='bbox 1175 1314 1229 1376; x_wconf 84' lang='grc' dir='ltr'><strong><em>καί</em></strong></span> <span class='ocrx_word' id='word_1_102' title='bbox 1245 1311 1425 1395; x_wconf 81' lang='grc' dir='ltr'><strong><em>διαιρέσεις</em></strong></span> 
     </span>
     <span class='ocr_line' id='line_1_12' title="bbox 196 1405 1422 1503; baseline -0.001 -24"><span class='ocrx_word' id='word_1_103' title='bbox 196 1416 255 1498; x_wconf 86' lang='grc' dir='ltr'><strong><em>τῆς</em></strong></span> <span class='ocrx_word' id='word_1_104' title='bbox 281 1411 443 1498; x_wconf 85' lang='grc' dir='ltr'><strong><em>θεότητος</em></strong></span> <span class='ocrx_word' id='word_1_105' title='bbox 470 1409 697 1503; x_wconf 75' lang='grc' dir='ltr'><strong><em>λογιζώμεθα·</em></strong></span> <span class='ocrx_word' id='word_1_106' title='bbox 726 1405 794 1477; x_wconf 76' lang='grc' dir='ltr'><strong><em>ἀλλ’</em></strong></span> <span class='ocrx_word' id='word_1_107' title='bbox 819 1407 864 1489; x_wconf 90' lang='grc' dir='ltr'><strong><em>ῶς</em></strong></span> <span class='ocrx_word' id='word_1_108' title='bbox 893 1411 950 1477; x_wconf 69' lang='grc' dir='ltr'><strong><em>ἐπὶ</em></strong></span> <span class='ocrx_word' id='word_1_109' title='bbox 973 1405 1159 1495; x_wconf 79' lang='grc' dir='ltr'><strong><em>ἀσωμάτων</em></strong></span> <span class='ocrx_word' id='word_1_110' title='bbox 1181 1412 1422 1497; x_wconf 84' lang='grc' dir='ltr'><strong><em>διανοούμενοι,</em></strong></span> 
     </span>
     <span class='ocr_line' id='line_1_13' title="bbox 196 1510 1436 1608; baseline -0.001 -28"><span class='ocrx_word' id='word_1_111' title='bbox 196 1514 256 1600; x_wconf 79' lang='grc' dir='ltr'><strong><em>τήν</em></strong></span> <span class='ocrx_word' id='word_1_112' title='bbox 284 1512 421 1599; x_wconf 82' lang='grc' dir='ltr'><strong><em>ἑνότητα</em></strong></span> <span class='ocrx_word' id='word_1_113' title='bbox 449 1515 507 1597; x_wconf 81' lang='grc' dir='ltr'><strong><em>τῆς</em></strong></span> <span class='ocrx_word' id='word_1_114' title='bbox 535 1511 666 1600; x_wconf 90' lang='grc' dir='ltr'><strong><em>φύσεως</em></strong></span> <span class='ocrx_word' id='word_1_115' title='bbox 688 1516 742 1579; x_wconf 84' lang='grc' dir='ltr'><strong><em>καί</em></strong></span> <span class='ocrx_word' id='word_1_116' title='bbox 764 1511 823 1598; x_wconf 81' lang='grc' dir='ltr'><strong><em>τὴν</em></strong></span> <span class='ocrx_word' id='word_1_117' title='bbox 845 1510 1028 1599; x_wconf 90' lang='grc' dir='ltr'><strong><em>ταυτότητα</em></strong></span> <span class='ocrx_word' id='word_1_118' title='bbox 1050 1516 1109 1578; x_wconf 83' lang='grc' dir='ltr'><strong><em>τοῦ</em></strong></span> <span class='ocrx_word' id='word_1_119' title='bbox 1132 1513 1245 1600; x_wconf 89' lang='grc' dir='ltr'><strong><em>φωτὸς</em></strong></span> <span class='ocrx_word' id='word_1_120' title='bbox 1266 1512 1311 1599; x_wconf 84' lang='grc' dir='ltr'><strong><em>μή</em></strong></span> <span class='ocrx_word' id='word_1_121' title='bbox 1335 1515 1436 1608; x_wconf 41' lang='lat' dir='ltr'><strong><em>deut--</em></strong></span> 
     </span>
     <span class='ocr_line' id='line_1_14' title="bbox 197 1612 1425 1705; baseline 0 -24"><span class='ocrx_word' id='word_1_122' title='bbox 197 1619 315 1703; x_wconf 90' lang='grc' dir='ltr'><strong><em>ρῶμεν.</em></strong></span> <span class='ocrx_word' id='word_1_123' title='bbox 360 1617 458 1679; x_wconf 80' lang='grc' dir='ltr'><strong><em>τοῦτο</em></strong></span> <span class='ocrx_word' id='word_1_124' title='bbox 487 1613 547 1699; x_wconf 87' lang='grc' dir='ltr'><strong><em>γάρ</em></strong></span> <span class='ocrx_word' id='word_1_125' title='bbox 577 1614 664 1680; x_wconf 80' lang='grc' dir='ltr'><strong><em>’ίδιον</em></strong></span> <span class='ocrx_word' id='word_1_126' title='bbox 695 1615 766 1680; x_wconf 80' lang='grc' dir='ltr'><strong><em>υἱοῦ</em></strong></span> <span class='ocrx_word' id='word_1_127' title='bbox 794 1612 880 1698; x_wconf 89' lang='grc' dir='ltr'><strong><em>πρός</em></strong></span> <span class='ocrx_word' id='word_1_128' title='bbox 908 1619 1052 1697; x_wconf 86' lang='grc' dir='ltr'><strong><em>πατέρα,</em></strong></span> <span class='ocrx_word' id='word_1_129' title='bbox 1081 1616 1135 1705; x_wconf 79' lang='grc' dir='ltr'><strong><em>καί</em></strong></span> <span class='ocrx_word' id='word_1_130' title='bbox 1158 1617 1256 1680; x_wconf 80' lang='grc' dir='ltr'><strong><em>τοῦτο</em></strong></span> <span class='ocrx_word' id='word_1_131' title='bbox 1278 1614 1425 1681; x_wconf 86' lang='grc' dir='ltr'><strong><em>δείκνυσι</em></strong></span> 
     </span>
     <span class='ocr_line' id='line_1_15' title="bbox 194 1711 1425 1803; baseline -0.002 -19"><span class='ocrx_word' id='word_1_132' title='bbox 194 1715 256 1784; x_wconf 87' lang='grc' dir='ltr'><strong><em>τὸν</em></strong></span> <span class='ocrx_word' id='word_1_133' title='bbox 283 1715 366 1782; x_wconf 82' lang='grc' dir='ltr'><strong><em>θεὸν</em></strong></span> <span class='ocrx_word' id='word_1_134' title='bbox 397 1711 534 1802; x_wconf 89' lang='grc' dir='ltr'><strong><em>άληθῶς</em></strong></span> <span class='ocrx_word' id='word_1_135' title='bbox 556 1711 636 1782; x_wconf 83' lang='grc' dir='ltr'><strong><em>ἀντα</em></strong></span> <span class='ocrx_word' id='word_1_136' title='bbox 658 1722 787 1803; x_wconf 88' lang='grc' dir='ltr'><strong><em>πατέρα</em></strong></span> <span class='ocrx_word' id='word_1_137' title='bbox 809 1718 867 1781; x_wconf 84' lang='grc' dir='ltr'><strong><em>τοῦ</em></strong></span> <span class='ocrx_word' id='word_1_138' title='bbox 890 1714 997 1800; x_wconf 92' lang='grc' dir='ltr'><strong><em>λόγου.</em></strong></span> <span class='ocrx_word' id='word_1_139' title='bbox 1044 1715 1146 1782; x_wconf 90' lang='grc' dir='ltr'><strong><em>πάλιν</em></strong></span> <span class='ocrx_word' id='word_1_140' title='bbox 1168 1714 1229 1801; x_wconf 89' lang='grc' dir='ltr'><strong><em>γάρ</em></strong></span> <span class='ocrx_word' id='word_1_141' title='bbox 1251 1715 1290 1780; x_wconf 89' lang='grc' dir='ltr'><strong><em>τό</em></strong></span> <span class='ocrx_word' id='word_1_142' title='bbox 1313 1716 1425 1802; x_wconf 88' lang='grc' dir='ltr'><strong><em>παρά-</em></strong></span> 
     </span>
     <span class='ocr_line' id='line_1_16' title="bbox 198 1811 1424 1904; baseline -0.002 -20"><span class='ocrx_word' id='word_1_143' title='bbox 198 1819 316 1903; x_wconf 89' lang='grc' dir='ltr'><strong><em>δειγμα</em></strong></span> <span class='ocrx_word' id='word_1_144' title='bbox 336 1820 394 1882; x_wconf 84' lang='grc' dir='ltr'><strong><em>τοῦ</em></strong></span> <span class='ocrx_word' id='word_1_145' title='bbox 418 1816 529 1904; x_wconf 89' lang='grc' dir='ltr'><strong><em>φωτὸς</em></strong></span> <span class='ocrx_word' id='word_1_146' title='bbox 550 1819 605 1883; x_wconf 85' lang='grc' dir='ltr'><strong><em>καί</em></strong></span> <span class='ocrx_word' id='word_1_147' title='bbox 627 1820 685 1882; x_wconf 85' lang='grc' dir='ltr'><strong><em>τοῦ</em></strong></span> <span class='ocrx_word' id='word_1_148' title='bbox 708 1811 970 1901; x_wconf 89' lang='grc' dir='ltr'><strong><em>άπαυγάσματος</em></strong></span> <span class='ocrx_word' id='word_1_149' title='bbox 985 1811 1161 1902; x_wconf 77' lang='grc' dir='ltr'><strong><em>ἀναγκαῖον</em></strong></span> <span class='ocrx_word' id='word_1_150' title='bbox 1178 1816 1224 1895; x_wconf 85' lang='grc' dir='ltr'><strong><em>είς</em></strong></span> <span class='ocrx_word' id='word_1_151' title='bbox 1239 1820 1349 1883; x_wconf 83' lang='grc' dir='ltr'><strong><em>τοῦτο.</em></strong></span> <span class='ocrx_word' id='word_1_152' title='bbox 1373 1823 1424 1895; x_wconf 91' lang='grc' dir='ltr'><strong><em>τίς</em></strong></span> 
     </span>
     <span class='ocr_line' id='line_1_17' title="bbox 196 1911 1424 2006; baseline -0.002 -20"><span class='ocrx_word' id='word_1_153' title='bbox 196 1919 354 2005; x_wconf 80' lang='grc' dir='ltr'><strong><em>τολμήσει</em></strong></span> <span class='ocrx_word' id='word_1_154' title='bbox 376 1921 480 2004; x_wconf 89' lang='grc' dir='ltr'><strong><em>λέγειν</em></strong></span> <span class='ocrx_word' id='word_1_155' title='bbox 503 1916 541 1984; x_wconf 90' lang='grc' dir='ltr'><strong><em>τό</em></strong></span> <span class='ocrx_word' id='word_1_156' title='bbox 565 1913 769 2002; x_wconf 80' lang='grc' dir='ltr'><strong><em>ἀπαύγασμα</em></strong></span> <span class='ocrx_word' id='word_1_157' title='bbox 785 1920 877 1998; x_wconf 85' lang='grc' dir='ltr'><strong><em>ξένον</em></strong></span> <span class='ocrx_word' id='word_1_158' title='bbox 892 1921 944 1983; x_wconf 84' lang='grc' dir='ltr'><strong><em>καί</em></strong></span> <span class='ocrx_word' id='word_1_159' title='bbox 962 1911 1119 2001; x_wconf 88' lang='grc' dir='ltr'><strong><em>ἀνόμοιον</em></strong></span> <span class='ocrx_word' id='word_1_160' title='bbox 1134 1913 1221 1985; x_wconf 81' lang='grc' dir='ltr'><strong><em>εἶναι</em></strong></span> <span class='ocrx_word' id='word_1_161' title='bbox 1234 1921 1294 1985; x_wconf 79' lang='grc' dir='ltr'><strong><em>τοῦ</em></strong></span> <span class='ocrx_word' id='word_1_162' title='bbox 1309 1913 1424 2006; x_wconf 81' lang='grc' dir='ltr'><strong><em>ήλίου,·</em></strong></span> 
     </span>
    </p>

    <p class='ocr_par' dir='ltr' id='par_1_4' title="bbox 61 2014 1426 4334">
     <span class='ocr_line' id='line_1_18' title="bbox 61 2014 1425 2106; baseline 0 -20"><span class='ocrx_word' id='word_1_163' title='bbox 61 2074 68 2098; x_wconf 73' lang='grc'><strong><em>,</em></strong></span> <span class='ocrx_word' id='word_1_164' title='bbox 195 2015 218 2106; x_wconf 83' lang='grc' dir='ltr'><em>ἢ</em></span> <span class='ocrx_word' id='word_1_165' title='bbox 239 2028 291 2098; x_wconf 89' lang='grc' dir='ltr'><strong><em>τίς</em></strong></span> <span class='ocrx_word' id='word_1_166' title='bbox 311 2021 437 2104; x_wconf 83' lang='grc' dir='ltr'><strong><em>μᾶλλον</em></strong></span> <span class='ocrx_word' id='word_1_167' title='bbox 459 2019 581 2104; x_wconf 76' lang='grc' dir='ltr'><strong><em>ἐνορῶν</em></strong></span> <span class='ocrx_word' id='word_1_168' title='bbox 604 2016 709 2098; x_wconf 73' lang='grc' dir='ltr'><strong><em>οὕτως</em></strong></span> <span class='ocrx_word' id='word_1_169' title='bbox 730 2020 768 2085; x_wconf 87' lang='grc' dir='ltr'><strong><em>τὸ</em></strong></span> <span class='ocrx_word' id='word_1_170' title='bbox 792 2014 994 2104; x_wconf 86' lang='grc' dir='ltr'><strong><em>ἀπαύγασμα</em></strong></span> <span class='ocrx_word' id='word_1_171' title='bbox 1016 2018 1102 2105; x_wconf 86' lang='grc' dir='ltr'><strong><em>πρὸς</em></strong></span> <span class='ocrx_word' id='word_1_172' title='bbox 1116 2018 1173 2084; x_wconf 87' lang='grc' dir='ltr'><strong><em>τόν</em></strong></span> <span class='ocrx_word' id='word_1_173' title='bbox 1188 2016 1281 2105; x_wconf 78' lang='grc' dir='ltr'><strong><em>ἥλιον</em></strong></span> <span class='ocrx_word' id='word_1_174' title='bbox 1296 2022 1351 2085; x_wconf 82' lang='grc' dir='ltr'><strong><em>καί</em></strong></span> <span class='ocrx_word' id='word_1_175' title='bbox 1367 2020 1425 2106; x_wconf 77' lang='grc' dir='ltr'><strong><em>τὴν</em></strong></span> 
     </span>
     <span class='ocr_line' id='line_1_19' title="bbox 125 2104 1423 2210; baseline -0.001 -22"><span class='ocrx_word' id='word_1_176' title='bbox 125 2104 135 2127; x_wconf 63' lang='lat'>⁸</span> <span class='ocrx_word' id='word_1_177' title='bbox 196 2122 382 2210; x_wconf 78' lang='grc' dir='ltr'><strong><em>ταυτότητά</em></strong></span> <span class='ocrx_word' id='word_1_178' title='bbox 402 2125 461 2187; x_wconf 84' lang='grc' dir='ltr'><strong><em>τοῦ</em></strong></span> <span class='ocrx_word' id='word_1_179' title='bbox 485 2121 606 2209; x_wconf 88' lang='grc' dir='ltr'><strong><em>φιοτός,</em></strong></span> <span class='ocrx_word' id='word_1_180' title='bbox 630 2117 687 2187; x_wconf 83' lang='grc' dir='ltr'><strong><em>οὐκ</em></strong></span> <span class='ocrx_word' id='word_1_181' title='bbox 710 2116 749 2187; x_wconf 85' lang='grc' dir='ltr'><strong><em>ἀν</em></strong></span> <span class='ocrx_word' id='word_1_182' title='bbox 773 2122 866 2187; x_wconf 83' lang='grc' dir='ltr'><strong><em>ε’ίποι</em></strong></span> <span class='ocrx_word' id='word_1_183' title='bbox 886 2119 1076 2207; x_wconf 76' lang='grc' dir='ltr'><strong><em>θαρρήσας·</em></strong></span> <span class='ocrx_word' id='word_1_184' title='bbox 1101 2118 1204 2198; x_wconf 82' lang='grc' dir='ltr'><strong><em>ὄντως</em></strong></span> <span class='ocrx_word' id='word_1_185' title='bbox 1225 2119 1264 2185; x_wconf 89' lang='grc' dir='ltr'><strong><em>τὸ</em></strong></span> <span class='ocrx_word' id='word_1_186' title='bbox 1281 2124 1355 2209; x_wconf 87' lang='grc' dir='ltr'><strong><em>φῶς</em></strong></span> <span class='ocrx_word' id='word_1_187' title='bbox 1369 2124 1423 2187; x_wconf 86' lang='grc' dir='ltr'><strong><em>καὶ</em></strong></span> 
     </span>
     <span class='ocr_line' id='line_1_20' title="bbox 197 2217 1426 2309; baseline 0 -20"><span class='ocrx_word' id='word_1_188' title='bbox 197 2222 236 2289; x_wconf 89' lang='grc' dir='ltr'><strong><em>τὸ</em></strong></span> <span class='ocrx_word' id='word_1_189' title='bbox 258 2219 462 2308; x_wconf 89' lang='grc' dir='ltr'><strong><em>ἀπαύγασμα</em></strong></span> <span class='ocrx_word' id='word_1_190' title='bbox 485 2223 518 2290; x_wconf 75' lang='grc' dir='ltr'><strong><em>έν</em></strong></span> <span class='ocrx_word' id='word_1_191' title='bbox 542 2223 616 2302; x_wconf 86' lang='grc' dir='ltr'><strong><em>είσι,</em></strong></span> <span class='ocrx_word' id='word_1_192' title='bbox 639 2225 806 2289; x_wconf 80' lang='grc' dir='ltr'><strong><em>καὶτοῦτο</em></strong></span> <span class='ocrx_word' id='word_1_193' title='bbox 823 2221 978 2309; x_wconf 77' lang='grc' dir='ltr'><strong><em>ίνέκείνφ</em></strong></span> <span class='ocrx_word' id='word_1_194' title='bbox 995 2223 1167 2302; x_wconf 87' lang='grc' dir='ltr'><strong><em>δείκνυται,</em></strong></span> <span class='ocrx_word' id='word_1_195' title='bbox 1190 2227 1244 2288; x_wconf 84' lang='grc' dir='ltr'><strong><em>καί</em></strong></span> <span class='ocrx_word' id='word_1_196' title='bbox 1259 2221 1299 2288; x_wconf 89' lang='grc' dir='ltr'><strong><em>τὸ</em></strong></span> <span class='ocrx_word' id='word_1_197' title='bbox 1314 2217 1426 2290; x_wconf 85' lang='grc' dir='ltr'><strong><em>ἀπαύ-</em></strong></span> 
     </span>
     <span class='ocr_line' id='line_1_21' title="bbox 196 2318 1424 2413; baseline -0.001 -21"><span class='ocrx_word' id='word_1_198' title='bbox 196 2349 308 2413; x_wconf 89' lang='grc' dir='ltr'><strong><em>γασμα</em></strong></span> <span class='ocrx_word' id='word_1_199' title='bbox 336 2324 370 2392; x_wconf 81' lang='grc' dir='ltr'><strong><em>έν</em></strong></span> <span class='ocrx_word' id='word_1_200' title='bbox 398 2327 445 2410; x_wconf 79' lang='grc' dir='ltr'><strong><em>τῷ</em></strong></span> <span class='ocrx_word' id='word_1_201' title='bbox 467 2320 550 2412; x_wconf 80' lang='grc' dir='ltr'><strong><em>ήλίηι</em></strong></span> <span class='ocrx_word' id='word_1_202' title='bbox 573 2323 722 2409; x_wconf 83' lang='grc' dir='ltr'><strong><em>τυγχάνει</em></strong></span> <span class='ocrx_word' id='word_1_203' title='bbox 747 2321 799 2405; x_wconf 83' lang='grc' dir='ltr'><strong><em>όν,</em></strong></span> <span class='ocrx_word' id='word_1_204' title='bbox 831 2320 912 2402; x_wconf 86' lang='grc' dir='ltr'><strong><em>ῶςτε</em></strong></span> <span class='ocrx_word' id='word_1_205' title='bbox 935 2321 991 2390; x_wconf 90' lang='grc' dir='ltr'><strong><em>τὸν</em></strong></span> <span class='ocrx_word' id='word_1_206' title='bbox 1015 2318 1144 2408; x_wconf 85' lang='grc' dir='ltr'><strong><em>δρῶντα</em></strong></span> <span class='ocrx_word' id='word_1_207' title='bbox 1164 2326 1264 2388; x_wconf 76' lang='grc' dir='ltr'><strong><em>τοῦτο</em></strong></span> <span class='ocrx_word' id='word_1_208' title='bbox 1285 2324 1424 2410; x_wconf 77' lang='grc' dir='ltr'><strong><em>βλέπειν</em></strong></span> 
     </span>
     <span class='ocr_line' id='line_1_22' title="bbox 196 2419 1423 2515; baseline -0.002 -20"><span class='ocrx_word' id='word_1_209' title='bbox 196 2425 344 2515; x_wconf 83' lang='grc' dir='ltr'><strong><em>κᾷκεῖνο,·</em></strong></span> <span class='ocrx_word' id='word_1_210' title='bbox 378 2425 436 2511; x_wconf 86' lang='grc' dir='ltr'><strong><em>τὴν</em></strong></span> <span class='ocrx_word' id='word_1_211' title='bbox 466 2426 502 2491; x_wconf 76' lang='grc' dir='ltr'><strong><em>δὲ</em></strong></span> <span class='ocrx_word' id='word_1_212' title='bbox 528 2426 683 2512; x_wconf 88' lang='grc' dir='ltr'><strong><em>τοιαύτην</em></strong></span> <span class='ocrx_word' id='word_1_213' title='bbox 713 2425 851 2514; x_wconf 76' lang='grc' dir='ltr'><strong><em>ἑνότητα</em></strong></span> <span class='ocrx_word' id='word_1_214' title='bbox 872 2428 925 2491; x_wconf 86' lang='grc' dir='ltr'><strong><em>καὶ</em></strong></span> <span class='ocrx_word' id='word_1_215' title='bbox 949 2424 1090 2513; x_wconf 82' lang='grc' dir='ltr'><strong><em>φυσικὴν</em></strong></span> <span class='ocrx_word' id='word_1_216' title='bbox 1114 2425 1265 2511; x_wconf 79' lang='grc' dir='ltr'><strong><em>ἰδιότητα</em></strong></span> <span class='ocrx_word' id='word_1_217' title='bbox 1287 2427 1362 2504; x_wconf 88' lang='grc' dir='ltr'><strong><em>πῶς</em></strong></span> <span class='ocrx_word' id='word_1_218' title='bbox 1383 2419 1423 2492; x_wconf 84' lang='grc' dir='ltr'><strong><em>ἀν</em></strong></span> 
     </span>
     <span class='ocr_line' id='line_1_23' title="bbox 196 2520 1425 2619; baseline -0.004 -21"><span class='ocrx_word' id='word_1_219' title='bbox 196 2531 231 2598; x_wconf 84' lang='grc' dir='ltr'><strong><em>ολ</em></strong></span> <span class='ocrx_word' id='word_1_220' title='bbox 259 2527 472 2605; x_wconf 87' lang='grc' dir='ltr'><strong><em>πιστεύοντες</em></strong></span> <span class='ocrx_word' id='word_1_221' title='bbox 500 2529 553 2592; x_wconf 81' lang='grc' dir='ltr'><strong><em>καὶ</em></strong></span> <span class='ocrx_word' id='word_1_222' title='bbox 576 2530 756 2612; x_wconf 74' lang='grc' dir='ltr'><strong><em>βλέποντες</em></strong></span> <span class='ocrx_word' id='word_1_223' title='bbox 779 2523 891 2619; x_wconf 80' lang='grc' dir='ltr'><strong><em>ὀρθῶς</em></strong></span> <span class='ocrx_word' id='word_1_224' title='bbox 913 2528 1084 2593; x_wconf 89' lang='grc' dir='ltr'><strong><em>καλέσαιεν</em></strong></span> <span class='ocrx_word' id='word_1_225' title='bbox 1104 2520 1127 2613; x_wconf 82' lang='grc' dir='ltr'><strong><em>ή</em></strong></span> <span class='ocrx_word' id='word_1_226' title='bbox 1150 2521 1330 2610; x_wconf 87' lang='grc' dir='ltr'><strong><em>όμοούσισν</em></strong></span> <span class='ocrx_word' id='word_1_227' title='bbox 1351 2531 1425 2613; x_wconf 87' lang='grc' dir='ltr'><strong><em>γέν-</em></strong></span> 
     </span>
     <span class='ocr_line' id='line_1_24' title="bbox 196 2626 1425 2719; baseline -0.002 -22"><span class='ocrx_word' id='word_1_228' title='bbox 196 2632 309 2719; x_wconf 68' lang='grc' dir='ltr'><strong><em>νημα;’</em></strong></span> <span class='ocrx_word' id='word_1_229' title='bbox 332 2627 371 2695; x_wconf 89' lang='grc' dir='ltr'><strong><em>τὸ</em></strong></span> <span class='ocrx_word' id='word_1_230' title='bbox 401 2631 437 2694; x_wconf 81' lang='grc' dir='ltr'><strong><em>δὲ</em></strong></span> <span class='ocrx_word' id='word_1_231' title='bbox 459 2632 517 2693; x_wconf 81' lang='grc' dir='ltr'><strong><em>τοῦ</em></strong></span> <span class='ocrx_word' id='word_1_232' title='bbox 540 2633 624 2695; x_wconf 84' lang='grc' dir='ltr'><strong><em>θεοῦ</em></strong></span> <span class='ocrx_word' id='word_1_233' title='bbox 646 2636 787 2718; x_wconf 87' lang='grc' dir='ltr'><strong><em>γέννημα</em></strong></span> <span class='ocrx_word' id='word_1_234' title='bbox 808 2635 842 2695; x_wconf 91' lang='grc' dir='ltr'><strong><em>τί</em></strong></span> <span class='ocrx_word' id='word_1_235' title='bbox 863 2627 903 2695; x_wconf 88' lang='grc' dir='ltr'><strong><em>ἀν</em></strong></span> <span class='ocrx_word' id='word_1_236' title='bbox 925 2653 976 2706; x_wconf 88' lang='grc' dir='ltr'><strong><em>τις</em></strong></span> <span class='ocrx_word' id='word_1_237' title='bbox 999 2628 1127 2706; x_wconf 81' lang='grc' dir='ltr'><strong><em>οἰκείως</em></strong></span> <span class='ocrx_word' id='word_1_238' title='bbox 1147 2626 1203 2693; x_wconf 83' lang='grc' dir='ltr'><strong><em>καὶ</em></strong></span> <span class='ocrx_word' id='word_1_239' title='bbox 1224 2626 1425 2711; x_wconf 89' lang='grc' dir='ltr'><strong><em>πρεπόντως</em></strong></span> 
     </span>
     <span class='ocr_line' id='line_1_25' title="bbox 195 2725 1425 2819; baseline -0.004 -19"><span class='ocrx_word' id='word_1_240' title='bbox 195 2733 359 2819; x_wconf 86' lang='grc' dir='ltr'><strong><em>νοήσειεν,</em></strong></span> <span class='ocrx_word' id='word_1_241' title='bbox 382 2725 404 2816; x_wconf 81' lang='grc' dir='ltr'><em>ἢ</em></span> <span class='ocrx_word' id='word_1_242' title='bbox 426 2730 523 2814; x_wconf 91' lang='grc' dir='ltr'><strong><em>λόγον</em></strong></span> <span class='ocrx_word' id='word_1_243' title='bbox 544 2733 597 2796; x_wconf 80' lang='grc' dir='ltr'><strong><em>καὶ</em></strong></span> <span class='ocrx_word' id='word_1_244' title='bbox 622 2739 746 2818; x_wconf 80' lang='grc' dir='ltr'><strong><em>σοφίαν</em></strong></span> <span class='ocrx_word' id='word_1_245' title='bbox 768 2734 821 2797; x_wconf 82' lang='grc' dir='ltr'><strong><em>καί</em></strong></span> <span class='ocrx_word' id='word_1_246' title='bbox 845 2729 998 2814; x_wconf 86' lang='grc' dir='ltr'><strong><em>δύναμιν,</em></strong></span> <span class='ocrx_word' id='word_1_247' title='bbox 1033 2725 1137 2816; x_wconf 78' lang='grc' dir='ltr'><strong><em>ἥνπερ</em></strong></span> <span class='ocrx_word' id='word_1_248' title='bbox 1159 2726 1253 2796; x_wconf 71' lang='grc' dir='ltr'><strong><em>οοὔτε</em></strong></span> <span class='ocrx_word' id='word_1_249' title='bbox 1273 2733 1332 2795; x_wconf 80' lang='grc' dir='ltr'><strong><em>τοῦ</em></strong></span> <span class='ocrx_word' id='word_1_250' title='bbox 1356 2755 1425 2796; x_wconf 89' lang='grc' dir='ltr'><strong><em>πα-</em></strong></span> 
     </span>
     <span class='ocr_line' id='line_1_26' title="bbox 194 2822 1425 2921; baseline -0.002 -21"><span class='ocrx_word' id='word_1_251' title='bbox 194 2833 274 2921; x_wconf 89' lang='grc' dir='ltr'><strong><em>τρὸς</em></strong></span> <span class='ocrx_word' id='word_1_252' title='bbox 295 2834 399 2917; x_wconf 83' lang='grc' dir='ltr'><strong><em>λέγειν</em></strong></span> <span class='ocrx_word' id='word_1_253' title='bbox 422 2834 513 2919; x_wconf 83' lang='grc' dir='ltr'><strong><em>ξένην</em></strong></span> <span class='ocrx_word' id='word_1_254' title='bbox 536 2827 630 2898; x_wconf 74' lang='grc' dir='ltr'><strong><em>ὅσιόν</em></strong></span> <span class='ocrx_word' id='word_1_255' title='bbox 653 2832 751 2912; x_wconf 84' lang='grc' dir='ltr'><strong><em>έστιν,</em></strong></span> <span class='ocrx_word' id='word_1_256' title='bbox 776 2830 851 2899; x_wconf 87' lang='grc' dir='ltr'><strong><em>ούτε</em></strong></span> <span class='ocrx_word' id='word_1_257' title='bbox 872 2831 916 2917; x_wconf 79' lang='grc' dir='ltr'><strong><em>μή</em></strong></span> <span class='ocrx_word' id='word_1_258' title='bbox 939 2822 1056 2908; x_wconf 78' lang='grc' dir='ltr'><strong><em>ἀιδίως</em></strong></span> <span class='ocrx_word' id='word_1_259' title='bbox 1078 2825 1164 2897; x_wconf 82' lang='grc' dir='ltr'><strong><em>εἶναι</em></strong></span> <span class='ocrx_word' id='word_1_260' title='bbox 1184 2829 1279 2916; x_wconf 87' lang='grc' dir='ltr'><strong><em>παρὰ</em></strong></span> <span class='ocrx_word' id='word_1_261' title='bbox 1292 2834 1340 2917; x_wconf 81' lang='grc' dir='ltr'><strong><em>τῷ</em></strong></span> <span class='ocrx_word' id='word_1_262' title='bbox 1357 2857 1425 2897; x_wconf 83' lang='grc' dir='ltr'><strong><em>πο-</em></strong></span> 
     </span>
     <span class='ocr_line' id='line_1_27' title="bbox 196 2925 1425 3021; baseline -0.002 -20"><span class='ocrx_word' id='word_1_263' title='bbox 196 2939 248 3019; x_wconf 83' lang='grc' dir='ltr'><strong><em>τρί</em></strong></span> <span class='ocrx_word' id='word_1_264' title='bbox 281 2929 341 3021; x_wconf 75' lang='grc' dir='ltr'><strong><em>κάν</em></strong></span> <span class='ocrx_word' id='word_1_265' title='bbox 373 2933 605 3020; x_wconf 78' lang='grc' dir='ltr'><strong><em>φαντάζεσθαι</em></strong></span> <span class='ocrx_word' id='word_1_266' title='bbox 632 2925 739 3017; x_wconf 87' lang='grc' dir='ltr'><strong><em>θέμις</em></strong></span> <span class='ocrx_word' id='word_1_267' title='bbox 762 2933 850 3014; x_wconf 75' lang='grc' dir='ltr'><strong><em>ἐστί,·</em></strong></span> <span class='ocrx_word' id='word_1_268' title='bbox 882 2931 988 3017; x_wconf 81' lang='grc' dir='ltr'><strong><em>τούτῳ</em></strong></span> <span class='ocrx_word' id='word_1_269' title='bbox 1018 2931 1079 3016; x_wconf 88' lang='grc' dir='ltr'><strong><em>γὰρ</em></strong></span> <span class='ocrx_word' id='word_1_270' title='bbox 1109 2935 1156 3018; x_wconf 83' lang='grc' dir='ltr'><strong><em>τῶ</em></strong></span> <span class='ocrx_word' id='word_1_271' title='bbox 1184 2931 1361 3020; x_wconf 84' lang='grc' dir='ltr'><strong><em>γεννήματι</em></strong></span> <span class='ocrx_word' id='word_1_272' title='bbox 1382 2932 1425 2999; x_wconf 86' lang='grc' dir='ltr'><strong><em>τὰ</em></strong></span> 
     </span>
     <span class='ocr_line' id='line_1_28' title="bbox 196 3029 1424 3122; baseline -0.001 -21"><span class='ocrx_word' id='word_1_273' title='bbox 196 3035 309 3101; x_wconf 90' lang='grc' dir='ltr'><strong><em>πάντα</em></strong></span> <span class='ocrx_word' id='word_1_274' title='bbox 330 3040 510 3119; x_wconf 89' lang='grc' dir='ltr'><strong><em>πεποίηκεν</em></strong></span> <span class='ocrx_word' id='word_1_275' title='bbox 535 3029 552 3098; x_wconf 90' lang='grc' dir='ltr'><strong><em>ό</em></strong></span> <span class='ocrx_word' id='word_1_276' title='bbox 575 3034 701 3122; x_wconf 82' lang='grc' dir='ltr'><strong><em>πατήρ,</em></strong></span> <span class='ocrx_word' id='word_1_277' title='bbox 729 3037 782 3100; x_wconf 82' lang='grc' dir='ltr'><strong><em>καὶ</em></strong></span> <span class='ocrx_word' id='word_1_278' title='bbox 805 3033 863 3120; x_wconf 87' lang='grc' dir='ltr'><strong><em>τὴν</em></strong></span> <span class='ocrx_word' id='word_1_279' title='bbox 886 3033 933 3111; x_wconf 90' lang='grc' dir='ltr'><strong><em>είς</em></strong></span> <span class='ocrx_word' id='word_1_280' title='bbox 955 3032 1066 3099; x_wconf 89' lang='grc' dir='ltr'><strong><em>πάντα</em></strong></span> <span class='ocrx_word' id='word_1_281' title='bbox 1087 3031 1250 3118; x_wconf 91' lang='grc' dir='ltr'><strong><em>πρόνοιαν</em></strong></span> <span class='ocrx_word' id='word_1_282' title='bbox 1272 3033 1424 3101; x_wconf 71' lang='grc' dir='ltr'><strong><em>ἐκτείνων</em></strong></span> 
     </span>
     <span class='ocr_line' id='line_1_29' title="bbox 198 3129 1425 3222; baseline 0 -20"><span class='ocrx_word' id='word_1_283' title='bbox 198 3131 244 3202; x_wconf 78' lang='grc' dir='ltr'><strong><em>δι’</em></strong></span> <span class='ocrx_word' id='word_1_284' title='bbox 271 3129 370 3201; x_wconf 79' lang='grc' dir='ltr'><strong><em>αὐτοῦ</em></strong></span> <span class='ocrx_word' id='word_1_285' title='bbox 395 3135 727 3222; x_wconf 88' lang='grc' dir='ltr'><strong><em>φιλανθρωπεύεται·</em></strong></span> <span class='ocrx_word' id='word_1_286' title='bbox 750 3134 805 3201; x_wconf 81' lang='grc' dir='ltr'><strong><em>καὶ</em></strong></span> <span class='ocrx_word' id='word_1_287' title='bbox 827 3131 932 3214; x_wconf 83' lang='grc' dir='ltr'><strong><em>ούτως</em></strong></span> <span class='ocrx_word' id='word_1_288' title='bbox 954 3139 987 3201; x_wconf 78' lang='grc' dir='ltr'><strong><em>ἓν</em></strong></span> <span class='ocrx_word' id='word_1_289' title='bbox 1011 3130 1110 3214; x_wconf 78' lang='grc' dir='ltr'><strong><em>αὐτὸς</em></strong></span> <span class='ocrx_word' id='word_1_290' title='bbox 1131 3137 1185 3201; x_wconf 86' lang='grc' dir='ltr'><strong><em>καὶ</em></strong></span> <span class='ocrx_word' id='word_1_291' title='bbox 1208 3130 1227 3200; x_wconf 91' lang='grc' dir='ltr'><strong><em>ό</em></strong></span> <span class='ocrx_word' id='word_1_292' title='bbox 1249 3134 1361 3220; x_wconf 84' lang='grc' dir='ltr'><strong><em>πατήρ</em></strong></span> <span class='ocrx_word' id='word_1_293' title='bbox 1378 3135 1425 3202; x_wconf 82' lang='grc' dir='ltr'><strong><em>εί-</em></strong></span> 
     </span>
     <span class='ocr_line' id='line_1_30' title="bbox 198 3232 1424 3324; baseline -0.001 -21"><span class='ocrx_word' id='word_1_294' title='bbox 198 3259 252 3303; x_wconf 94' lang='grc' dir='ltr'><strong><em>σιν</em></strong></span> <span class='ocrx_word' id='word_1_295' title='bbox 260 3240 290 3317; x_wconf 87' lang='lat'><strong><em>¹),</em></strong></span> <span class='ocrx_word' id='word_1_296' title='bbox 316 3232 425 3320; x_wconf 80' lang='grc' dir='ltr'><strong><em>ὥςπερ</em></strong></span> <span class='ocrx_word' id='word_1_297' title='bbox 450 3236 586 3322; x_wconf 75' lang='grc' dir='ltr'><strong><em>εἴρηται,</em></strong></span> <span class='ocrx_word' id='word_1_298' title='bbox 611 3236 639 3302; x_wconf 85' lang='grc' dir='ltr'><strong><em>εί</em></strong></span> <span class='ocrx_word' id='word_1_299' title='bbox 660 3235 705 3324; x_wconf 80' lang='grc' dir='ltr'><strong><em>μὴ</em></strong></span> <span class='ocrx_word' id='word_1_300' title='bbox 729 3234 793 3320; x_wconf 86' lang='grc' dir='ltr'><strong><em>ἀρα</em></strong></span> <span class='ocrx_word' id='word_1_301' title='bbox 815 3237 847 3302; x_wconf 81' lang='grc' dir='ltr'><strong><em>οἱ</em></strong></span> <span class='ocrx_word' id='word_1_302' title='bbox 868 3236 1069 3324; x_wconf 90' lang='grc' dir='ltr'><strong><em>κακόφρονες</em></strong></span> <span class='ocrx_word' id='word_1_303' title='bbox 1083 3235 1305 3324; x_wconf 83' lang='grc' dir='ltr'><strong><em>τολμήσαντες</em></strong></span> <span class='ocrx_word' id='word_1_304' title='bbox 1320 3235 1424 3302; x_wconf 88' lang='grc' dir='ltr'><strong><em>πάλιν</em></strong></span> 
     </span>
     <span class='ocr_line' id='line_1_31' title="bbox 199 3332 1423 3425; baseline -0.002 -20"><span class='ocrx_word' id='word_1_305' title='bbox 199 3339 343 3418; x_wconf 79' lang='grc' dir='ltr'><strong><em>εἴποιεν,</em></strong></span> <span class='ocrx_word' id='word_1_306' title='bbox 373 3335 475 3425; x_wconf 83' lang='grc' dir='ltr'><strong><em>ἀλλην</em></strong></span> <span class='ocrx_word' id='word_1_307' title='bbox 504 3332 591 3403; x_wconf 71' lang='grc' dir='ltr'><strong><em>εἶναι</em></strong></span> <span class='ocrx_word' id='word_1_308' title='bbox 617 3336 675 3424; x_wconf 81' lang='grc' dir='ltr'><strong><em>τήν</em></strong></span> <span class='ocrx_word' id='word_1_309' title='bbox 703 3340 762 3404; x_wconf 88' lang='grc' dir='ltr'><strong><em>τοῦ</em></strong></span> <span class='ocrx_word' id='word_1_310' title='bbox 786 3338 884 3423; x_wconf 89' lang='grc' dir='ltr'><strong><em>λόγου</em></strong></span> <span class='ocrx_word' id='word_1_311' title='bbox 908 3335 1038 3418; x_wconf 89' lang='grc' dir='ltr'><strong><em>ούσίαν,</em></strong></span> <span class='ocrx_word' id='word_1_312' title='bbox 1062 3340 1116 3404; x_wconf 86' lang='grc' dir='ltr'><strong><em>καὶ</em></strong></span> <span class='ocrx_word' id='word_1_313' title='bbox 1140 3335 1222 3403; x_wconf 86' lang='grc' dir='ltr'><strong><em>ἀλλο</em></strong></span> <span class='ocrx_word' id='word_1_314' title='bbox 1244 3337 1283 3403; x_wconf 88' lang='grc' dir='ltr'><strong><em>τό</em></strong></span> <span class='ocrx_word' id='word_1_315' title='bbox 1306 3337 1341 3404; x_wconf 87' lang='grc' dir='ltr'><strong><em>έκ</em></strong></span> <span class='ocrx_word' id='word_1_316' title='bbox 1363 3340 1423 3403; x_wconf 83' lang='grc' dir='ltr'><strong><em>τού</em></strong></span> 
     </span>
     <span class='ocr_line' id='line_1_32' title="bbox 197 3429 1423 3526; baseline -0.001 -20"><span class='ocrx_word' id='word_1_317' title='bbox 197 3438 326 3525; x_wconf 89' lang='grc' dir='ltr'><strong><em>πατρὸς</em></strong></span> <span class='ocrx_word' id='word_1_318' title='bbox 354 3438 388 3505; x_wconf 77' lang='grc' dir='ltr'><strong><em>έν</em></strong></span> <span class='ocrx_word' id='word_1_319' title='bbox 416 3433 505 3525; x_wconf 78' lang='grc' dir='ltr'><strong><em>αὐτῷ</em></strong></span> <span class='ocrx_word' id='word_1_320' title='bbox 529 3441 617 3525; x_wconf 90' lang='grc' dir='ltr'><strong><em>φῶς,</em></strong></span> <span class='ocrx_word' id='word_1_321' title='bbox 646 3434 686 3505; x_wconf 75' lang='grc' dir='ltr'><strong><em>ἵν’</em></strong></span> <span class='ocrx_word' id='word_1_322' title='bbox 709 3429 730 3526; x_wconf 79' lang='grc' dir='ltr'><em>ᾗ</em></span> <span class='ocrx_word' id='word_1_323' title='bbox 752 3437 873 3525; x_wconf 76' lang='grc' dir='ltr'><strong><em>τὸμὲν</em></strong></span> <span class='ocrx_word' id='word_1_324' title='bbox 895 3440 928 3507; x_wconf 83' lang='grc' dir='ltr'><strong><em>έν</em></strong></span> <span class='ocrx_word' id='word_1_325' title='bbox 951 3444 997 3526; x_wconf 76' lang='grc' dir='ltr'><strong><em>τῷ</em></strong></span> <span class='ocrx_word' id='word_1_326' title='bbox 1021 3439 1081 3526; x_wconf 78' lang='grc' dir='ltr'><strong><em>υἱῷ</em></strong></span> <span class='ocrx_word' id='word_1_327' title='bbox 1105 3443 1179 3526; x_wconf 88' lang='grc' dir='ltr'><strong><em>φῶς</em></strong></span> <span class='ocrx_word' id='word_1_328' title='bbox 1200 3443 1234 3506; x_wconf 78' lang='grc' dir='ltr'><strong><em>ἓν</em></strong></span> <span class='ocrx_word' id='word_1_329' title='bbox 1256 3437 1344 3524; x_wconf 88' lang='grc' dir='ltr'><strong><em>πρὸς</em></strong></span> <span class='ocrx_word' id='word_1_330' title='bbox 1364 3439 1423 3505; x_wconf 90' lang='grc' dir='ltr'><strong><em>τὸν</em></strong></span> 
     </span>
     <span class='ocr_line' id='line_1_33' title="bbox 196 3534 1423 3626; baseline -0.001 -19"><span class='ocrx_word' id='word_1_331' title='bbox 196 3546 341 3626; x_wconf 82' lang='grc' dir='ltr'><strong><em>πατέρα,</em></strong></span> <span class='ocrx_word' id='word_1_332' title='bbox 371 3534 470 3619; x_wconf 80' lang='grc' dir='ltr'><strong><em>αὐτὸς</em></strong></span> <span class='ocrx_word' id='word_1_333' title='bbox 492 3541 529 3605; x_wconf 82' lang='grc' dir='ltr'><strong><em>δὲ</em></strong></span> <span class='ocrx_word' id='word_1_334' title='bbox 551 3541 642 3620; x_wconf 87' lang='grc' dir='ltr'><strong><em>ξένος</em></strong></span> <span class='ocrx_word' id='word_1_335' title='bbox 662 3535 730 3606; x_wconf 78' lang='grc' dir='ltr'><strong><em>κατ’</em></strong></span> <span class='ocrx_word' id='word_1_336' title='bbox 755 3535 872 3609; x_wconf 84' lang='grc' dir='ltr'><strong><em>οάσίαν</em></strong></span> <span class='ocrx_word' id='word_1_337' title='bbox 895 3537 939 3619; x_wconf 88' lang='grc' dir='ltr'><strong><em>ῶς</em></strong></span> <span class='ocrx_word' id='word_1_338' title='bbox 961 3547 1090 3623; x_wconf 88' lang='grc' dir='ltr'><strong><em>κτίσμα.</em></strong></span> <span class='ocrx_word' id='word_1_339' title='bbox 1136 3536 1221 3606; x_wconf 86' lang='grc' dir='ltr'><strong><em>ἀλλὰ</em></strong></span> <span class='ocrx_word' id='word_1_340' title='bbox 1241 3544 1340 3607; x_wconf 87' lang='grc' dir='ltr'><strong><em>τοῦτο</em></strong></span> <span class='ocrx_word' id='word_1_341' title='bbox 1364 3544 1423 3606; x_wconf 83' lang='grc' dir='ltr'><strong><em>τοῦ</em></strong></span> 
     </span>
     <span class='ocr_line' id='line_1_34' title="bbox 196 3636 1422 3729; baseline 0.001 -22"><span class='ocrx_word' id='word_1_342' title='bbox 196 3641 339 3729; x_wconf 76' lang='grc' dir='ltr'><strong><em>Καιάφα</em></strong></span> <span class='ocrx_word' id='word_1_343' title='bbox 359 3644 413 3707; x_wconf 85' lang='grc' dir='ltr'><strong><em>καὶ</em></strong></span> <span class='ocrx_word' id='word_1_344' title='bbox 436 3645 495 3707; x_wconf 84' lang='grc' dir='ltr'><strong><em>τοῦ</em></strong></span> <span class='ocrx_word' id='word_1_345' title='bbox 517 3647 739 3726; x_wconf 81' lang='grc' dir='ltr'><strong><em>Σαμοσατέως</em></strong></span> <span class='ocrx_word' id='word_1_346' title='bbox 760 3636 923 3726; x_wconf 52' lang='grc' dir='ltr'><strong><em>ἆάτεχνῶς</em></strong></span> <span class='ocrx_word' id='word_1_347' title='bbox 946 3642 1018 3708; x_wconf 78' lang='grc' dir='ltr'><strong><em>ἐστι</em></strong></span> <span class='ocrx_word' id='word_1_348' title='bbox 1038 3640 1078 3706; x_wconf 88' lang='grc' dir='ltr'><strong><em>τό</em></strong></span> <span class='ocrx_word' id='word_1_349' title='bbox 1101 3640 1269 3729; x_wconf 88' lang='grc' dir='ltr'><strong><em>φρόνημα,</em></strong></span> <span class='ocrx_word' id='word_1_350' title='bbox 1294 3636 1422 3728; x_wconf 81' lang='grc' dir='ltr'><strong><em>ύπερή</em></strong></span> 
     </span>
     <span class='ocr_line' id='line_1_35' title="bbox 196 3732 1421 3830; baseline 0 -21"><span class='ocrx_word' id='word_1_351' title='bbox 196 3744 255 3826; x_wconf 77' lang='grc' dir='ltr'><strong><em>μὲν</em></strong></span> <span class='ocrx_word' id='word_1_352' title='bbox 278 3742 430 3829; x_wconf 84' lang='grc' dir='ltr'><strong><em>έκκλησία</em></strong></span> <span class='ocrx_word' id='word_1_353' title='bbox 452 3742 617 3829; x_wconf 73' lang='grc' dir='ltr'><strong><em>ἐξέβαλεν,</em></strong></span> <span class='ocrx_word' id='word_1_354' title='bbox 642 3732 736 3810; x_wconf 78' lang='grc' dir='ltr'><strong><em>οὗτοι</em></strong></span> <span class='ocrx_word' id='word_1_355' title='bbox 755 3743 793 3810; x_wconf 78' lang='grc' dir='ltr'><strong><em>δέ</em></strong></span> <span class='ocrx_word' id='word_1_356' title='bbox 815 3746 871 3810; x_wconf 74' lang='grc' dir='ltr'><strong><em>νῦν</em></strong></span> <span class='ocrx_word' id='word_1_357' title='bbox 892 3739 1142 3830; x_wconf 78' lang='grc' dir='ltr'><strong><em>ὑποκρίνονται,</em></strong></span> <span class='ocrx_word' id='word_1_358' title='bbox 1175 3743 1228 3810; x_wconf 90' lang='grc' dir='ltr'><strong><em>διὸ</em></strong></span> <span class='ocrx_word' id='word_1_359' title='bbox 1250 3746 1304 3809; x_wconf 80' lang='grc' dir='ltr'><strong><em>καί</em></strong></span> <span class='ocrx_word' id='word_1_360' title='bbox 1327 3738 1421 3809; x_wconf 74' lang='grc' dir='ltr'><strong><em>αὐτοὶ</em></strong></span> 
     </span>
     <span class='ocr_line' id='line_1_36' title="bbox 196 3838 1424 3932; baseline 0.002 -24"><span class='ocrx_word' id='word_1_361' title='bbox 196 3847 255 3930; x_wconf 80' lang='grc' dir='ltr'><strong><em>τῆς</em></strong></span> <span class='ocrx_word' id='word_1_362' title='bbox 282 3838 444 3930; x_wconf 87' lang='grc' dir='ltr'><strong><em>ἀληθείας</em></strong></span> <span class='ocrx_word' id='word_1_363' title='bbox 472 3844 666 3923; x_wconf 90' lang='grc' dir='ltr'><strong><em>έκπεσόντες</em></strong></span> <span class='ocrx_word' id='word_1_364' title='bbox 697 3838 945 3932; x_wconf 77' lang='grc' dir='ltr'><strong><em>ἀπεδείχθησαν</em></strong></span> <span class='ocrx_word' id='word_1_365' title='bbox 973 3845 1140 3930; x_wconf 79' lang='grc' dir='ltr'><strong><em>αἱρετικοί.</em></strong></span> <span class='ocrx_word' id='word_1_366' title='bbox 1187 3843 1217 3911; x_wconf 81' lang='grc' dir='ltr'><strong><em>εἰ</em></strong></span> <span class='ocrx_word' id='word_1_367' title='bbox 1246 3842 1308 3929; x_wconf 84' lang='grc' dir='ltr'><strong><em>γὰρ</em></strong></span> <span class='ocrx_word' id='word_1_368' title='bbox 1337 3839 1424 3922; x_wconf 82' lang='grc' dir='ltr'><strong><em>ὅλως</em></strong></span> 
     </span>
     <span class='ocr_line' id='line_1_37' title="bbox 196 3941 1422 4033; baseline -0.001 -22"><span class='ocrx_word' id='word_1_369' title='bbox 196 3950 324 4029; x_wconf 76' lang='grc' dir='ltr'><strong><em>μετέχει</em></strong></span> <span class='ocrx_word' id='word_1_370' title='bbox 344 3949 403 4010; x_wconf 83' lang='grc' dir='ltr'><strong><em>τοῦ</em></strong></span> <span class='ocrx_word' id='word_1_371' title='bbox 427 3945 461 4012; x_wconf 83' lang='grc' dir='ltr'><strong><em>έκ</em></strong></span> <span class='ocrx_word' id='word_1_372' title='bbox 481 3950 540 4011; x_wconf 84' lang='grc' dir='ltr'><strong><em>τοῦ</em></strong></span> <span class='ocrx_word' id='word_1_373' title='bbox 563 3945 691 4031; x_wconf 88' lang='grc' dir='ltr'><strong><em>πατρὸς</em></strong></span> <span class='ocrx_word' id='word_1_374' title='bbox 713 3945 833 4032; x_wconf 88' lang='grc' dir='ltr'><strong><em>φωτός,</em></strong></span> <span class='ocrx_word' id='word_1_375' title='bbox 858 3946 948 4012; x_wconf 90' lang='grc' dir='ltr'><strong><em>διατί</em></strong></span> <span class='ocrx_word' id='word_1_376' title='bbox 967 3945 1012 4033; x_wconf 79' lang='grc' dir='ltr'><strong><em>μὴ</em></strong></span> <span class='ocrx_word' id='word_1_377' title='bbox 1034 3946 1160 4030; x_wconf 85' lang='grc' dir='ltr'><strong><em>μᾶλλον</em></strong></span> <span class='ocrx_word' id='word_1_378' title='bbox 1183 3941 1281 4024; x_wconf 84' lang='grc' dir='ltr'><strong><em>αύτός</em></strong></span> <span class='ocrx_word' id='word_1_379' title='bbox 1297 3943 1422 4011; x_wconf 73' lang='grc' dir='ltr'><strong><em>ἔστιτὸ</em></strong></span> 
     </span>
     <span class='ocr_line' id='line_1_38' title="bbox 195 4043 1423 4134; baseline 0 -22"><span class='ocrx_word' id='word_1_380' title='bbox 195 4044 426 4130; x_wconf 81' lang='grc' dir='ltr'><strong><em>μετεχόμενον,</em></strong></span> <span class='ocrx_word' id='word_1_381' title='bbox 455 4047 510 4111; x_wconf 71' lang='grc' dir='ltr'><strong><em>ἵνα</em></strong></span> <span class='ocrx_word' id='word_1_382' title='bbox 537 4046 583 4134; x_wconf 78' lang='grc' dir='ltr'><strong><em>μὴ</em></strong></span> <span class='ocrx_word' id='word_1_383' title='bbox 604 4053 705 4131; x_wconf 90' lang='grc' dir='ltr'><strong><em>μέσον</em></strong></span> <span class='ocrx_word' id='word_1_384' title='bbox 727 4043 828 4112; x_wconf 84' lang='grc' dir='ltr'><strong><em>αύτοό</em></strong></span> <span class='ocrx_word' id='word_1_385' title='bbox 850 4073 884 4112; x_wconf 88' lang='grc' dir='ltr'><strong><em>τι</em></strong></span> <span class='ocrx_word' id='word_1_386' title='bbox 905 4050 957 4112; x_wconf 81' lang='grc' dir='ltr'><strong><em>καί</em></strong></span> <span class='ocrx_word' id='word_1_387' title='bbox 981 4050 1040 4112; x_wconf 82' lang='grc' dir='ltr'><strong><em>τοῦ</em></strong></span> <span class='ocrx_word' id='word_1_388' title='bbox 1063 4046 1190 4133; x_wconf 86' lang='grc' dir='ltr'><strong><em>πατρὸς</em></strong></span> <span class='ocrx_word' id='word_1_389' title='bbox 1214 4043 1423 4134; x_wconf 84' lang='grc' dir='ltr'><strong><em>εόρίσκηται;</em></strong></span> 
     </span>
     <span class='ocr_line' id='line_1_39' title="bbox 198 4142 1424 4234; baseline -0.002 -19"><span class='ocrx_word' id='word_1_390' title='bbox 198 4146 228 4215; x_wconf 84' lang='grc' dir='ltr'><strong><em>εί</em></strong></span> <span class='ocrx_word' id='word_1_391' title='bbox 247 4145 309 4232; x_wconf 84' lang='grc' dir='ltr'><strong><em>γάρ</em></strong></span> <span class='ocrx_word' id='word_1_392' title='bbox 330 4145 375 4234; x_wconf 79' lang='grc' dir='ltr'><strong><em>μὴ</em></strong></span> <span class='ocrx_word' id='word_1_393' title='bbox 398 4143 504 4226; x_wconf 81' lang='grc' dir='ltr'><strong><em>ούτως</em></strong></span> <span class='ocrx_word' id='word_1_394' title='bbox 526 4147 624 4227; x_wconf 77' lang='grc' dir='ltr'><strong><em>ἐστίν,</em></strong></span> <span class='ocrx_word' id='word_1_395' title='bbox 649 4142 757 4213; x_wconf 79' lang='grc' dir='ltr'><strong><em>οὐκέτι</em></strong></span> <span class='ocrx_word' id='word_1_396' title='bbox 780 4149 945 4215; x_wconf 89' lang='grc' dir='ltr'><strong><em>δείκνυται</em></strong></span> <span class='ocrx_word' id='word_1_397' title='bbox 968 4147 1024 4215; x_wconf 91' lang='grc' dir='ltr'><strong><em>διά</em></strong></span> <span class='ocrx_word' id='word_1_398' title='bbox 1045 4152 1104 4214; x_wconf 87' lang='grc' dir='ltr'><strong><em>τοῦ</em></strong></span> <span class='ocrx_word' id='word_1_399' title='bbox 1126 4149 1199 4214; x_wconf 79' lang='grc' dir='ltr'><strong><em>υίού</em></strong></span> <span class='ocrx_word' id='word_1_400' title='bbox 1222 4150 1424 4234; x_wconf 78' lang='grc' dir='ltr'><strong><em>γεγενῆσθαι</em></strong></span> 
     </span>
     <span class='ocr_line' id='line_1_40' title="bbox 196 4237 1424 4334; baseline 0 -21"><span class='ocrx_word' id='word_1_401' title='bbox 196 4246 238 4314; x_wconf 89' lang='grc' dir='ltr'><strong><em>τά</em></strong></span> <span class='ocrx_word' id='word_1_402' title='bbox 266 4247 393 4327; x_wconf 92' lang='grc' dir='ltr'><strong><em>πάντα,</em></strong></span> <span class='ocrx_word' id='word_1_403' title='bbox 428 4243 512 4314; x_wconf 87' lang='grc' dir='ltr'><strong><em>ἀλλὰ</em></strong></span> <span class='ocrx_word' id='word_1_404' title='bbox 535 4242 582 4314; x_wconf 74' lang='grc' dir='ltr'><strong><em>δι’</em></strong></span> <span class='ocrx_word' id='word_1_405' title='bbox 608 4248 746 4329; x_wconf 77' lang='grc' dir='ltr'><strong><em>ἐκείνου,</em></strong></span> <span class='ocrx_word' id='word_1_406' title='bbox 777 4238 815 4315; x_wconf 82' lang='grc' dir='ltr'><strong><em>οὗ</em></strong></span> <span class='ocrx_word' id='word_1_407' title='bbox 837 4252 890 4316; x_wconf 82' lang='grc' dir='ltr'><strong><em>καὶ</em></strong></span> <span class='ocrx_word' id='word_1_408' title='bbox 914 4246 1013 4328; x_wconf 84' lang='grc' dir='ltr'><strong><em>αύτός</em></strong></span> <span class='ocrx_word' id='word_1_409' title='bbox 1033 4255 1169 4334; x_wconf 84' lang='grc' dir='ltr'><strong><em>μετέχει.</em></strong></span> <span class='ocrx_word' id='word_1_410' title='bbox 1215 4249 1245 4315; x_wconf 82' lang='grc' dir='ltr'><strong><em>εἰ</em></strong></span> <span class='ocrx_word' id='word_1_411' title='bbox 1267 4249 1304 4316; x_wconf 79' lang='grc' dir='ltr'><strong><em>δέ</em></strong></span> <span class='ocrx_word' id='word_1_412' title='bbox 1327 4237 1424 4325; x_wconf 78' lang='grc' dir='ltr'><strong><em>οὗτός</em></strong></span> 
     </span>
    </p>
   </div>
   <div class='ocr_carea' id='block_1_3' title="bbox 266 4470 495 4532">
    <p class='ocr_par' dir='ltr' id='par_1_5' title="bbox 266 4470 495 4532">
     <span class='ocr_line' id='line_1_41' title="bbox 266 4470 495 4532; baseline 0 -12"><span class='ocrx_word' id='word_1_413' title='bbox 266 4471 289 4532; x_wconf 81' lang='grc' dir='ltr'><strong><em>ί)</em></strong></span> <span class='ocrx_word' id='word_1_414' title='bbox 308 4472 375 4522; x_wconf 82' lang='grc' dir='ltr'><strong><em>ίσευ.</em></strong></span> <span class='ocrx_word' id='word_1_415' title='bbox 396 4471 436 4532; x_wconf 82' lang='lat'><strong><em>¹0,</em></strong></span> <span class='ocrx_word' id='word_1_416' title='bbox 455 4470 495 4521; x_wconf 84' lang='lat'><strong><em>30.</em></strong></span> 
     </span>
    </p>
   </div>
   <div class='ocr_carea' id='block_1_4' title="bbox 0 0 1478 5092">
    <p class='ocr_par' dir='ltr' id='par_1_6' title="bbox 0 0 1478 5092">
     <span class='ocr_line' id='line_1_42' title="bbox 0 0 1478 5092; baseline 0 0"><span class='ocrx_word' id='word_1_417' title='bbox 0 0 1478 5092; x_wconf 95' lang='lat' dir='ltr'><strong><em> </em></strong></span> 
     </span>
    </p>
   </div>
  </div>
 </body>
</html>
