<?xml version="1.0" encoding="UTF-8"?>
<!DOCTYPE html PUBLIC "-//W3C//DTD XHTML 1.0 Transitional//EN"
    "http://www.w3.org/TR/xhtml1/DTD/xhtml1-transitional.dtd">
<html xmlns="http://www.w3.org/1999/xhtml" xml:lang="en" lang="en">
 <head>
  <title>
</title>
<meta http-equiv="Content-Type" content="text/html;charset=utf-8" />
  <meta name='ocr-system' content='tesseract 3.04.00' />
  <meta name='ocr-capabilities' content='ocr_page ocr_carea ocr_par ocr_line ocrx_word'/>
</head>
<body>
  <div class='ocr_page' id='page_1' title='image "./sanctiathanasii02athagoog_0630.png"; bbox 0 0 2948 5092; ppageno 0'>
   <div class='ocr_carea' id='block_1_1' title="bbox 475 239 1295 303">
    <p class='ocr_par' dir='ltr' id='par_1_1' title="bbox 475 239 1295 303">
     <span class='ocr_line' id='line_1_1' title="bbox 475 239 1295 303; baseline 0.004 -9"><span class='ocrx_word' id='word_1_1' title='bbox 475 249 583 294; x_wconf 78' lang='lat' dir='ltr'><strong>omaro</strong></span> <span class='ocrx_word' id='word_1_2' title='bbox 600 249 643 292; x_wconf 92' lang='grc' dir='ltr'><strong>ιιι.</strong></span> <span class='ocrx_word' id='word_1_3' title='bbox 660 249 776 293; x_wconf 79' lang='lat' dir='ltr'><strong>consur</strong></span> <span class='ocrx_word' id='word_1_4' title='bbox 789 250 923 295; x_wconf 75' lang='lat' dir='ltr'><strong>maros.</strong></span> <span class='ocrx_word' id='word_1_5' title='bbox 1233 239 1295 303; x_wconf 74' lang='lat'><strong>543</strong></span> 
     </span>
    </p>
   </div>
   <div class='ocr_carea' id='block_1_2' title="bbox 69 400 1390 3632">
    <p class='ocr_par' dir='ltr' id='par_1_2' title="bbox 69 400 1379 1196">
     <span class='ocr_line' id='line_1_2' title="bbox 71 400 1379 485; baseline -0.002 -18"><span class='ocrx_word' id='word_1_6' title='bbox 71 405 126 485; x_wconf 86' lang='lat' dir='ltr'><strong>qui</strong></span> <span class='ocrx_word' id='word_1_7' title='bbox 145 404 319 482; x_wconf 85' lang='lat' dir='ltr'><strong>interrogat,</strong></span> <span class='ocrx_word' id='word_1_8' title='bbox 342 420 466 464; x_wconf 87' lang='lat' dir='ltr'><strong>necesse</strong></span> <span class='ocrx_word' id='word_1_9' title='bbox 489 409 535 462; x_wconf 90' lang='lat' dir='ltr'><strong>est</strong></span> <span class='ocrx_word' id='word_1_10' title='bbox 556 401 692 480; x_wconf 64' lang='lat' dir='ltr'><strong>gnorare</strong></span> <span class='ocrx_word' id='word_1_11' title='bbox 714 400 750 462; x_wconf 88' lang='lat' dir='ltr'><strong>de</strong></span> <span class='ocrx_word' id='word_1_12' title='bbox 773 401 879 479; x_wconf 78' lang='lat' dir='ltr'><strong>mribus</strong></span> <span class='ocrx_word' id='word_1_13' title='bbox 902 402 1081 482; x_wconf 87' lang='lat' dir='ltr'><strong>interrogat;</strong></span> <span class='ocrx_word' id='word_1_14' title='bbox 1102 422 1203 467; x_wconf 85' lang='lat' dir='ltr'><strong>verum</strong></span> <span class='ocrx_word' id='word_1_15' title='bbox 1226 405 1379 469; x_wconf 74' lang='lat' dir='ltr'><strong>linctum.</strong></span> 
     </span>
     <span class='ocr_line' id='line_1_3' title="bbox 72 502 1295 584; baseline 0 -15"><span class='ocrx_word' id='word_1_16' title='bbox 72 506 165 569; x_wconf 80' lang='lat' dir='ltr'><strong>edam</strong></span> <span class='ocrx_word' id='word_1_17' title='bbox 187 504 330 567; x_wconf 85' lang='lat' dir='ltr'><strong>scientem</strong></span> <span class='ocrx_word' id='word_1_18' title='bbox 352 503 389 564; x_wconf 90' lang='lat' dir='ltr'><strong>de</strong></span> <span class='ocrx_word' id='word_1_19' title='bbox 411 503 469 576; x_wconf 88' lang='lat' dir='ltr'><strong>bis,</strong></span> <span class='ocrx_word' id='word_1_20' title='bbox 490 521 565 582; x_wconf 87' lang='lat' dir='ltr'><strong>quae</strong></span> <span class='ocrx_word' id='word_1_21' title='bbox 587 502 750 581; x_wconf 75' lang='lat' dir='ltr'>cognoscit,</span> <span class='ocrx_word' id='word_1_22' title='bbox 772 502 927 565; x_wconf 90' lang='lat' dir='ltr'><strong>sciscitari.</strong></span> <span class='ocrx_word' id='word_1_23' title='bbox 972 504 1058 567; x_wconf 84' lang='lat' dir='ltr'><strong>Certe</strong></span> <span class='ocrx_word' id='word_1_24' title='bbox 1079 505 1146 584; x_wconf 89' lang='lat' dir='ltr'><strong>ipse</strong></span> <span class='ocrx_word' id='word_1_25' title='bbox 1167 506 1295 570; x_wconf 87' lang='lat' dir='ltr'><strong>loannes</strong></span> 
     </span>
     <span class='ocr_line' id='line_1_4' title="bbox 72 602 1298 684; baseline -0.002 -13"><span class='ocrx_word' id='word_1_26' title='bbox 72 607 228 671; x_wconf 74' lang='lat' dir='ltr'>Christum</span> <span class='ocrx_word' id='word_1_27' title='bbox 254 606 503 684; x_wconf 78' lang='lat' dir='ltr'><strong>interrogantem:</strong></span> <span class='ocrx_word' id='word_1_28' title='bbox 540 603 621 677; x_wconf 78' lang='lat' dir='ltr'><strong>Quot</strong></span> <span class='ocrx_word' id='word_1_29' title='bbox 648 621 745 683; x_wconf 82' lang='lat' dir='ltr'><strong>pones</strong></span> <span class='ocrx_word' id='word_1_30' title='bbox 775 602 913 667; x_wconf 70' lang='lat' dir='ltr'><strong>bebetis?</strong></span> <span class='ocrx_word' id='word_1_31' title='bbox 943 624 1005 667; x_wconf 88' lang='lat' dir='ltr'><strong>non</strong></span> <span class='ocrx_word' id='word_1_32' title='bbox 1032 607 1216 669; x_wconf 76' lang='lat' dir='ltr'><strong>nescientem</strong></span> <span class='ocrx_word' id='word_1_33' title='bbox 1243 606 1298 670; x_wconf 90' lang='lat' dir='ltr'><strong>sed</strong></span> 
     </span>
     <span class='ocr_line' id='line_1_5' title="bbox 72 703 1297 791; baseline -0.001 -18"><span class='ocrx_word' id='word_1_34' title='bbox 72 709 223 773; x_wconf 77' lang='lat' dir='ltr'><strong>scientem</strong></span> <span class='ocrx_word' id='word_1_35' title='bbox 243 705 392 787; x_wconf 88' lang='lat' dir='ltr'><strong>agnoscit,</strong></span> <span class='ocrx_word' id='word_1_36' title='bbox 415 705 485 766; x_wconf 91' lang='lat' dir='ltr'><strong>binc</strong></span> <span class='ocrx_word' id='word_1_37' title='bbox 506 704 584 766; x_wconf 87' lang='lat' dir='ltr'><strong>enim</strong></span> <span class='ocrx_word' id='word_1_38' title='bbox 605 704 660 767; x_wconf 88' lang='lat' dir='ltr'><strong>ait:</strong></span> <span class='ocrx_word' id='word_1_39' title='bbox 693 703 759 768; x_wconf 86' lang='lat' dir='ltr'><strong>Hoc</strong></span> <span class='ocrx_word' id='word_1_40' title='bbox 780 717 879 768; x_wconf 78' lang='lat' dir='ltr'><strong>outone</strong></span> <span class='ocrx_word' id='word_1_41' title='bbox 901 708 1015 770; x_wconf 82' lang='lat' dir='ltr'><strong>dicebat</strong></span> <span class='ocrx_word' id='word_1_42' title='bbox 1037 720 1157 772; x_wconf 83' lang='grc' dir='ltr'><strong>ιιιιιαιιι</strong></span> <span class='ocrx_word' id='word_1_43' title='bbox 1178 709 1297 791; x_wconf 73' lang='lat' dir='ltr'><strong>Philip-</strong></span> 
     </span>
     <span class='ocr_line' id='line_1_6' title="bbox 69 807 1298 894; baseline 0.001 -21"><span class='ocrx_word' id='word_1_44' title='bbox 69 831 166 894; x_wconf 69' lang='lat' dir='ltr'><strong>perag</strong></span> <span class='ocrx_word' id='word_1_45' title='bbox 198 814 263 890; x_wconf 76' lang='lat' dir='ltr'><strong>ipse</strong></span> <span class='ocrx_word' id='word_1_46' title='bbox 290 813 369 870; x_wconf 78' lang='lat' dir='ltr'><strong>enim</strong></span> <span class='ocrx_word' id='word_1_47' title='bbox 396 808 508 870; x_wconf 82' lang='lat' dir='ltr'><strong>sciebat</strong></span> <span class='ocrx_word' id='word_1_48' title='bbox 534 807 703 888; x_wconf 75' lang='lat' dir='ltr'><strong>quidemst</strong></span> <span class='ocrx_word' id='word_1_49' title='bbox 729 808 883 886; x_wconf 75' lang='lat' dir='ltr'><strong>secturus.</strong></span> <span class='ocrx_word' id='word_1_50' title='bbox 927 808 1013 880; x_wconf 80' lang='lat' dir='ltr'><strong>Quod</strong></span> <span class='ocrx_word' id='word_1_51' title='bbox 1035 809 1060 870; x_wconf 89' lang='lat' dir='ltr'><strong>si</strong></span> <span class='ocrx_word' id='word_1_52' title='bbox 1082 818 1206 872; x_wconf 82' lang='lat' dir='ltr'><strong>noverat</strong></span> <span class='ocrx_word' id='word_1_53' title='bbox 1226 810 1298 889; x_wconf 83' lang='lat' dir='ltr'><strong>quid</strong></span> 
     </span>
     <span class='ocr_line' id='line_1_7' title="bbox 72 908 1313 988; baseline 0 -13"><span class='ocrx_word' id='word_1_54' title='bbox 72 915 204 986; x_wconf 84' lang='lat' dir='ltr'><strong>taceret,</strong></span> <span class='ocrx_word' id='word_1_55' title='bbox 236 929 297 973; x_wconf 94' lang='lat' dir='ltr'><strong>non</strong></span> <span class='ocrx_word' id='word_1_56' title='bbox 326 909 415 988; x_wconf 90' lang='lat' dir='ltr'><strong>igitur</strong></span> <span class='ocrx_word' id='word_1_57' title='bbox 442 908 579 970; x_wconf 90' lang='lat' dir='ltr'><strong>nesciens</strong></span> <span class='ocrx_word' id='word_1_58' title='bbox 608 908 660 970; x_wconf 89' lang='lat' dir='ltr'><strong>sed</strong></span> <span class='ocrx_word' id='word_1_59' title='bbox 682 908 780 971; x_wconf 89' lang='lat' dir='ltr'><strong>sciens</strong></span> <span class='ocrx_word' id='word_1_60' title='bbox 803 909 1013 988; x_wconf 89' lang='lat' dir='ltr'><strong>interrogabat.</strong></span> <span class='ocrx_word' id='word_1_61' title='bbox 1056 910 1121 972; x_wconf 86' lang='lat' dir='ltr'><strong>Hoc</strong></span> <span class='ocrx_word' id='word_1_62' title='bbox 1141 919 1239 974; x_wconf 87' lang='lat' dir='ltr'><strong>autem</strong></span> <span class='ocrx_word' id='word_1_63' title='bbox 1260 930 1313 975; x_wconf 78' lang='lat' dir='ltr'><strong>ex·</strong></span> 
     </span>
     <span class='ocr_line' id='line_1_8' title="bbox 72 1009 1295 1093; baseline -0.001 -17"><span class='ocrx_word' id='word_1_64' title='bbox 72 1014 141 1077; x_wconf 87' lang='lat' dir='ltr'><strong>loco</strong></span> <span class='ocrx_word' id='word_1_65' title='bbox 165 1012 221 1075; x_wconf 85' lang='lat' dir='ltr'><strong>alia</strong></span> <span class='ocrx_word' id='word_1_66' title='bbox 243 1030 404 1093; x_wconf 86' lang='lat' dir='ltr'><strong>possumus</strong></span> <span class='ocrx_word' id='word_1_67' title='bbox 426 1010 598 1089; x_wconf 86' lang='lat' dir='ltr'><strong>intelligere.</strong></span> <span class='ocrx_word' id='word_1_68' title='bbox 640 1009 702 1072; x_wconf 86' lang='lat' dir='ltr'><strong>Nec</strong></span> <span class='ocrx_word' id='word_1_69' title='bbox 729 1010 808 1072; x_wconf 89' lang='lat' dir='ltr'><strong>enim</strong></span> <span class='ocrx_word' id='word_1_70' title='bbox 834 1011 975 1090; x_wconf 88' lang='lat' dir='ltr'><strong>ignorans</strong></span> <span class='ocrx_word' id='word_1_71' title='bbox 997 1010 1141 1073; x_wconf 84' lang='lat' dir='ltr'><strong>Dominus</strong></span> <span class='ocrx_word' id='word_1_72' title='bbox 1163 1013 1295 1076; x_wconf 87' lang='lat' dir='ltr'><strong>interro-</strong></span> 
     </span>
     <span class='ocr_line' id='line_1_9' title="bbox 72 1111 1295 1196; baseline -0.002 -17"><span class='ocrx_word' id='word_1_73' title='bbox 72 1115 181 1196; x_wconf 87' lang='lat' dir='ltr'><strong>gabat,</strong></span> <span class='ocrx_word' id='word_1_74' title='bbox 204 1113 322 1175; x_wconf 78' lang='lat' dir='ltr'><strong>ubinam</strong></span> <span class='ocrx_word' id='word_1_75' title='bbox 344 1113 453 1174; x_wconf 87' lang='lat' dir='ltr'><strong>iaceret</strong></span> <span class='ocrx_word' id='word_1_76' title='bbox 472 1111 620 1185; x_wconf 83' lang='lat' dir='ltr'><strong>Lazarus,</strong></span> <span class='ocrx_word' id='word_1_77' title='bbox 649 1129 745 1192; x_wconf 89' lang='lat' dir='ltr'><strong>neque</strong></span> <span class='ocrx_word' id='word_1_78' title='bbox 767 1131 854 1191; x_wconf 87' lang='lat' dir='ltr'><strong>quem</strong></span> <span class='ocrx_word' id='word_1_79' title='bbox 876 1113 973 1193; x_wconf 88' lang='lat' dir='ltr'><strong>ipsum</strong></span> <span class='ocrx_word' id='word_1_80' title='bbox 995 1113 1132 1175; x_wconf 89' lang='lat' dir='ltr'><strong>homines</strong></span> <span class='ocrx_word' id='word_1_81' title='bbox 1153 1113 1295 1188; x_wconf 86' lang='lat' dir='ltr'><strong>dicerent,</strong></span> 
     </span>
    </p>

    <p class='ocr_par' dir='ltr' id='par_1_3' title="bbox 71 1211 1297 1397">
     <span class='ocr_line' id='line_1_10' title="bbox 71 1211 1296 1296; baseline -0.002 -15"><span class='ocrx_word' id='word_1_82' title='bbox 71 1218 128 1281; x_wconf 87' lang='lat' dir='ltr'><strong>sed</strong></span> <span class='ocrx_word' id='word_1_83' title='bbox 150 1217 212 1279; x_wconf 87' lang='lat' dir='ltr'><strong>hoc</strong></span> <span class='ocrx_word' id='word_1_84' title='bbox 236 1216 350 1296; x_wconf 91' lang='lat' dir='ltr'><strong>ipsum,</strong></span> <span class='ocrx_word' id='word_1_85' title='bbox 383 1213 463 1292; x_wconf 89' lang='lat' dir='ltr'><strong>quod</strong></span> <span class='ocrx_word' id='word_1_86' title='bbox 490 1211 704 1292; x_wconf 86' lang='lat' dir='ltr'><strong>interrogabat,</strong></span> <span class='ocrx_word' id='word_1_87' title='bbox 732 1231 916 1292; x_wconf 89' lang='lat' dir='ltr'><strong>cognosceus</strong></span> <span class='ocrx_word' id='word_1_88' title='bbox 945 1215 1100 1294; x_wconf 80' lang='lat' dir='ltr'><strong>sciensque</strong></span> <span class='ocrx_word' id='word_1_89' title='bbox 1122 1215 1193 1294; x_wconf 89' lang='lat' dir='ltr'><strong>quid</strong></span> <span class='ocrx_word' id='word_1_90' title='bbox 1215 1223 1296 1278; x_wconf 87' lang='lat' dir='ltr'><strong>esset</strong></span> 
     </span>
     <span class='ocr_line' id='line_1_11' title="bbox 73 1301 1297 1397; baseline -0.002 -15"><span class='ocrx_word' id='word_1_91' title='bbox 73 1320 227 1392; x_wconf 61' lang='lat' dir='ltr'><strong>iacturum</strong></span> <span class='ocrx_word' id='word_1_92' title='bbox 255 1326 341 1397; x_wconf 88' lang='lat' dir='ltr'><strong>atque</strong></span> <span class='ocrx_word' id='word_1_93' title='bbox 362 1316 403 1377; x_wconf 90' lang='lat' dir='ltr'><strong>ita</strong></span> <span class='ocrx_word' id='word_1_94' title='bbox 423 1314 560 1378; x_wconf 77' lang='lat' dir='ltr'><strong>facillime</strong></span> <span class='ocrx_word' id='word_1_95' title='bbox 581 1324 698 1379; x_wconf 90' lang='lat' dir='ltr'><strong>acutum</strong></span> <span class='ocrx_word' id='word_1_96' title='bbox 719 1315 838 1378; x_wconf 87' lang='lat' dir='ltr'><strong>illorum</strong></span> <span class='ocrx_word' id='word_1_97' title='bbox 859 1315 1012 1396; x_wconf 88' lang='lat' dir='ltr'><strong>sopbisma</strong></span> <span class='ocrx_word' id='word_1_98' title='bbox 1034 1316 1162 1379; x_wconf 83' lang='lat' dir='ltr'><strong>diluitur.</strong></span> <span class='ocrx_word' id='word_1_99' title='bbox 1207 1301 1297 1391; x_wconf 78' lang='lat' dir='ltr'><strong>Quod</strong></span> 
     </span>
    </p>

    <p class='ocr_par' dir='ltr' id='par_1_4' title="bbox 71 1417 1385 2312">
     <span class='ocr_line' id='line_1_12' title="bbox 72 1417 1295 1497; baseline -0.002 -14"><span class='ocrx_word' id='word_1_100' title='bbox 72 1422 101 1484; x_wconf 89' lang='lat' dir='ltr'><strong>si</strong></span> <span class='ocrx_word' id='word_1_101' title='bbox 122 1421 227 1493; x_wconf 80' lang='lat' dir='ltr'><strong>ineo,</strong></span> <span class='ocrx_word' id='word_1_102' title='bbox 250 1418 329 1497; x_wconf 88' lang='lat' dir='ltr'><strong>quod</strong></span> <span class='ocrx_word' id='word_1_103' title='bbox 350 1417 533 1496; x_wconf 86' lang='lat' dir='ltr'><strong>interrogare</strong></span> <span class='ocrx_word' id='word_1_104' title='bbox 555 1417 679 1491; x_wconf 91' lang='lat' dir='ltr'><strong>dicitur,</strong></span> <span class='ocrx_word' id='word_1_105' title='bbox 701 1417 792 1479; x_wconf 87' lang='lat' dir='ltr'><strong>velint</strong></span> <span class='ocrx_word' id='word_1_106' title='bbox 812 1417 968 1490; x_wconf 74' lang='lat' dir='ltr'><strong>insistere,</strong></span> <span class='ocrx_word' id='word_1_107' title='bbox 991 1418 1111 1480; x_wconf 89' lang='lat' dir='ltr'><strong>audiant</strong></span> <span class='ocrx_word' id='word_1_108' title='bbox 1131 1418 1241 1481; x_wconf 87' lang='lat' dir='ltr'><strong>nullam</strong></span> <span class='ocrx_word' id='word_1_109' title='bbox 1261 1419 1295 1482; x_wconf 90' lang='lat' dir='ltr'><strong>in</strong></span> 
     </span>
     <span class='ocr_line' id='line_1_13' title="bbox 71 1519 1296 1600; baseline 0 -15"><span class='ocrx_word' id='word_1_110' title='bbox 71 1521 228 1585; x_wconf 80' lang='lat' dir='ltr'><strong>dirimtate</strong></span> <span class='ocrx_word' id='word_1_111' title='bbox 247 1519 442 1599; x_wconf 90' lang='lat' dir='ltr'><strong>ignorantiam</strong></span> <span class='ocrx_word' id='word_1_112' title='bbox 471 1537 557 1592; x_wconf 86' lang='lat' dir='ltr'><strong>csso,</strong></span> <span class='ocrx_word' id='word_1_113' title='bbox 591 1519 645 1581; x_wconf 86' lang='lat' dir='ltr'><strong>sed</strong></span> <span class='ocrx_word' id='word_1_114' title='bbox 671 1520 827 1598; x_wconf 85' lang='lat' dir='ltr'><strong>proprium</strong></span> <span class='ocrx_word' id='word_1_115' title='bbox 854 1538 922 1581; x_wconf 87' lang='lat' dir='ltr'><strong>esse</strong></span> <span class='ocrx_word' id='word_1_116' title='bbox 944 1520 1040 1582; x_wconf 89' lang='lat' dir='ltr'><strong>caruis</strong></span> <span class='ocrx_word' id='word_1_117' title='bbox 1066 1520 1220 1600; x_wconf 84' lang='lat' dir='ltr'><strong>ignorare,</strong></span> <span class='ocrx_word' id='word_1_118' title='bbox 1251 1521 1296 1585; x_wconf 90' lang='lat' dir='ltr'><strong>uti</strong></span> 
     </span>
     <span class='ocr_line' id='line_1_14' title="bbox 73 1620 1295 1704; baseline 0.001 -18"><span class='ocrx_word' id='word_1_119' title='bbox 73 1623 189 1686; x_wconf 86' lang='lat' dir='ltr'><strong>dictum</strong></span> <span class='ocrx_word' id='word_1_120' title='bbox 211 1629 266 1684; x_wconf 82' lang='lat' dir='ltr'><strong>est</strong></span> <span class='ocrx_word' id='word_1_121' title='bbox 310 1621 398 1694; x_wconf 81' lang='lat' dir='ltr'><strong>Quod</strong></span> <span class='ocrx_word' id='word_1_122' title='bbox 427 1621 547 1700; x_wconf 86' lang='lat' dir='ltr'><strong>quidem</strong></span> <span class='ocrx_word' id='word_1_123' title='bbox 574 1639 677 1683; x_wconf 88' lang='lat' dir='ltr'><strong>verum</strong></span> <span class='ocrx_word' id='word_1_124' title='bbox 697 1639 765 1682; x_wconf 87' lang='lat' dir='ltr'><strong>esse</strong></span> <span class='ocrx_word' id='word_1_125' title='bbox 787 1620 970 1702; x_wconf 83' lang='lat' dir='ltr'><strong>comperies,</strong></span> <span class='ocrx_word' id='word_1_126' title='bbox 1000 1621 1026 1683; x_wconf 88' lang='lat' dir='ltr'><strong>si</strong></span> <span class='ocrx_word' id='word_1_127' title='bbox 1048 1621 1206 1696; x_wconf 84' lang='lat' dir='ltr'><strong>observes,</strong></span> <span class='ocrx_word' id='word_1_128' title='bbox 1234 1640 1295 1704; x_wconf 82' lang='lat' dir='ltr'><strong>quo</strong></span> 
     </span>
     <span class='ocr_line' id='line_1_15' title="bbox 71 1720 1306 1805; baseline -0.003 -18"><span class='ocrx_word' id='word_1_129' title='bbox 71 1732 162 1805; x_wconf 80' lang='lat' dir='ltr'><strong>paeto</strong></span> <span class='ocrx_word' id='word_1_130' title='bbox 182 1723 346 1796; x_wconf 86' lang='lat' dir='ltr'><strong>Dominus,</strong></span> <span class='ocrx_word' id='word_1_131' title='bbox 368 1722 418 1802; x_wconf 91' lang='lat' dir='ltr'><strong>qui</strong></span> <span class='ocrx_word' id='word_1_132' title='bbox 441 1722 648 1803; x_wconf 86' lang='lat' dir='ltr'><strong>interrogavit,</strong></span> <span class='ocrx_word' id='word_1_133' title='bbox 670 1721 721 1784; x_wconf 90' lang='lat' dir='ltr'><strong>ubi</strong></span> <span class='ocrx_word' id='word_1_134' title='bbox 743 1720 853 1785; x_wconf 69' lang='lat' dir='ltr'><strong>iaceret</strong></span> <span class='ocrx_word' id='word_1_135' title='bbox 872 1722 1014 1796; x_wconf 76' lang='lat' dir='ltr'><strong>Lazarus,</strong></span> <span class='ocrx_word' id='word_1_136' title='bbox 1035 1722 1102 1802; x_wconf 89' lang='lat' dir='ltr'><strong>ipse</strong></span> <span class='ocrx_word' id='word_1_137' title='bbox 1122 1741 1185 1786; x_wconf 88' lang='lat' dir='ltr'><strong>nou</strong></span> <span class='ocrx_word' id='word_1_138' title='bbox 1205 1743 1306 1805; x_wconf 81' lang='lat' dir='ltr'><strong>prae·.</strong></span> 
     </span>
     <span class='ocr_line' id='line_1_16' title="bbox 71 1824 1295 1906; baseline 0.002 -18"><span class='ocrx_word' id='word_1_139' title='bbox 71 1844 146 1889; x_wconf 87' lang='lat' dir='ltr'><strong>sens</strong></span> <span class='ocrx_word' id='word_1_140' title='bbox 169 1825 225 1887; x_wconf 88' lang='lat' dir='ltr'><strong>scd</strong></span> <span class='ocrx_word' id='word_1_141' title='bbox 246 1825 349 1904; x_wconf 88' lang='lat' dir='ltr'><strong>procul</strong></span> <span class='ocrx_word' id='word_1_142' title='bbox 371 1825 480 1887; x_wconf 89' lang='lat' dir='ltr'><strong>absens</strong></span> <span class='ocrx_word' id='word_1_143' title='bbox 502 1825 609 1887; x_wconf 85' lang='lat' dir='ltr'><strong>dixerit</strong></span> <span class='ocrx_word' id='word_1_144' title='bbox 623 1824 765 1888; x_wconf 84' lang='lat' dir='ltr'><strong>Lanarum</strong></span> <span class='ocrx_word' id='word_1_145' title='bbox 785 1833 938 1888; x_wconf 89' lang='lat' dir='ltr'><strong>mortuum</strong></span> <span class='ocrx_word' id='word_1_146' title='bbox 960 1844 1037 1898; x_wconf 85' lang='lat' dir='ltr'><strong>esse,</strong></span> <span class='ocrx_word' id='word_1_147' title='bbox 1059 1843 1155 1906; x_wconf 84' lang='lat' dir='ltr'><strong>quove</strong></span> <span class='ocrx_word' id='word_1_148' title='bbox 1176 1826 1208 1887; x_wconf 94' lang='lat' dir='ltr'><strong>in</strong></span> <span class='ocrx_word' id='word_1_149' title='bbox 1228 1827 1295 1890; x_wconf 87' lang='lat' dir='ltr'><strong>ioco</strong></span> 
     </span>
     <span class='ocr_line' id='line_1_17' title="bbox 73 1926 1309 2009; baseline 0 -18"><span class='ocrx_word' id='word_1_150' title='bbox 73 1936 212 1991; x_wconf 84' lang='lat' dir='ltr'><strong>mortuus</strong></span> <span class='ocrx_word' id='word_1_151' title='bbox 235 1935 326 1988; x_wconf 85' lang='lat' dir='ltr'><strong>esset</strong></span> <span class='ocrx_word' id='word_1_152' title='bbox 369 1927 407 1988; x_wconf 87' lang='lat' dir='ltr'><strong>Et</strong></span> <span class='ocrx_word' id='word_1_153' title='bbox 428 1946 497 1988; x_wconf 85' lang='lat' dir='ltr'><strong>vero</strong></span> <span class='ocrx_word' id='word_1_154' title='bbox 520 1927 567 1988; x_wconf 92' lang='lat' dir='ltr'><strong>ille</strong></span> <span class='ocrx_word' id='word_1_155' title='bbox 590 1928 670 2006; x_wconf 88' lang='lat' dir='ltr'><strong>ipse,</strong></span> <span class='ocrx_word' id='word_1_156' title='bbox 699 1946 786 2006; x_wconf 87' lang='lat' dir='ltr'><strong>quem</strong></span> <span class='ocrx_word' id='word_1_157' title='bbox 815 1926 1039 2006; x_wconf 78' lang='lat' dir='ltr'><strong>ignarumeese</strong></span> <span class='ocrx_word' id='word_1_158' title='bbox 1061 1927 1245 2001; x_wconf 80' lang='lat' dir='ltr'><strong>existimant,</strong></span> <span class='ocrx_word' id='word_1_159' title='bbox 1267 1928 1309 2009; x_wconf 35' lang='lat' dir='ltr'><strong>is,</strong></span> 
     </span>
     <span class='ocr_line' id='line_1_18' title="bbox 79 2027 1381 2109; baseline 0.002 -18"><span class='ocrx_word' id='word_1_160' title='bbox 79 2038 144 2102; x_wconf 81' lang='lat' dir='ltr'><strong>est,</strong></span> <span class='ocrx_word' id='word_1_161' title='bbox 172 2029 223 2109; x_wconf 86' lang='lat' dir='ltr'><strong>qui</strong></span> <span class='ocrx_word' id='word_1_162' title='bbox 245 2027 438 2107; x_wconf 87' lang='lat' dir='ltr'><strong>cogitationes</strong></span> <span class='ocrx_word' id='word_1_163' title='bbox 460 2029 629 2108; x_wconf 86' lang='lat' dir='ltr'><strong>praenoscit</strong></span> <span class='ocrx_word' id='word_1_164' title='bbox 651 2029 878 2108; x_wconf 87' lang='lat' dir='ltr'><strong>discipulorum,</strong></span> <span class='ocrx_word' id='word_1_165' title='bbox 912 2038 942 2092; x_wconf 90' lang='lat' dir='ltr'><strong>et</strong></span> <span class='ocrx_word' id='word_1_166' title='bbox 963 2047 1038 2108; x_wconf 87' lang='lat' dir='ltr'><strong>quae</strong></span> <span class='ocrx_word' id='word_1_167' title='bbox 1059 2029 1090 2090; x_wconf 90' lang='lat' dir='ltr'><strong>in</strong></span> <span class='ocrx_word' id='word_1_168' title='bbox 1111 2028 1381 2108; x_wconf 71' lang='lat' dir='ltr'><strong>singulorumrsas.</strong></span> 
     </span>
     <span class='ocr_line' id='line_1_19' title="bbox 75 2130 1385 2211; baseline 0.001 -18"><span class='ocrx_word' id='word_1_169' title='bbox 75 2130 166 2193; x_wconf 86' lang='lat' dir='ltr'><strong>corde</strong></span> <span class='ocrx_word' id='word_1_170' title='bbox 186 2140 339 2210; x_wconf 88' lang='lat' dir='ltr'><strong>geruntur,</strong></span> <span class='ocrx_word' id='word_1_171' title='bbox 361 2130 489 2210; x_wconf 87' lang='lat' dir='ltr'><strong>quidque</strong></span> <span class='ocrx_word' id='word_1_172' title='bbox 512 2131 603 2192; x_wconf 91' lang='lat' dir='ltr'><strong>sitin</strong></span> <span class='ocrx_word' id='word_1_173' title='bbox 625 2130 754 2203; x_wconf 89' lang='lat' dir='ltr'><strong>bomine,</strong></span> <span class='ocrx_word' id='word_1_174' title='bbox 776 2139 910 2193; x_wconf 81' lang='lat' dir='ltr'><strong>accurate</strong></span> <span class='ocrx_word' id='word_1_175' title='bbox 934 2131 1024 2205; x_wconf 86' lang='lat' dir='ltr'><strong>novit,</strong></span> <span class='ocrx_word' id='word_1_176' title='bbox 1048 2140 1078 2192; x_wconf 93' lang='lat' dir='ltr'><strong>et</strong></span> <span class='ocrx_word' id='word_1_177' title='bbox 1097 2131 1177 2211; x_wconf 85' lang='lat' dir='ltr'><strong>quod</strong></span> <span class='ocrx_word' id='word_1_178' title='bbox 1198 2130 1295 2194; x_wconf 87' lang='lat' dir='ltr'><strong>maius</strong></span> <span class='ocrx_word' id='word_1_179' title='bbox 1381 2164 1385 2175; x_wconf 93' lang='lat'>·</span> 
     </span>
     <span class='ocr_line' id='line_1_20' title="bbox 74 2231 1296 2312; baseline 0.002 -18"><span class='ocrx_word' id='word_1_180' title='bbox 74 2241 137 2306; x_wconf 83' lang='lat' dir='ltr'><strong>est,</strong></span> <span class='ocrx_word' id='word_1_181' title='bbox 168 2232 251 2293; x_wconf 87' lang='lat' dir='ltr'><strong>solus</strong></span> <span class='ocrx_word' id='word_1_182' title='bbox 279 2232 344 2312; x_wconf 89' lang='lat' dir='ltr'><strong>ipse</strong></span> <span class='ocrx_word' id='word_1_183' title='bbox 364 2232 489 2292; x_wconf 87' lang='lat' dir='ltr'><strong>Patrem·</strong></span> <span class='ocrx_word' id='word_1_184' title='bbox 505 2232 659 2311; x_wconf 78' lang='lat' dir='ltr'><strong>cognoscit</strong></span> <span class='ocrx_word' id='word_1_185' title='bbox 680 2240 710 2294; x_wconf 92' lang='lat' dir='ltr'><strong>et</strong></span> <span class='ocrx_word' id='word_1_186' title='bbox 731 2231 815 2293; x_wconf 89' lang='lat' dir='ltr'><strong>dicit:</strong></span> <span class='ocrx_word' id='word_1_187' title='bbox 848 2231 909 2312; x_wconf 78' lang='lat' dir='ltr'><strong>ligo</strong></span> <span class='ocrx_word' id='word_1_188' title='bbox 932 2237 964 2294; x_wconf 78' lang='lat' dir='ltr'><strong>io</strong></span> <span class='ocrx_word' id='word_1_189' title='bbox 986 2231 1078 2294; x_wconf 82' lang='lat' dir='ltr'><strong>Putre</strong></span> <span class='ocrx_word' id='word_1_190' title='bbox 1099 2243 1128 2294; x_wconf 88' lang='grc' dir='ltr'><strong>ιι</strong></span> <span class='ocrx_word' id='word_1_191' title='bbox 1149 2232 1241 2296; x_wconf 83' lang='lat' dir='ltr'><strong>Peter</strong></span> <span class='ocrx_word' id='word_1_192' title='bbox 1262 2238 1296 2297; x_wconf 75' lang='lat' dir='ltr'><strong>in</strong></span> 
     </span>
    </p>

    <p class='ocr_par' dir='ltr' id='par_1_5' title="bbox 71 2338 196 2396">
     <span class='ocr_line' id='line_1_21' title="bbox 71 2338 196 2396; baseline 0 -1"><span class='ocrx_word' id='word_1_193' title='bbox 71 2338 120 2396; x_wconf 78' lang='grc' dir='ltr'><strong>ιιι</strong></span> <span class='ocrx_word' id='word_1_194' title='bbox 140 2345 196 2396; x_wconf 95' lang='grc' dir='ltr'><strong>ιιι.</strong></span> 
     </span>
    </p>

    <p class='ocr_par' dir='ltr' id='par_1_6' title="bbox 72 2434 1313 3021">
     <span class='ocr_line' id='line_1_22' title="bbox 74 2434 1296 2515; baseline 0.001 -19"><span class='ocrx_word' id='word_1_195' title='bbox 74 2472 83 2496; x_wconf 62' lang='grc' dir='ltr'><strong>ι</strong></span> <span class='ocrx_word' id='word_1_196' title='bbox 159 2437 213 2499; x_wconf 87' lang='grc'><strong>38.</strong></span> <span class='ocrx_word' id='word_1_197' title='bbox 255 2435 356 2513; x_wconf 83' lang='lat' dir='ltr'><strong>itaque</strong></span> <span class='ocrx_word' id='word_1_198' title='bbox 383 2434 522 2496; x_wconf 88' lang='lat' dir='ltr'><strong>omuibus</strong></span> <span class='ocrx_word' id='word_1_199' title='bbox 554 2434 744 2515; x_wconf 82' lang='lat' dir='ltr'><strong>perspicuum</strong></span> <span class='ocrx_word' id='word_1_200' title='bbox 777 2445 839 2508; x_wconf 87' lang='lat' dir='ltr'><strong>est,</strong></span> <span class='ocrx_word' id='word_1_201' title='bbox 872 2435 1087 2514; x_wconf 80' lang='lat' dir='ltr'><strong>ignorationem</strong></span> <span class='ocrx_word' id='word_1_202' title='bbox 1117 2435 1154 2497; x_wconf 91' lang='lat' dir='ltr'><strong>ad</strong></span> <span class='ocrx_word' id='word_1_203' title='bbox 1177 2454 1296 2497; x_wconf 89' lang='lat' dir='ltr'><strong>carnem</strong></span> 
     </span>
     <span class='ocr_line' id='line_1_23' title="bbox 72 2535 1313 2619; baseline -0.001 -18"><span class='ocrx_word' id='word_1_204' title='bbox 72 2538 240 2619; x_wconf 83' lang='lat' dir='ltr'><strong>pertinere,</strong></span> <span class='ocrx_word' id='word_1_205' title='bbox 275 2536 374 2614; x_wconf 89' lang='lat' dir='ltr'><strong>ipsum</strong></span> <span class='ocrx_word' id='word_1_206' title='bbox 400 2544 497 2598; x_wconf 87' lang='lat' dir='ltr'><strong>autem</strong></span> <span class='ocrx_word' id='word_1_207' title='bbox 526 2536 655 2599; x_wconf 78' lang='lat' dir='ltr'><strong>Verbum</strong></span> <span class='ocrx_word' id='word_1_208' title='bbox 676 2545 822 2616; x_wconf 89' lang='lat' dir='ltr'><strong>quatenns</strong></span> <span class='ocrx_word' id='word_1_209' title='bbox 845 2536 972 2598; x_wconf 84' lang='lat' dir='ltr'><strong>Verbum</strong></span> <span class='ocrx_word' id='word_1_210' title='bbox 996 2546 1041 2598; x_wconf 88' lang='lat' dir='ltr'><strong>est</strong></span> <span class='ocrx_word' id='word_1_211' title='bbox 1062 2535 1179 2608; x_wconf 86' lang='lat' dir='ltr'><strong>omnia,</strong></span> <span class='ocrx_word' id='word_1_212' title='bbox 1212 2536 1313 2617; x_wconf 35' lang='lat' dir='ltr'><strong>prius,</strong></span> 
     </span>
     <span class='ocr_line' id='line_1_24' title="bbox 73 2636 1297 2717; baseline 0.002 -17"><span class='ocrx_word' id='word_1_213' title='bbox 73 2638 164 2700; x_wconf 88' lang='lat' dir='ltr'><strong>ctiam</strong></span> <span class='ocrx_word' id='word_1_214' title='bbox 186 2656 274 2717; x_wconf 89' lang='lat' dir='ltr'><strong>quam</strong></span> <span class='ocrx_word' id='word_1_215' title='bbox 296 2636 442 2710; x_wconf 86' lang='lat' dir='ltr'><strong>oriantur,</strong></span> <span class='ocrx_word' id='word_1_216' title='bbox 471 2656 661 2717; x_wconf 89' lang='lat' dir='ltr'><strong>cognoscere.</strong></span> <span class='ocrx_word' id='word_1_217' title='bbox 704 2638 765 2699; x_wconf 89' lang='lat' dir='ltr'><strong>Nec</strong></span> <span class='ocrx_word' id='word_1_218' title='bbox 792 2638 872 2699; x_wconf 90' lang='lat' dir='ltr'><strong>enim</strong></span> <span class='ocrx_word' id='word_1_219' title='bbox 899 2656 951 2712; x_wconf 84' lang='lat' dir='ltr'><strong>eo,</strong></span> <span class='ocrx_word' id='word_1_220' title='bbox 984 2637 1062 2716; x_wconf 91' lang='lat' dir='ltr'><strong>quod</strong></span> <span class='ocrx_word' id='word_1_221' title='bbox 1090 2637 1180 2697; x_wconf 93' lang='lat' dir='ltr'><strong>bomo</strong></span> <span class='ocrx_word' id='word_1_222' title='bbox 1202 2640 1297 2702; x_wconf 78' lang='lat' dir='ltr'><strong>sactus</strong></span> 
     </span>
     <span class='ocr_line' id='line_1_25' title="bbox 74 2738 1296 2818; baseline 0 -18"><span class='ocrx_word' id='word_1_223' title='bbox 74 2739 131 2813; x_wconf 89' lang='lat' dir='ltr'><strong>sit,</strong></span> <span class='ocrx_word' id='word_1_224' title='bbox 154 2738 235 2800; x_wconf 83' lang='lat' dir='ltr'><strong>Deus</strong></span> <span class='ocrx_word' id='word_1_225' title='bbox 258 2757 326 2800; x_wconf 86' lang='lat' dir='ltr'><strong>esse</strong></span> <span class='ocrx_word' id='word_1_226' title='bbox 348 2739 452 2813; x_wconf 85' lang='lat' dir='ltr'><strong>desiit,</strong></span> <span class='ocrx_word' id='word_1_227' title='bbox 480 2758 576 2818; x_wconf 88' lang='lat' dir='ltr'><strong>neque</strong></span> <span class='ocrx_word' id='word_1_228' title='bbox 598 2740 664 2818; x_wconf 89' lang='lat' dir='ltr'><strong>quia</strong></span> <span class='ocrx_word' id='word_1_229' title='bbox 686 2738 766 2801; x_wconf 86' lang='lat' dir='ltr'><strong>Deus</strong></span> <span class='ocrx_word' id='word_1_230' title='bbox 789 2749 852 2812; x_wconf 88' lang='lat' dir='ltr'><strong>est,</strong></span> <span class='ocrx_word' id='word_1_231' title='bbox 880 2738 927 2811; x_wconf 91' lang='lat' dir='ltr'><strong>id,</strong></span> <span class='ocrx_word' id='word_1_232' title='bbox 958 2739 1036 2817; x_wconf 89' lang='lat' dir='ltr'><strong>quod</strong></span> <span class='ocrx_word' id='word_1_233' title='bbox 1057 2738 1217 2800; x_wconf 87' lang='lat' dir='ltr'><strong>humanum</strong></span> <span class='ocrx_word' id='word_1_234' title='bbox 1238 2747 1296 2814; x_wconf 85' lang='lat' dir='ltr'><strong>est,</strong></span> 
     </span>
     <span class='ocr_line' id='line_1_26' title="bbox 73 2837 1297 2921; baseline 0.001 -19"><span class='ocrx_word' id='word_1_235' title='bbox 73 2840 166 2920; x_wconf 78' lang='lat' dir='ltr'><strong>tugit3</strong></span> <span class='ocrx_word' id='word_1_236' title='bbox 198 2839 292 2913; x_wconf 79' lang='lat' dir='ltr'><strong>absit3</strong></span> <span class='ocrx_word' id='word_1_237' title='bbox 325 2840 377 2902; x_wconf 91' lang='lat' dir='ltr'><strong>sed</strong></span> <span class='ocrx_word' id='word_1_238' title='bbox 405 2841 505 2921; x_wconf 92' lang='lat' dir='ltr'><strong>potius</strong></span> <span class='ocrx_word' id='word_1_239' title='bbox 534 2842 613 2902; x_wconf 86' lang='lat' dir='ltr'><strong>Deus</strong></span> <span class='ocrx_word' id='word_1_240' title='bbox 636 2859 700 2902; x_wconf 90' lang='lat' dir='ltr'><strong>cum</strong></span> <span class='ocrx_word' id='word_1_241' title='bbox 724 2849 823 2914; x_wconf 84' lang='lat' dir='ltr'><strong>esset,</strong></span> <span class='ocrx_word' id='word_1_242' title='bbox 852 2858 968 2902; x_wconf 82' lang='lat' dir='ltr'><strong>carnem</strong></span> <span class='ocrx_word' id='word_1_243' title='bbox 992 2837 1149 2911; x_wconf 91' lang='lat' dir='ltr'><strong>assumsit,</strong></span> <span class='ocrx_word' id='word_1_244' title='bbox 1178 2847 1297 2903; x_wconf 89' lang='lat' dir='ltr'><strong>etcum</strong></span> 
     </span>
     <span class='ocr_line' id='line_1_27' title="bbox 74 2940 1297 3021; baseline -0.001 -17"><span class='ocrx_word' id='word_1_245' title='bbox 74 2951 159 3004; x_wconf 88' lang='lat' dir='ltr'><strong>essct</strong></span> <span class='ocrx_word' id='word_1_246' title='bbox 180 2941 211 3003; x_wconf 89' lang='lat' dir='ltr'><strong>in</strong></span> <span class='ocrx_word' id='word_1_247' title='bbox 234 2959 337 3016; x_wconf 87' lang='lat' dir='ltr'><strong>carne,</strong></span> <span class='ocrx_word' id='word_1_248' title='bbox 366 2961 483 3004; x_wconf 88' lang='lat' dir='ltr'><strong>carnem</strong></span> <span class='ocrx_word' id='word_1_249' title='bbox 505 2942 600 3021; x_wconf 90' lang='lat' dir='ltr'><strong>ipsam</strong></span> <span class='ocrx_word' id='word_1_250' title='bbox 622 2941 750 3003; x_wconf 83' lang='lat' dir='ltr'><strong>divinam</strong></span> <span class='ocrx_word' id='word_1_251' title='bbox 772 2941 908 3003; x_wconf 80' lang='lat' dir='ltr'><strong>reddidit</strong></span> <span class='ocrx_word' id='word_1_252' title='bbox 951 2941 1025 3002; x_wconf 88' lang='lat' dir='ltr'><strong>Nam</strong></span> <span class='ocrx_word' id='word_1_253' title='bbox 1048 2940 1297 3021; x_wconf 88' lang='lat' dir='ltr'><strong>quemadmodum</strong></span> 
     </span>
    </p>

    <p class='ocr_par' dir='ltr' id='par_1_7' title="bbox 72 3042 1390 3632">
     <span class='ocr_line' id='line_1_28' title="bbox 73 3042 1297 3124; baseline 0.002 -19"><span class='ocrx_word' id='word_1_254' title='bbox 73 3043 107 3105; x_wconf 88' lang='lat' dir='ltr'><strong>in</strong></span> <span class='ocrx_word' id='word_1_255' title='bbox 133 3043 200 3122; x_wconf 87' lang='lat' dir='ltr'><strong>ipsa</strong></span> <span class='ocrx_word' id='word_1_256' title='bbox 232 3042 446 3124; x_wconf 89' lang='lat' dir='ltr'><strong>interrogabat,</strong></span> <span class='ocrx_word' id='word_1_257' title='bbox 478 3044 519 3104; x_wconf 91' lang='lat' dir='ltr'><strong>ita</strong></span> <span class='ocrx_word' id='word_1_258' title='bbox 547 3043 578 3104; x_wconf 91' lang='lat' dir='ltr'><strong>in</strong></span> <span class='ocrx_word' id='word_1_259' title='bbox 606 3042 708 3104; x_wconf 85' lang='lat' dir='ltr'><strong>eadem</strong></span> <span class='ocrx_word' id='word_1_260' title='bbox 736 3051 884 3104; x_wconf 90' lang='lat' dir='ltr'><strong>mortuum</strong></span> <span class='ocrx_word' id='word_1_261' title='bbox 918 3042 1066 3116; x_wconf 84' lang='lat' dir='ltr'><strong>excitavit,</strong></span> <span class='ocrx_word' id='word_1_262' title='bbox 1100 3042 1297 3123; x_wconf 82' lang='lat' dir='ltr'><strong>omnibusque</strong></span> 
     </span>
     <span class='ocr_line' id='line_1_29' title="bbox 72 3142 1295 3224; baseline 0.002 -19"><span class='ocrx_word' id='word_1_263' title='bbox 72 3153 177 3224; x_wconf 88' lang='lat' dir='ltr'><strong>aperte</strong></span> <span class='ocrx_word' id='word_1_264' title='bbox 199 3143 352 3216; x_wconf 85' lang='lat' dir='ltr'><strong>iudicavit,</strong></span> <span class='ocrx_word' id='word_1_265' title='bbox 385 3164 468 3218; x_wconf 89' lang='lat' dir='ltr'><strong>eum,</strong></span> <span class='ocrx_word' id='word_1_266' title='bbox 497 3145 546 3224; x_wconf 83' lang='lat' dir='ltr'><strong>qui</strong></span> <span class='ocrx_word' id='word_1_267' title='bbox 569 3145 694 3206; x_wconf 88' lang='lat' dir='ltr'><strong>mortuis</strong></span> <span class='ocrx_word' id='word_1_268' title='bbox 716 3145 804 3205; x_wconf 86' lang='lat' dir='ltr'><strong>vitam</strong></span> <span class='ocrx_word' id='word_1_269' title='bbox 828 3152 858 3205; x_wconf 89' lang='lat' dir='ltr'><strong>et</strong></span> <span class='ocrx_word' id='word_1_270' title='bbox 878 3144 1005 3206; x_wconf 86' lang='lat' dir='ltr'><strong>enimam</strong></span> <span class='ocrx_word' id='word_1_271' title='bbox 1025 3142 1173 3219; x_wconf 80' lang='lat' dir='ltr'><strong>restituit,</strong></span> <span class='ocrx_word' id='word_1_272' title='bbox 1202 3145 1295 3210; x_wconf 88' lang='lat' dir='ltr'><strong>multo</strong></span> 
     </span>
     <span class='ocr_line' id='line_1_30' title="bbox 73 3244 1390 3333; baseline 0.003 -26"><span class='ocrx_word' id='word_1_273' title='bbox 73 3246 169 3324; x_wconf 85' lang='lat' dir='ltr'><strong>magis</strong></span> <span class='ocrx_word' id='word_1_274' title='bbox 192 3263 241 3305; x_wconf 87' lang='lat' dir='ltr'><strong>res</strong></span> <span class='ocrx_word' id='word_1_275' title='bbox 271 3264 373 3307; x_wconf 90' lang='lat' dir='ltr'><strong>omnes</strong></span> <span class='ocrx_word' id='word_1_276' title='bbox 395 3246 524 3309; x_wconf 88' lang='lat' dir='ltr'><strong>occultas</strong></span> <span class='ocrx_word' id='word_1_277' title='bbox 548 3246 659 3325; x_wconf 87' lang='lat' dir='ltr'><strong>optime</strong></span> <span class='ocrx_word' id='word_1_278' title='bbox 685 3263 789 3307; x_wconf 88' lang='lat' dir='ltr'><strong>nosse.</strong></span> <span class='ocrx_word' id='word_1_279' title='bbox 834 3245 952 3308; x_wconf 87' lang='lat' dir='ltr'><strong>Sciebat</strong></span> <span class='ocrx_word' id='word_1_280' title='bbox 973 3246 1077 3325; x_wconf 88' lang='lat' dir='ltr'><strong>igitur,</strong></span> <span class='ocrx_word' id='word_1_281' title='bbox 1111 3244 1161 3308; x_wconf 90' lang='lat' dir='ltr'><strong>ubi</strong></span> <span class='ocrx_word' id='word_1_282' title='bbox 1190 3246 1298 3311; x_wconf 84' lang='lat' dir='ltr'><strong>iaceret</strong></span> <span class='ocrx_word' id='word_1_283' title='bbox 1388 3328 1390 3333; x_wconf 88' lang='lat'><strong>.</strong></span> 
     </span>
     <span class='ocr_line' id='line_1_31' title="bbox 72 3346 1297 3420; baseline 0.003 -11"><span class='ocrx_word' id='word_1_284' title='bbox 72 3347 221 3420; x_wconf 86' lang='lat' dir='ltr'><strong>Lazarus,</strong></span> <span class='ocrx_word' id='word_1_285' title='bbox 251 3346 304 3408; x_wconf 88' lang='lat' dir='ltr'><strong>sed</strong></span> <span class='ocrx_word' id='word_1_286' title='bbox 327 3354 423 3408; x_wconf 89' lang='lat' dir='ltr'><strong>tamen</strong></span> <span class='ocrx_word' id='word_1_287' title='bbox 446 3348 612 3410; x_wconf 90' lang='lat' dir='ltr'><strong>sciscitatus</strong></span> <span class='ocrx_word' id='word_1_288' title='bbox 635 3356 691 3409; x_wconf 86' lang='lat' dir='ltr'><strong>ost.</strong></span> <span class='ocrx_word' id='word_1_289' title='bbox 736 3348 767 3409; x_wconf 89' lang='lat' dir='ltr'><strong>id</strong></span> <span class='ocrx_word' id='word_1_290' title='bbox 790 3355 887 3409; x_wconf 89' lang='lat' dir='ltr'><strong>autem</strong></span> <span class='ocrx_word' id='word_1_291' title='bbox 909 3348 979 3410; x_wconf 86' lang='lat' dir='ltr'><strong>iecit</strong></span> <span class='ocrx_word' id='word_1_292' title='bbox 1001 3347 1221 3411; x_wconf 89' lang='lat' dir='ltr'><strong>sanctissimum</strong></span> <span class='ocrx_word' id='word_1_293' title='bbox 1243 3349 1297 3413; x_wconf 79' lang='lat' dir='ltr'><strong>uu</strong></span> 
     </span>
     <span class='ocr_line' id='line_1_32' title="bbox 72 3447 1297 3528; baseline 0.004 -20"><span class='ocrx_word' id='word_1_294' title='bbox 72 3447 214 3520; x_wconf 79' lang='lat' dir='ltr'><strong>Verbum,</strong></span> <span class='ocrx_word' id='word_1_295' title='bbox 237 3449 315 3528; x_wconf 87' lang='lat' dir='ltr'><strong>quod</strong></span> <span class='ocrx_word' id='word_1_296' title='bbox 338 3448 436 3509; x_wconf 89' lang='lat' dir='ltr'><strong>omnia</strong></span> <span class='ocrx_word' id='word_1_297' title='bbox 458 3449 553 3510; x_wconf 86' lang='lat' dir='ltr'><strong>nostri</strong></span> <span class='ocrx_word' id='word_1_298' title='bbox 575 3468 662 3511; x_wconf 86' lang='lat' dir='ltr'><strong>causa</strong></span> <span class='ocrx_word' id='word_1_299' title='bbox 684 3450 837 3523; x_wconf 84' lang='lat' dir='ltr'><strong>sustinuit,</strong></span> <span class='ocrx_word' id='word_1_300' title='bbox 860 3468 927 3510; x_wconf 90' lang='lat' dir='ltr'><strong>cum</strong></span> <span class='ocrx_word' id='word_1_301' title='bbox 942 3457 974 3509; x_wconf 94' lang='lat' dir='ltr'><strong>ut</strong></span> <span class='ocrx_word' id='word_1_302' title='bbox 988 3449 1046 3511; x_wconf 92' lang='lat' dir='ltr'><strong>hoc</strong></span> <span class='ocrx_word' id='word_1_303' title='bbox 1059 3449 1149 3511; x_wconf 91' lang='lat' dir='ltr'><strong>modo</strong></span> <span class='ocrx_word' id='word_1_304' title='bbox 1164 3458 1297 3513; x_wconf 85' lang='lat' dir='ltr'><strong>nostram</strong></span> 
     </span>
     <span class='ocr_line' id='line_1_33' title="bbox 72 3549 1295 3632; baseline 0.002 -20"><span class='ocrx_word' id='word_1_305' title='bbox 72 3549 271 3630; x_wconf 90' lang='lat' dir='ltr'><strong>ignorantiam</strong></span> <span class='ocrx_word' id='word_1_306' title='bbox 292 3559 415 3630; x_wconf 91' lang='lat' dir='ltr'><strong>portans</strong></span> <span class='ocrx_word' id='word_1_307' title='bbox 437 3551 525 3612; x_wconf 84' lang='lat' dir='ltr'><strong>nobis</strong></span> <span class='ocrx_word' id='word_1_308' title='bbox 547 3551 640 3612; x_wconf 91' lang='lat' dir='ltr'><strong>solius</strong></span> <span class='ocrx_word' id='word_1_309' title='bbox 656 3551 716 3612; x_wconf 86' lang='lat' dir='ltr'><strong>veri</strong></span> <span class='ocrx_word' id='word_1_310' title='bbox 732 3551 778 3613; x_wconf 91' lang='lat' dir='ltr'><strong>sui</strong></span> <span class='ocrx_word' id='word_1_311' title='bbox 793 3550 890 3613; x_wconf 85' lang='lat' dir='ltr'><strong>Patris</strong></span> <span class='ocrx_word' id='word_1_312' title='bbox 906 3550 1106 3629; x_wconf 88' lang='lat' dir='ltr'><strong>cognitionem</strong></span> <span class='ocrx_word' id='word_1_313' title='bbox 1120 3549 1295 3632; x_wconf 85' lang='lat' dir='ltr'><strong>impertiret,</strong></span> 
     </span>
    </p>
   </div>
   <div class='ocr_carea' id='block_1_3' title="bbox 67 3728 1312 4548">
    <p class='ocr_par' dir='ltr' id='par_1_8' title="bbox 72 3728 1175 3803">
     <span class='ocr_line' id='line_1_34' title="bbox 72 3728 1175 3803; baseline -0.005 -15"><span class='ocrx_word' id='word_1_314' title='bbox 72 3740 96 3788; x_wconf 96' lang='grc'><strong>1.</strong></span> <span class='ocrx_word' id='word_1_315' title='bbox 132 3728 473 3786; x_wconf 77' lang='grc' dir='ltr'><strong>Ιιιι111ιιιι11ιίιό1ιιιι.</strong></span> <span class='ocrx_word' id='word_1_316' title='bbox 508 3737 659 3787; x_wconf 84' lang='lat' dir='ltr'><strong>ibidemGo·</strong></span> <span class='ocrx_word' id='word_1_317' title='bbox 745 3753 768 3799; x_wconf 88' lang='lat' dir='ltr'><strong>g.</strong></span> <span class='ocrx_word' id='word_1_318' title='bbox 787 3738 844 3800; x_wconf 82' lang='lat' dir='ltr'><strong>Reg.</strong></span> <span class='ocrx_word' id='word_1_319' title='bbox 864 3738 885 3787; x_wconf 94' lang='grc'><strong>1.</strong></span> <span class='ocrx_word' id='word_1_320' title='bbox 904 3746 928 3788; x_wconf 91' lang='grc' dir='ltr'><strong>ιι</strong></span> <span class='ocrx_word' id='word_1_321' title='bbox 945 3736 1043 3798; x_wconf 87' lang='lat' dir='ltr'><strong>Seguer.</strong></span> <span class='ocrx_word' id='word_1_322' title='bbox 1064 3728 1096 3786; x_wconf 79' lang='grc' dir='ltr'><strong>οὗ</strong></span> <span class='ocrx_word' id='word_1_323' title='bbox 1113 3731 1175 3803; x_wconf 78' lang='grc' dir='ltr'><strong>γάρ.</strong></span> 
     </span>
    </p>

    <p class='ocr_par' dir='ltr' id='par_1_9' title="bbox 70 3798 1298 3871">
     <span class='ocr_line' id='line_1_35' title="bbox 70 3798 1298 3871; baseline 0 -16"><span class='ocrx_word' id='word_1_324' title='bbox 70 3807 135 3857; x_wconf 85' lang='lat' dir='ltr'><strong>bier.</strong></span> <span class='ocrx_word' id='word_1_325' title='bbox 154 3813 177 3854; x_wconf 87' lang='lat' dir='ltr'><strong>et</strong></span> <span class='ocrx_word' id='word_1_326' title='bbox 196 3804 336 3855; x_wconf 60' lang='lat' dir='ltr'><strong>netctmn.</strong></span> <span class='ocrx_word' id='word_1_327' title='bbox 353 3798 478 3870; x_wconf 77' lang='grc' dir='ltr'><em>Λάζαρος</em></span> <span class='ocrx_word' id='word_1_328' title='bbox 495 3805 590 3860; x_wconf 74' lang='lat' dir='ltr'><strong>atticos,</strong></span> <span class='ocrx_word' id='word_1_329' title='bbox 608 3819 660 3869; x_wconf 81' lang='grc' dir='ltr'><strong>μα·</strong></span> <span class='ocrx_word' id='word_1_330' title='bbox 746 3807 768 3854; x_wconf 86' lang='lat' dir='ltr'><strong>b.</strong></span> <span class='ocrx_word' id='word_1_331' title='bbox 793 3807 848 3867; x_wconf 85' lang='lat' dir='ltr'><strong>Reg.</strong></span> <span class='ocrx_word' id='word_1_332' title='bbox 875 3806 897 3855; x_wconf 93' lang='grc'><strong>1.</strong></span> <span class='ocrx_word' id='word_1_333' title='bbox 921 3814 944 3854; x_wconf 90' lang='grc' dir='ltr'><strong>ιι</strong></span> <span class='ocrx_word' id='word_1_334' title='bbox 968 3806 1067 3867; x_wconf 84' lang='lat' dir='ltr'><strong>Seguer.</strong></span> <span class='ocrx_word' id='word_1_335' title='bbox 1091 3798 1298 3871; x_wconf 72' lang='grc' dir='ltr'><strong>πριςλαμβᾶνιι.</strong></span> 
     </span>
    </p>

    <p class='ocr_par' dir='ltr' id='par_1_10' title="bbox 69 3863 1297 3937">
     <span class='ocr_line' id='line_1_36' title="bbox 69 3863 1297 3937; baseline 0.002 -16"><span class='ocrx_word' id='word_1_336' title='bbox 69 3888 87 3921; x_wconf 78' lang='grc' dir='ltr'><em>κ</em></span> <span class='ocrx_word' id='word_1_337' title='bbox 106 3867 143 3919; x_wconf 73' lang='grc' dir='ltr'><strong>ἂν</strong></span> <span class='ocrx_word' id='word_1_338' title='bbox 161 3863 201 3918; x_wconf 80' lang='grc' dir='ltr'><strong>ὧν</strong></span> <span class='ocrx_word' id='word_1_339' title='bbox 217 3865 282 3937; x_wconf 68' lang='grc' dir='ltr'><strong>ἔφη.</strong></span> <span class='ocrx_word' id='word_1_340' title='bbox 319 3873 376 3932; x_wconf 70' lang='lat' dir='ltr'><strong>Ros.</strong></span> <span class='ocrx_word' id='word_1_341' title='bbox 396 3873 417 3921; x_wconf 93' lang='grc'><strong>1.</strong></span> <span class='ocrx_word' id='word_1_342' title='bbox 443 3881 467 3921; x_wconf 88' lang='grc' dir='ltr'><strong>ιι</strong></span> <span class='ocrx_word' id='word_1_343' title='bbox 484 3872 582 3934; x_wconf 85' lang='lat' dir='ltr'><strong>Seguer.</strong></span> <span class='ocrx_word' id='word_1_344' title='bbox 603 3873 659 3921; x_wconf 91' lang='lat' dir='ltr'><strong>ibid.</strong></span> <span class='ocrx_word' id='word_1_345' title='bbox 711 3872 802 3921; x_wconf 88' lang='lat' dir='ltr'><strong>ibidem</strong></span> <span class='ocrx_word' id='word_1_346' title='bbox 821 3871 961 3921; x_wconf 71' lang='lat' dir='ltr'><strong>Feicbmb.</strong></span> <span class='ocrx_word' id='word_1_347' title='bbox 981 3881 1006 3922; x_wconf 86' lang='lat' dir='ltr'><strong>et</strong></span> <span class='ocrx_word' id='word_1_348' title='bbox 1022 3873 1095 3926; x_wconf 86' lang='lat' dir='ltr'><strong>editio</strong></span> <span class='ocrx_word' id='word_1_349' title='bbox 1114 3875 1206 3924; x_wconf 84' lang='lat' dir='ltr'><strong>Comm.</strong></span> <span class='ocrx_word' id='word_1_350' title='bbox 1225 3874 1297 3924; x_wconf 88' lang='lat' dir='ltr'><strong>omit·</strong></span> 
     </span>
    </p>

    <p class='ocr_par' dir='ltr' id='par_1_11' title="bbox 79 3931 1298 4005">
     <span class='ocr_line' id='line_1_37' title="bbox 79 3931 1298 4005; baseline 0.002 -18"><span class='ocrx_word' id='word_1_351' title='bbox 79 3934 89 3954; x_wconf 91' lang='lat'><em>’</em></span> <span class='ocrx_word' id='word_1_352' title='bbox 122 3934 204 3987; x_wconf 73' lang='lat' dir='ltr'><strong>duni</strong></span> <span class='ocrx_word' id='word_1_353' title='bbox 220 3933 331 4005; x_wconf 76' lang='grc' dir='ltr'><em>μακρὰν</em></span> <span class='ocrx_word' id='word_1_354' title='bbox 349 3932 396 3987; x_wconf 78' lang='grc' dir='ltr'><strong>ὤν.</strong></span> <span class='ocrx_word' id='word_1_355' title='bbox 433 3931 660 3989; x_wconf 78' lang='grc' dir='ltr'><strong>1111ιιι1111ἀλλὰ</strong></span> <span class='ocrx_word' id='word_1_356' title='bbox 711 3947 764 3988; x_wconf 87' lang='lat' dir='ltr'><strong>tuot</strong></span> <span class='ocrx_word' id='word_1_357' title='bbox 792 3933 838 3987; x_wconf 77' lang='lat' dir='ltr'><strong>xci</strong></span> <span class='ocrx_word' id='word_1_358' title='bbox 866 3932 896 3988; x_wconf 70' lang='grc' dir='ltr'><strong>ἐν</strong></span> <span class='ocrx_word' id='word_1_359' title='bbox 924 3933 1006 4005; x_wconf 69' lang='grc' dir='ltr'><strong><em>σαρκὶ</em></strong></span> <span class='ocrx_word' id='word_1_360' title='bbox 1027 3931 1068 3988; x_wconf 77' lang='grc' dir='ltr'><strong>ὢν</strong></span> <span class='ocrx_word' id='word_1_361' title='bbox 1089 3933 1225 3991; x_wconf 72' lang='grc' dir='ltr'><strong>ἕθειιιοίιι</strong></span> <span class='ocrx_word' id='word_1_362' title='bbox 1247 3933 1298 4000; x_wconf 71' lang='grc' dir='ltr'><strong>τὴν</strong></span> 
     </span>
    </p>

    <p class='ocr_par' dir='ltr' id='par_1_12' title="bbox 67 3998 980 4076">
     <span class='ocr_line' id='line_1_38' title="bbox 67 3998 980 4076; baseline 0.003 -23"><span class='ocrx_word' id='word_1_363' title='bbox 67 4003 182 4076; x_wconf 76' lang='grc' dir='ltr'><strong>μιαρὰν</strong></span> <span class='ocrx_word' id='word_1_364' title='bbox 199 3998 285 4056; x_wconf 75' lang='grc' dir='ltr'><strong>ἀπιόν.</strong></span> <span class='ocrx_word' id='word_1_365' title='bbox 321 4008 372 4057; x_wconf 80' lang='lat' dir='ltr'><strong>idox</strong></span> <span class='ocrx_word' id='word_1_366' title='bbox 396 4008 453 4069; x_wconf 81' lang='lat' dir='ltr'><strong>Reg.</strong></span> <span class='ocrx_word' id='word_1_367' title='bbox 473 4008 495 4057; x_wconf 93' lang='grc'><strong>1.</strong></span> <span class='ocrx_word' id='word_1_368' title='bbox 521 4009 660 4069; x_wconf 86' lang='lat' dir='ltr'><strong>Seguerinn.</strong></span> <span class='ocrx_word' id='word_1_369' title='bbox 712 3999 808 4071; x_wconf 76' lang='grc' dir='ltr'><strong>σάρκα.</strong></span> <span class='ocrx_word' id='word_1_370' title='bbox 976 4038 980 4047; x_wconf 80' lang='lat'><strong>,</strong></span> 
     </span>
    </p>

    <p class='ocr_par' dir='ltr' id='par_1_13' title="bbox 69 4066 1298 4144">
     <span class='ocr_line' id='line_1_39' title="bbox 69 4066 1298 4144; baseline -0.001 -16"><span class='ocrx_word' id='word_1_371' title='bbox 69 4078 171 4133; x_wconf 84' lang='lat' dir='ltr'><strong>Gobier.</strong></span> <span class='ocrx_word' id='word_1_372' title='bbox 190 4082 214 4125; x_wconf 88' lang='grc' dir='ltr'><strong>ιι</strong></span> <span class='ocrx_word' id='word_1_373' title='bbox 230 4076 335 4125; x_wconf 76' lang='lat' dir='ltr'><strong>Febrim.</strong></span> <span class='ocrx_word' id='word_1_374' title='bbox 354 4076 377 4126; x_wconf 94' lang='grc'><strong>1.</strong></span> <span class='ocrx_word' id='word_1_375' title='bbox 396 4067 410 4123; x_wconf 82' lang='grc' dir='ltr'>ὁ</span> <span class='ocrx_word' id='word_1_376' title='bbox 429 4070 459 4126; x_wconf 78' lang='grc' dir='ltr'><strong>δὲ</strong></span> <span class='ocrx_word' id='word_1_377' title='bbox 475 4066 531 4124; x_wconf 76' lang='grc' dir='ltr'><strong>κατ’</strong></span> <span class='ocrx_word' id='word_1_378' title='bbox 552 4066 658 4129; x_wconf 75' lang='grc' dir='ltr'><strong>αὐτούς.</strong></span> <span class='ocrx_word' id='word_1_379' title='bbox 744 4075 762 4126; x_wconf 90' lang='lat' dir='ltr'><strong>i.</strong></span> <span class='ocrx_word' id='word_1_380' title='bbox 784 4072 885 4138; x_wconf 84' lang='lat' dir='ltr'><strong>Segner.</strong></span> <span class='ocrx_word' id='word_1_381' title='bbox 907 4066 923 4122; x_wconf 73' lang='grc' dir='ltr'><strong>ὅ</strong></span> <span class='ocrx_word' id='word_1_382' title='bbox 945 4068 1054 4144; x_wconf 76' lang='grc' dir='ltr'><strong>νεκρός,</strong></span> <span class='ocrx_word' id='word_1_383' title='bbox 1080 4076 1203 4127; x_wconf 86' lang='lat' dir='ltr'><strong>mendose.</strong></span> <span class='ocrx_word' id='word_1_384' title='bbox 1244 4075 1298 4127; x_wconf 76' lang='lat' dir='ltr'><strong>lion</strong></span> 
     </span>
    </p>

    <p class='ocr_par' dir='ltr' id='par_1_14' title="bbox 70 4135 1298 4276">
     <span class='ocr_line' id='line_1_40' title="bbox 70 4135 1297 4206; baseline -0.003 -11"><span class='ocrx_word' id='word_1_385' title='bbox 70 4144 154 4196; x_wconf 81' lang='lat' dir='ltr'><strong>Ceteri</strong></span> <span class='ocrx_word' id='word_1_386' title='bbox 177 4151 201 4193; x_wconf 84' lang='lat' dir='ltr'><strong>et</strong></span> <span class='ocrx_word' id='word_1_387' title='bbox 219 4143 292 4193; x_wconf 83' lang='lat' dir='ltr'><strong>editio</strong></span> <span class='ocrx_word' id='word_1_388' title='bbox 311 4144 404 4194; x_wconf 81' lang='lat' dir='ltr'><strong>comm.</strong></span> <span class='ocrx_word' id='word_1_389' title='bbox 422 4137 437 4192; x_wconf 81' lang='grc' dir='ltr'><strong>ὁ</strong></span> <span class='ocrx_word' id='word_1_390' title='bbox 455 4135 661 4197; x_wconf 62' lang='lat' dir='ltr'><strong>discederetis.</strong></span> <span class='ocrx_word' id='word_1_391' title='bbox 711 4143 775 4193; x_wconf 82' lang='lat' dir='ltr'><strong>idem</strong></span> <span class='ocrx_word' id='word_1_392' title='bbox 792 4144 972 4206; x_wconf 68' lang='lat' dir='ltr'><strong>asseruerim.</strong></span> <span class='ocrx_word' id='word_1_393' title='bbox 992 4145 1090 4197; x_wconf 81' lang='lat' dir='ltr'><strong>Gobler.</strong></span> <span class='ocrx_word' id='word_1_394' title='bbox 1108 4153 1132 4194; x_wconf 91' lang='grc' dir='ltr'><strong>ιι</strong></span> <span class='ocrx_word' id='word_1_395' title='bbox 1149 4144 1254 4194; x_wconf 76' lang='lat' dir='ltr'><strong>Fetebm.</strong></span> <span class='ocrx_word' id='word_1_396' title='bbox 1274 4142 1297 4195; x_wconf 86' lang='grc'><strong>1.</strong></span> 
     </span>
     <span class='ocr_line' id='line_1_41' title="bbox 106 4203 1298 4276; baseline 0 -15"><span class='ocrx_word' id='word_1_397' title='bbox 106 4214 123 4261; x_wconf 84' lang='grc'><strong>1.</strong></span> <span class='ocrx_word' id='word_1_398' title='bbox 148 4212 190 4261; x_wconf 87' lang='lat' dir='ltr'><strong>Sic</strong></span> <span class='ocrx_word' id='word_1_399' title='bbox 212 4219 313 4275; x_wconf 85' lang='lat' dir='ltr'><strong>uterque</strong></span> <span class='ocrx_word' id='word_1_400' title='bbox 335 4213 393 4274; x_wconf 77' lang='lat' dir='ltr'><strong>neg.</strong></span> <span class='ocrx_word' id='word_1_401' title='bbox 416 4213 515 4274; x_wconf 83' lang='lat' dir='ltr'><strong>Segner.</strong></span> <span class='ocrx_word' id='word_1_402' title='bbox 533 4212 661 4262; x_wconf 84' lang='lat' dir='ltr'><strong>Basiiiens.</strong></span> <span class='ocrx_word' id='word_1_403' title='bbox 711 4203 824 4267; x_wconf 71' lang='grc' dir='ltr'><strong>πὼιτιιιι</strong></span> <span class='ocrx_word' id='word_1_404' title='bbox 839 4203 973 4276; x_wconf 71' lang='grc' dir='ltr'><strong>γινώσκει.</strong></span> <span class='ocrx_word' id='word_1_405' title='bbox 1009 4212 1053 4262; x_wconf 82' lang='grc'><strong>1111</strong></span> <span class='ocrx_word' id='word_1_406' title='bbox 1071 4220 1095 4261; x_wconf 89' lang='grc' dir='ltr'><strong>ιι</strong></span> <span class='ocrx_word' id='word_1_407' title='bbox 1111 4212 1168 4261; x_wconf 85' lang='lat' dir='ltr'><strong>editi</strong></span> <span class='ocrx_word' id='word_1_408' title='bbox 1184 4204 1298 4261; x_wconf 76' lang='grc' dir='ltr'><em>πάντων</em></span> 
     </span>
    </p>

    <p class='ocr_par' dir='ltr' id='par_1_15' title="bbox 71 4269 890 4344">
     <span class='ocr_line' id='line_1_42' title="bbox 71 4269 890 4344; baseline -0.001 -13"><span class='ocrx_word' id='word_1_409' title='bbox 71 4280 213 4331; x_wconf 84' lang='lat' dir='ltr'><strong>Gobteriau.</strong></span> <span class='ocrx_word' id='word_1_410' title='bbox 239 4288 263 4328; x_wconf 89' lang='grc' dir='ltr'><strong>ιι</strong></span> <span class='ocrx_word' id='word_1_411' title='bbox 287 4279 392 4330; x_wconf 79' lang='grc' dir='ltr'><strong>1ιΙι1ω.</strong></span> <span class='ocrx_word' id='word_1_412' title='bbox 412 4279 436 4328; x_wconf 90' lang='grc'><strong>1.</strong></span> <span class='ocrx_word' id='word_1_413' title='bbox 470 4281 515 4330; x_wconf 85' lang='grc'><strong>1111</strong></span> <span class='ocrx_word' id='word_1_414' title='bbox 541 4288 565 4329; x_wconf 87' lang='grc' dir='ltr'><strong>ιι</strong></span> <span class='ocrx_word' id='word_1_415' title='bbox 587 4279 660 4330; x_wconf 89' lang='lat' dir='ltr'><strong>editio</strong></span> <span class='ocrx_word' id='word_1_416' title='bbox 711 4269 890 4344; x_wconf 67' lang='lat' dir='ltr'><strong>inspectiones.</strong></span> 
     </span>
    </p>

    <p class='ocr_par' dir='ltr' id='par_1_16' title="bbox 70 4338 1296 4418">
     <span class='ocr_line' id='line_1_43' title="bbox 70 4338 1296 4418; baseline 0 -20"><span class='ocrx_word' id='word_1_417' title='bbox 70 4340 257 4399; x_wconf 67' lang='lat' dir='ltr'><strong>cammenata</strong></span> <span class='ocrx_word' id='word_1_418' title='bbox 273 4340 372 4416; x_wconf 66' lang='grc' dir='ltr'><strong>πατήρ.</strong></span> <span class='ocrx_word' id='word_1_419' title='bbox 407 4347 497 4399; x_wconf 81' lang='lat' dir='ltr'><strong>ibidem</strong></span> <span class='ocrx_word' id='word_1_420' title='bbox 521 4348 579 4411; x_wconf 73' lang='lat' dir='ltr'><strong>neg.</strong></span> <span class='ocrx_word' id='word_1_421' title='bbox 599 4348 619 4398; x_wconf 93' lang='grc'><strong>1.</strong></span> <span class='ocrx_word' id='word_1_422' title='bbox 639 4356 663 4397; x_wconf 88' lang='grc' dir='ltr'><strong>ιι</strong></span> <span class='ocrx_word' id='word_1_423' title='bbox 747 4349 769 4397; x_wconf 82' lang='lat' dir='ltr'><strong>k.</strong></span> <span class='ocrx_word' id='word_1_424' title='bbox 789 4349 892 4412; x_wconf 80' lang='lat' dir='ltr'><strong>Uterque</strong></span> <span class='ocrx_word' id='word_1_425' title='bbox 907 4348 962 4411; x_wconf 79' lang='lat' dir='ltr'><strong>Reg.</strong></span> <span class='ocrx_word' id='word_1_426' title='bbox 981 4356 1005 4398; x_wconf 94' lang='grc' dir='ltr'><strong>ιι</strong></span> <span class='ocrx_word' id='word_1_427' title='bbox 1017 4348 1116 4411; x_wconf 85' lang='lat' dir='ltr'><strong>Seguer.</strong></span> <span class='ocrx_word' id='word_1_428' title='bbox 1131 4339 1217 4397; x_wconf 74' lang='grc' dir='ltr'><strong>ἐποίει</strong></span> <span class='ocrx_word' id='word_1_429' title='bbox 1232 4338 1296 4418; x_wconf 77' lang='grc' dir='ltr'><strong>γάρ.</strong></span> 
     </span>
    </p>

    <p class='ocr_par' dir='ltr' id='par_1_17' title="bbox 69 4407 1312 4495">
     <span class='ocr_line' id='line_1_44' title="bbox 69 4407 1312 4495; baseline -0.002 -28"><span class='ocrx_word' id='word_1_430' title='bbox 69 4416 176 4479; x_wconf 81' lang='lat' dir='ltr'><strong>Segner.</strong></span> <span class='ocrx_word' id='word_1_431' title='bbox 199 4410 286 4463; x_wconf 73' lang='lat' dir='ltr'><strong>nent</strong></span> <span class='ocrx_word' id='word_1_432' title='bbox 308 4428 347 4495; x_wconf 72' lang='lat' dir='ltr'><strong>ep</strong></span> <span class='ocrx_word' id='word_1_433' title='bbox 365 4409 448 4476; x_wconf 73' lang='grc' dir='ltr'><strong><em>δῆλόν</em></strong></span> <span class='ocrx_word' id='word_1_434' title='bbox 463 4407 546 4466; x_wconf 72' lang='grc' dir='ltr'><strong>ἐστιν.</strong></span> <span class='ocrx_word' id='word_1_435' title='bbox 583 4415 662 4468; x_wconf 82' lang='lat' dir='ltr'><strong>ceteri</strong></span> <span class='ocrx_word' id='word_1_436' title='bbox 713 4416 758 4466; x_wconf 84' lang='lat' dir='ltr'><strong>tilii</strong></span> <span class='ocrx_word' id='word_1_437' title='bbox 776 4422 800 4467; x_wconf 90' lang='grc' dir='ltr'><strong>ιι</strong></span> <span class='ocrx_word' id='word_1_438' title='bbox 817 4416 874 4468; x_wconf 85' lang='lat' dir='ltr'><strong>editi</strong></span> <span class='ocrx_word' id='word_1_439' title='bbox 890 4409 975 4466; x_wconf 76' lang='grc' dir='ltr'><strong>ἐπιιιι</strong></span> <span class='ocrx_word' id='word_1_440' title='bbox 992 4410 1029 4465; x_wconf 77' lang='grc' dir='ltr'><strong>δι’.</strong></span> <span class='ocrx_word' id='word_1_441' title='bbox 1307 4475 1312 4485; x_wconf 27' lang='grc' dir='ltr'>ι</span> 
     </span>
    </p>

    <p class='ocr_par' dir='ltr' id='par_1_18' title="bbox 69 4474 1297 4548">
     <span class='ocr_line' id='line_1_45' title="bbox 69 4474 1297 4548; baseline 0.003 -15"><span class='ocrx_word' id='word_1_442' title='bbox 69 4492 96 4533; x_wconf 89' lang='grc' dir='ltr'><strong>ιι</strong></span> <span class='ocrx_word' id='word_1_443' title='bbox 113 4484 174 4534; x_wconf 82' lang='lat' dir='ltr'><strong>editi</strong></span> <span class='ocrx_word' id='word_1_444' title='bbox 190 4474 276 4533; x_wconf 77' lang='lat' dir='ltr'><strong>nent</strong></span> <span class='ocrx_word' id='word_1_445' title='bbox 292 4496 372 4533; x_wconf 77' lang='grc' dir='ltr'><em>τουτο</em></span> <span class='ocrx_word' id='word_1_446' title='bbox 391 4478 473 4544; x_wconf 75' lang='grc' dir='ltr'><strong><em>δῆλόν</em></strong></span> <span class='ocrx_word' id='word_1_447' title='bbox 488 4477 571 4535; x_wconf 75' lang='grc' dir='ltr'><strong>ἐστιν.</strong></span> <span class='ocrx_word' id='word_1_448' title='bbox 741 4483 765 4539; x_wconf 88' lang='grc'><strong>,1.</strong></span> <span class='ocrx_word' id='word_1_449' title='bbox 781 4484 824 4537; x_wconf 74' lang='lat' dir='ltr'><strong>Sic</strong></span> <span class='ocrx_word' id='word_1_450' title='bbox 839 4484 897 4548; x_wconf 79' lang='lat' dir='ltr'><strong>Reg.</strong></span> <span class='ocrx_word' id='word_1_451' title='bbox 918 4485 940 4535; x_wconf 88' lang='lat'><strong>1.</strong></span> <span class='ocrx_word' id='word_1_452' title='bbox 963 4491 988 4535; x_wconf 89' lang='grc' dir='ltr'><strong>ιι</strong></span> <span class='ocrx_word' id='word_1_453' title='bbox 1010 4484 1109 4545; x_wconf 73' lang='lat' dir='ltr'><strong>Samot.</strong></span> <span class='ocrx_word' id='word_1_454' title='bbox 1144 4483 1224 4537; x_wconf 78' lang='lat' dir='ltr'><strong>Ceteri</strong></span> <span class='ocrx_word' id='word_1_455' title='bbox 1240 4499 1297 4537; x_wconf 80' lang='lat' dir='ltr'><strong>raro</strong></span> 
     </span>
    </p>
   </div>
   <div class='ocr_carea' id='block_1_4' title="bbox 0 0 1478 5092">
    <p class='ocr_par' dir='ltr' id='par_1_19' title="bbox 0 0 1478 5092">
     <span class='ocr_line' id='line_1_46' title="bbox 0 0 1478 5092; baseline 0 0"><span class='ocrx_word' id='word_1_456' title='bbox 0 0 1478 5092; x_wconf 95' lang='lat' dir='ltr'><strong> </strong></span> 
     </span>
    </p>
   </div>
  </div>
 </body>
</html>
