<?xml version="1.0" encoding="UTF-8"?>
<!DOCTYPE html PUBLIC "-//W3C//DTD XHTML 1.0 Transitional//EN"
    "http://www.w3.org/TR/xhtml1/DTD/xhtml1-transitional.dtd">
<html xmlns="http://www.w3.org/1999/xhtml" xml:lang="en" lang="en">
 <head>
  <title>
</title>
<meta http-equiv="Content-Type" content="text/html;charset=utf-8" />
  <meta name='ocr-system' content='tesseract 3.04.00' />
  <meta name='ocr-capabilities' content='ocr_page ocr_carea ocr_par ocr_line ocrx_word'/>
</head>
<body>
  <div class='ocr_page' id='page_1' title='image "./sanctiathanasii02athagoog_0094.png"; bbox 0 0 2948 5092; ppageno 0'>
   <div class='ocr_carea' id='block_1_1' title="bbox 424 214 1361 307">
    <p class='ocr_par' dir='ltr' id='par_1_1' title="bbox 424 214 1361 307">
     <span class='ocr_line' id='line_1_1' title="bbox 424 214 1361 307; baseline -0.002 0"><span class='ocrx_word' id='word_1_1' title='bbox 424 214 783 307; x_wconf 65' lang='lat' dir='ltr'><strong>nraromosssmnars</strong></span> <span class='ocrx_word' id='word_1_2' title='bbox 798 258 1076 303; x_wconf 71' lang='lat' dir='ltr'><strong>nummorumque.</strong></span> <span class='ocrx_word' id='word_1_3' title='bbox 1323 243 1361 305; x_wconf 77' lang='lat' dir='ltr'><strong>tt</strong></span> 
     </span>
    </p>
   </div>
   <div class='ocr_carea' id='block_1_2' title="bbox 104 405 1455 797">
    <p class='ocr_par' dir='ltr' id='par_1_2' title="bbox 156 405 1455 699">
     <span class='ocr_line' id='line_1_2' title="bbox 160 405 1455 499; baseline -0.008 -20"><span class='ocrx_word' id='word_1_4' title='bbox 160 437 214 499; x_wconf 78' lang='lat' dir='ltr'><strong>pre</strong></span> <span class='ocrx_word' id='word_1_5' title='bbox 231 415 353 490; x_wconf 75' lang='lat' dir='ltr'><strong>veilent,</strong></span> <span class='ocrx_word' id='word_1_6' title='bbox 379 412 472 475; x_wconf 86' lang='lat' dir='ltr'><strong>nobis</strong></span> <span class='ocrx_word' id='word_1_7' title='bbox 498 411 669 473; x_wconf 81' lang='lat' dir='ltr'><strong>huiusmodi</strong></span> <span class='ocrx_word' id='word_1_8' title='bbox 697 409 828 489; x_wconf 81' lang='lat' dir='ltr'><strong>exempla</strong></span> <span class='ocrx_word' id='word_1_9' title='bbox 850 409 1007 473; x_wconf 79' lang='lat' dir='ltr'><strong>tradidere.</strong></span> <span class='ocrx_word' id='word_1_10' title='bbox 1050 410 1095 470; x_wconf 78' lang='lat' dir='ltr'><strong>dn</strong></span> <span class='ocrx_word' id='word_1_11' title='bbox 1116 425 1178 468; x_wconf 95' lang='lat' dir='ltr'><strong>non</strong></span> <span class='ocrx_word' id='word_1_12' title='bbox 1199 407 1289 487; x_wconf 85' lang='lat' dir='ltr'><strong>igitur</strong></span> <span class='ocrx_word' id='word_1_13' title='bbox 1309 405 1455 469; x_wconf 65' lang='lat' dir='ltr'><strong>eii-nme.</strong></span> 
     </span>
     <span class='ocr_line' id='line_1_3' title="bbox 158 509 1365 597; baseline -0.008 -16"><span class='ocrx_word' id='word_1_14' title='bbox 158 517 263 581; x_wconf 66' lang='lat' dir='ltr'><strong>mnne</strong></span> <span class='ocrx_word' id='word_1_15' title='bbox 283 514 413 597; x_wconf 76' lang='lat' dir='ltr'>proinde</span> <span class='ocrx_word' id='word_1_16' title='bbox 434 512 577 591; x_wconf 73' lang='lat' dir='ltr'>valdeque</span> <span class='ocrx_word' id='word_1_17' title='bbox 597 511 721 590; x_wconf 88' lang='lat' dir='ltr'><strong>impium</strong></span> <span class='ocrx_word' id='word_1_18' title='bbox 748 511 851 583; x_wconf 85' lang='lat' dir='ltr'><strong>inerit,</strong></span> <span class='ocrx_word' id='word_1_19' title='bbox 879 529 946 573; x_wconf 89' lang='lat' dir='ltr'><strong>curn</strong></span> <span class='ocrx_word' id='word_1_20' title='bbox 968 512 1022 572; x_wconf 88' lang='lat' dir='ltr'><strong>has</strong></span> <span class='ocrx_word' id='word_1_21' title='bbox 1044 509 1189 590; x_wconf 75' lang='lat' dir='ltr'>imagines</span> <span class='ocrx_word' id='word_1_22' title='bbox 1210 516 1241 570; x_wconf 88' lang='lat' dir='ltr'><strong>et</strong></span> <span class='ocrx_word' id='word_1_23' title='bbox 1261 525 1365 571; x_wconf 82' lang='lat' dir='ltr'><strong>erem-</strong></span> 
     </span>
     <span class='ocr_line' id='line_1_4' title="bbox 156 610 1366 699; baseline -0.007 -19"><span class='ocrx_word' id='word_1_24' title='bbox 156 619 192 699; x_wconf 65' lang='grc' dir='ltr'><strong>με</strong></span> <span class='ocrx_word' id='word_1_25' title='bbox 210 618 360 696; x_wconf 84' lang='lat' dir='ltr'><strong>Scriptura</strong></span> <span class='ocrx_word' id='word_1_26' title='bbox 388 615 554 688; x_wconf 85' lang='lat' dir='ltr'><strong>contineat,</strong></span> <span class='ocrx_word' id='word_1_27' title='bbox 583 631 641 674; x_wconf 88' lang='lat' dir='ltr'><strong>nos</strong></span> <span class='ocrx_word' id='word_1_28' title='bbox 663 631 698 673; x_wconf 81' lang='lat' dir='ltr'><strong>ex</strong></span> <span class='ocrx_word' id='word_1_29' title='bbox 720 610 802 685; x_wconf 88' lang='lat' dir='ltr'><strong>aliis,</strong></span> <span class='ocrx_word' id='word_1_30' title='bbox 831 630 905 691; x_wconf 90' lang='lat' dir='ltr'><strong>qnae</strong></span> <span class='ocrx_word' id='word_1_31' title='bbox 926 630 1024 692; x_wconf 92' lang='lat' dir='ltr'><strong>neque</strong></span> <span class='ocrx_word' id='word_1_32' title='bbox 1045 612 1155 690; x_wconf 88' lang='lat' dir='ltr'><strong>scripta</strong></span> <span class='ocrx_word' id='word_1_33' title='bbox 1177 619 1249 673; x_wconf 88' lang='lat' dir='ltr'><strong>sunt</strong></span> <span class='ocrx_word' id='word_1_34' title='bbox 1269 627 1366 688; x_wconf 89' lang='lat' dir='ltr'><strong>neque</strong></span> 
     </span>
    </p>

    <p class='ocr_par' dir='ltr' id='par_1_3' title="bbox 104 696 1190 797">
     <span class='ocr_line' id='line_1_5' title="bbox 104 696 1190 797; baseline -0.007 -17"><span class='ocrx_word' id='word_1_35' title='bbox 104 696 110 709; x_wconf 53' lang='lat'>¹</span> <span class='ocrx_word' id='word_1_36' title='bbox 154 719 180 780; x_wconf 80' lang='lat' dir='ltr'><strong>ad</strong></span> <span class='ocrx_word' id='word_1_37' title='bbox 198 718 336 797; x_wconf 82' lang='lat' dir='ltr'><strong>pietatem</strong></span> <span class='ocrx_word' id='word_1_38' title='bbox 359 716 420 778; x_wconf 89' lang='lat' dir='ltr'><strong>nilo</strong></span> <span class='ocrx_word' id='word_1_39' title='bbox 442 715 533 778; x_wconf 92' lang='lat' dir='ltr'><strong>modo</strong></span> <span class='ocrx_word' id='word_1_40' title='bbox 554 720 698 794; x_wconf 85' lang='lat' dir='ltr'><strong>spectant,</strong></span> <span class='ocrx_word' id='word_1_41' title='bbox 719 711 837 775; x_wconf 85' lang='lat' dir='ltr'><strong>Domini</strong></span> <span class='ocrx_word' id='word_1_42' title='bbox 859 713 994 775; x_wconf 81' lang='lat' dir='ltr'><strong>notitiam</strong></span> <span class='ocrx_word' id='word_1_43' title='bbox 1016 710 1190 793; x_wconf 73' lang='lat' dir='ltr'><strong>inquirere?</strong></span> 
     </span>
    </p>
   </div>
   <div class='ocr_carea' id='block_1_3' title="bbox 95 913 1455 3927">
    <p class='ocr_par' dir='ltr' id='par_1_4' title="bbox 95 913 1455 3927">
     <span class='ocr_line' id='line_1_6' title="bbox 223 913 1365 997; baseline -0.007 -15"><span class='ocrx_word' id='word_1_44' title='bbox 223 921 274 982; x_wconf 81' lang='lat'><strong>13.</strong></span> <span class='ocrx_word' id='word_1_45' title='bbox 320 917 381 978; x_wconf 86' lang='lat' dir='ltr'><strong>iam</strong></span> <span class='ocrx_word' id='word_1_46' title='bbox 414 917 514 997; x_wconf 86' lang='lat' dir='ltr'><strong>itaque</strong></span> <span class='ocrx_word' id='word_1_47' title='bbox 546 914 762 996; x_wconf 81' lang='lat' dir='ltr'><strong>respondeant,</strong></span> <span class='ocrx_word' id='word_1_48' title='bbox 792 914 940 976; x_wconf 87' lang='lat' dir='ltr'><strong>undenam</strong></span> <span class='ocrx_word' id='word_1_49' title='bbox 972 915 1070 977; x_wconf 85' lang='lat' dir='ltr'><strong>edocti</strong></span> <span class='ocrx_word' id='word_1_50' title='bbox 1097 914 1143 977; x_wconf 83' lang='lat' dir='ltr'><strong>vei</strong></span> <span class='ocrx_word' id='word_1_51' title='bbox 1163 933 1223 993; x_wconf 92' lang='lat' dir='ltr'><strong>qno</strong></span> <span class='ocrx_word' id='word_1_52' title='bbox 1246 913 1365 975; x_wconf 89' lang='lat' dir='ltr'><strong>tandem</strong></span> 
     </span>
     <span class='ocr_line' id='line_1_7' title="bbox 95 998 1364 1096; baseline -0.005 -13"><span class='ocrx_word' id='word_1_53' title='bbox 95 998 97 1057; x_wconf 65' lang='lat'>3</span> <span class='ocrx_word' id='word_1_54' title='bbox 149 1020 196 1083; x_wconf 74' lang='lat' dir='ltr'><strong>dia</strong></span> <span class='ocrx_word' id='word_1_55' title='bbox 217 1018 354 1081; x_wconf 84' lang='lat' dir='ltr'><strong>tradente</strong></span> <span class='ocrx_word' id='word_1_56' title='bbox 376 1017 435 1081; x_wconf 87' lang='lat' dir='ltr'><strong>ista</strong></span> <span class='ocrx_word' id='word_1_57' title='bbox 457 1017 494 1078; x_wconf 91' lang='lat' dir='ltr'><strong>de</strong></span> <span class='ocrx_word' id='word_1_58' title='bbox 510 1015 661 1078; x_wconf 87' lang='lat' dir='ltr'><strong>Salvatore</strong></span> <span class='ocrx_word' id='word_1_59' title='bbox 684 1014 830 1095; x_wconf 89' lang='lat' dir='ltr'><strong>suspicari</strong></span> <span class='ocrx_word' id='word_1_60' title='bbox 852 1015 1014 1096; x_wconf 75' lang='lat' dir='ltr'><strong>coeperint.</strong></span> <span class='ocrx_word' id='word_1_61' title='bbox 1046 1015 1197 1094; x_wconf 88' lang='lat' dir='ltr'><strong>Legimus,</strong></span> <span class='ocrx_word' id='word_1_62' title='bbox 1219 1015 1364 1095; x_wconf 89' lang='lat' dir='ltr'><strong>inquient,</strong></span> 
     </span>
     <span class='ocr_line' id='line_1_8' title="bbox 148 1118 1455 1197; baseline -0.003 -15"><span class='ocrx_word' id='word_1_63' title='bbox 148 1118 380 1182; x_wconf 80' lang='lat' dir='ltr'><strong>inProrerbiis:</strong></span> <span class='ocrx_word' id='word_1_64' title='bbox 412 1118 561 1180; x_wconf 72' lang='lat' dir='ltr'><strong>Dominus</strong></span> <span class='ocrx_word' id='word_1_65' title='bbox 584 1121 698 1179; x_wconf 82' lang='lat' dir='ltr'><strong>creavit</strong></span> <span class='ocrx_word' id='word_1_66' title='bbox 718 1135 764 1178; x_wconf 84' lang='lat' dir='ltr'><strong>me</strong></span> <span class='ocrx_word' id='word_1_67' title='bbox 785 1120 905 1179; x_wconf 72' lang='lat' dir='ltr'><strong>inituim</strong></span> <span class='ocrx_word' id='word_1_68' title='bbox 925 1119 1046 1179; x_wconf 75' lang='lat' dir='ltr'><strong>uiarum</strong></span> <span class='ocrx_word' id='word_1_69' title='bbox 1067 1136 1195 1179; x_wconf 84' lang='lat' dir='ltr'><strong>suorum</strong></span> <span class='ocrx_word' id='word_1_70' title='bbox 1216 1122 1249 1179; x_wconf 80' lang='lat' dir='ltr'><strong>in</strong></span> <span class='ocrx_word' id='word_1_71' title='bbox 1270 1135 1371 1197; x_wconf 30' lang='lat' dir='ltr'><strong>opero·</strong></span> <span class='ocrx_word' id='word_1_72' title='bbox 1449 1139 1455 1151; x_wconf 91' lang='lat'><strong>·</strong></span> 
     </span>
     <span class='ocr_line' id='line_1_9' title="bbox 147 1216 1365 1297; baseline -0.003 -13"><span class='ocrx_word' id='word_1_73' title='bbox 147 1241 204 1284; x_wconf 76' lang='lat' dir='ltr'><strong>aar.</strong></span> <span class='ocrx_word' id='word_1_74' title='bbox 246 1220 371 1283; x_wconf 72' lang='lat' dir='ltr'><strong>Sdlieet</strong></span> <span class='ocrx_word' id='word_1_75' title='bbox 391 1219 422 1280; x_wconf 90' lang='lat' dir='ltr'><strong>id</strong></span> <span class='ocrx_word' id='word_1_76' title='bbox 445 1218 532 1281; x_wconf 88' lang='lat' dir='ltr'><strong>etiam</strong></span> <span class='ocrx_word' id='word_1_77' title='bbox 554 1216 729 1281; x_wconf 76' lang='lat' dir='ltr'><strong>uidebantur</strong></span> <span class='ocrx_word' id='word_1_78' title='bbox 750 1216 897 1278; x_wconf 81' lang='lat' dir='ltr'><strong>obiectare</strong></span> <span class='ocrx_word' id='word_1_79' title='bbox 918 1216 1089 1290; x_wconf 76' lang='lat' dir='ltr'><strong>Enseliiani,</strong></span> <span class='ocrx_word' id='word_1_80' title='bbox 1112 1226 1202 1297; x_wconf 88' lang='lat' dir='ltr'><strong>tuque</strong></span> <span class='ocrx_word' id='word_1_81' title='bbox 1224 1219 1288 1297; x_wconf 87' lang='lat' dir='ltr'><strong>ipse</strong></span> <span class='ocrx_word' id='word_1_82' title='bbox 1305 1218 1365 1281; x_wconf 82' lang='lat' dir='ltr'><strong>tuis</strong></span> 
     </span>
     <span class='ocr_line' id='line_1_10' title="bbox 146 1317 1366 1401; baseline -0.004 -15"><span class='ocrx_word' id='word_1_83' title='bbox 146 1323 243 1385; x_wconf 85' lang='lat' dir='ltr'><strong>littaris</strong></span> <span class='ocrx_word' id='word_1_84' title='bbox 265 1321 343 1385; x_wconf 85' lang='lat' dir='ltr'><strong>mihi</strong></span> <span class='ocrx_word' id='word_1_85' title='bbox 366 1318 557 1401; x_wconf 86' lang='lat' dir='ltr'><strong>significasti,</strong></span> <span class='ocrx_word' id='word_1_86' title='bbox 578 1317 652 1380; x_wconf 88' lang='lat' dir='ltr'><strong>istos</strong></span> <span class='ocrx_word' id='word_1_87' title='bbox 674 1335 791 1397; x_wconf 88' lang='lat' dir='ltr'><strong>qnoque</strong></span> <span class='ocrx_word' id='word_1_88' title='bbox 814 1318 913 1379; x_wconf 89' lang='lat' dir='ltr'><strong>multis</strong></span> <span class='ocrx_word' id='word_1_89' title='bbox 934 1318 1003 1380; x_wconf 91' lang='lat' dir='ltr'><strong>licet</strong></span> <span class='ocrx_word' id='word_1_90' title='bbox 1024 1320 1206 1397; x_wconf 75' lang='lat' dir='ltr'><strong>argumentis</strong></span> <span class='ocrx_word' id='word_1_91' title='bbox 1226 1327 1366 1400; x_wconf 87' lang='lat' dir='ltr'><strong>prostra-</strong></span> 
     </span>
     <span class='ocr_line' id='line_1_11' title="bbox 148 1419 1366 1499; baseline -0.002 -14"><span class='ocrx_word' id='word_1_92' title='bbox 148 1434 187 1485; x_wconf 86' lang='lat' dir='ltr'><strong>tos</strong></span> <span class='ocrx_word' id='word_1_93' title='bbox 207 1432 237 1485; x_wconf 91' lang='lat' dir='ltr'><strong>et</strong></span> <span class='ocrx_word' id='word_1_94' title='bbox 259 1422 416 1485; x_wconf 75' lang='lat' dir='ltr'><strong>convictos</strong></span> <span class='ocrx_word' id='word_1_95' title='bbox 437 1421 475 1481; x_wconf 87' lang='lat' dir='ltr'><strong>ad</strong></span> <span class='ocrx_word' id='word_1_96' title='bbox 496 1419 545 1482; x_wconf 89' lang='lat' dir='ltr'><strong>ilia</strong></span> <span class='ocrx_word' id='word_1_97' title='bbox 559 1419 728 1499; x_wconf 77' lang='lat' dir='ltr'><strong>scripturae</strong></span> <span class='ocrx_word' id='word_1_98' title='bbox 749 1419 836 1481; x_wconf 86' lang='lat' dir='ltr'><strong>rerba</strong></span> <span class='ocrx_word' id='word_1_99' title='bbox 857 1419 1037 1498; x_wconf 81' lang='lat' dir='ltr'><strong>profugisse,</strong></span> <span class='ocrx_word' id='word_1_100' title='bbox 1059 1438 1151 1498; x_wconf 85' lang='lat' dir='ltr'><strong>eaque</strong></span> <span class='ocrx_word' id='word_1_101' title='bbox 1174 1438 1294 1482; x_wconf 88' lang='lat' dir='ltr'><strong>sursum</strong></span> <span class='ocrx_word' id='word_1_102' title='bbox 1310 1420 1366 1483; x_wconf 86' lang='lat' dir='ltr'><strong>de·</strong></span> 
     </span>
     <span class='ocr_line' id='line_1_12' title="bbox 147 1519 1366 1594; baseline -0.002 -9"><span class='ocrx_word' id='word_1_103' title='bbox 147 1543 278 1587; x_wconf 84' lang='lat' dir='ltr'><strong>orsumre</strong></span> <span class='ocrx_word' id='word_1_104' title='bbox 302 1523 546 1587; x_wconf 70' lang='lat' dir='ltr'><strong>circumferentes</strong></span> <span class='ocrx_word' id='word_1_105' title='bbox 567 1538 748 1594; x_wconf 86' lang='lat' dir='ltr'><strong>asseverare,</strong></span> <span class='ocrx_word' id='word_1_106' title='bbox 769 1519 874 1582; x_wconf 82' lang='lat' dir='ltr'><strong>Filium</strong></span> <span class='ocrx_word' id='word_1_107' title='bbox 896 1539 984 1581; x_wconf 89' lang='lat' dir='ltr'><strong>unam</strong></span> <span class='ocrx_word' id='word_1_108' title='bbox 1007 1539 1023 1582; x_wconf 89' lang='lat' dir='ltr'><strong>e</strong></span> <span class='ocrx_word' id='word_1_109' title='bbox 1045 1519 1136 1581; x_wconf 88' lang='lat' dir='ltr'><strong>rebus</strong></span> <span class='ocrx_word' id='word_1_110' title='bbox 1157 1521 1263 1583; x_wconf 86' lang='lat' dir='ltr'><strong>creatis</strong></span> <span class='ocrx_word' id='word_1_111' title='bbox 1284 1538 1366 1594; x_wconf 86' lang='lat' dir='ltr'><strong>esse,</strong></span> 
     </span>
     <span class='ocr_line' id='line_1_13' title="bbox 147 1621 1366 1707; baseline 0 -22"><span class='ocrx_word' id='word_1_112' title='bbox 147 1643 266 1707; x_wconf 86' lang='lat' dir='ltr'><strong>enrnqne</strong></span> <span class='ocrx_word' id='word_1_113' title='bbox 293 1622 375 1687; x_wconf 83' lang='lat' dir='ltr'><strong>inter</strong></span> <span class='ocrx_word' id='word_1_114' title='bbox 401 1642 451 1684; x_wconf 90' lang='lat' dir='ltr'><strong>res</strong></span> <span class='ocrx_word' id='word_1_115' title='bbox 481 1623 572 1683; x_wconf 85' lang='lat' dir='ltr'><strong>iactas</strong></span> <span class='ocrx_word' id='word_1_116' title='bbox 600 1639 803 1683; x_wconf 78' lang='lat' dir='ltr'><strong>annumerare.</strong></span> <span class='ocrx_word' id='word_1_117' title='bbox 849 1622 954 1683; x_wconf 89' lang='lat' dir='ltr'><strong>Verum</strong></span> <span class='ocrx_word' id='word_1_118' title='bbox 977 1622 1055 1683; x_wconf 90' lang='lat' dir='ltr'><strong>hunc</strong></span> <span class='ocrx_word' id='word_1_119' title='bbox 1076 1621 1246 1700; x_wconf 85' lang='lat' dir='ltr'><strong>Scripturae</strong></span> <span class='ocrx_word' id='word_1_120' title='bbox 1267 1622 1366 1686; x_wconf 90' lang='lat' dir='ltr'><strong>locum</strong></span> 
     </span>
     <span class='ocr_line' id='line_1_14' title="bbox 145 1721 1365 1815; baseline -0.002 -26"><span class='ocrx_word' id='word_1_121' title='bbox 145 1746 201 1789; x_wconf 84' lang='lat' dir='ltr'><strong>ron</strong></span> <span class='ocrx_word' id='word_1_122' title='bbox 224 1734 310 1815; x_wconf 67' lang='lat' dir='ltr'><strong>reme</strong></span> <span class='ocrx_word' id='word_1_123' title='bbox 335 1723 410 1786; x_wconf 88' lang='lat' dir='ltr'><strong>mihi</strong></span> <span class='ocrx_word' id='word_1_124' title='bbox 439 1723 576 1784; x_wconf 84' lang='lat' dir='ltr'><strong>ridentur</strong></span> <span class='ocrx_word' id='word_1_125' title='bbox 596 1721 796 1796; x_wconf 76' lang='lat' dir='ltr'><strong>intellexisse3</strong></span> <span class='ocrx_word' id='word_1_126' title='bbox 824 1722 970 1802; x_wconf 86' lang='lat' dir='ltr'><strong>siquidem</strong></span> <span class='ocrx_word' id='word_1_127' title='bbox 992 1724 1073 1803; x_wconf 88' lang='lat' dir='ltr'><strong>pium</strong></span> <span class='ocrx_word' id='word_1_128' title='bbox 1096 1732 1126 1784; x_wconf 84' lang='lat' dir='ltr'><strong>et</strong></span> <span class='ocrx_word' id='word_1_129' title='bbox 1146 1724 1229 1786; x_wconf 84' lang='lat' dir='ltr'><strong>valde</strong></span> <span class='ocrx_word' id='word_1_130' title='bbox 1251 1732 1365 1786; x_wconf 86' lang='lat' dir='ltr'><strong>rectum</strong></span> 
     </span>
     <span class='ocr_line' id='line_1_15' title="bbox 143 1822 1366 1905; baseline -0.002 -14"><span class='ocrx_word' id='word_1_131' title='bbox 143 1826 271 1891; x_wconf 73' lang='lat' dir='ltr'><strong>omnm</strong></span> <span class='ocrx_word' id='word_1_132' title='bbox 291 1842 428 1898; x_wconf 77' lang='lat' dir='ltr'><strong>sensum,</strong></span> <span class='ocrx_word' id='word_1_133' title='bbox 450 1842 537 1902; x_wconf 90' lang='lat' dir='ltr'><strong>quem</strong></span> <span class='ocrx_word' id='word_1_134' title='bbox 560 1824 586 1884; x_wconf 90' lang='lat' dir='ltr'><strong>si</strong></span> <span class='ocrx_word' id='word_1_135' title='bbox 607 1823 666 1902; x_wconf 89' lang='lat' dir='ltr'><strong>ipsi</strong></span> <span class='ocrx_word' id='word_1_136' title='bbox 680 1822 904 1897; x_wconf 83' lang='lat' dir='ltr'><strong>intellexissent,</strong></span> <span class='ocrx_word' id='word_1_137' title='bbox 926 1824 1083 1885; x_wconf 82' lang='lat' dir='ltr'><strong>Dominum</strong></span> <span class='ocrx_word' id='word_1_138' title='bbox 1098 1825 1209 1903; x_wconf 82' lang='lat' dir='ltr'><strong>gloriae</strong></span> <span class='ocrx_word' id='word_1_139' title='bbox 1224 1825 1366 1905; x_wconf 83' lang='lat' dir='ltr'><strong>blasphe-</strong></span> 
     </span>
     <span class='ocr_line' id='line_1_16' title="bbox 144 1923 1434 2003; baseline -0.003 -12"><span class='ocrx_word' id='word_1_140' title='bbox 144 1929 208 1991; x_wconf 82' lang='lat' dir='ltr'><strong>miis</strong></span> <span class='ocrx_word' id='word_1_141' title='bbox 228 1924 523 2003; x_wconf 67' lang='lat' dir='ltr'><strong>nonoffendissent.</strong></span> <span class='ocrx_word' id='word_1_142' title='bbox 567 1923 639 1985; x_wconf 88' lang='lat' dir='ltr'><strong>Nam</strong></span> <span class='ocrx_word' id='word_1_143' title='bbox 662 1942 736 2002; x_wconf 84' lang='lat' dir='ltr'><strong>quae</strong></span> <span class='ocrx_word' id='word_1_144' title='bbox 758 1943 848 2003; x_wconf 88' lang='lat' dir='ltr'><strong>supra</strong></span> <span class='ocrx_word' id='word_1_145' title='bbox 871 1934 941 1986; x_wconf 89' lang='lat' dir='ltr'><strong>sunt</strong></span> <span class='ocrx_word' id='word_1_146' title='bbox 962 1924 1054 1999; x_wconf 85' lang='lat' dir='ltr'><strong>dicta,</strong></span> <span class='ocrx_word' id='word_1_147' title='bbox 1076 1944 1143 1987; x_wconf 91' lang='lat' dir='ltr'><strong>cnm</strong></span> <span class='ocrx_word' id='word_1_148' title='bbox 1166 1927 1222 1987; x_wconf 91' lang='lat' dir='ltr'><strong>hac</strong></span> <span class='ocrx_word' id='word_1_149' title='bbox 1242 1936 1366 1988; x_wconf 89' lang='lat' dir='ltr'><strong>senten·</strong></span> <span class='ocrx_word' id='word_1_150' title='bbox 1391 1944 1401 1951; x_wconf 94' lang='lat'>·</span> <span class='ocrx_word' id='word_1_151' title='bbox 1425 1989 1434 1999; x_wconf 66' lang='grc'><strong>,</strong></span> 
     </span>
     <span class='ocr_line' id='line_1_17' title="bbox 144 2025 1366 2104; baseline -0.002 -13"><span class='ocrx_word' id='word_1_152' title='bbox 144 2030 181 2091; x_wconf 80' lang='lat' dir='ltr'><strong>tia</strong></span> <span class='ocrx_word' id='word_1_153' title='bbox 205 2029 379 2100; x_wconf 83' lang='lat' dir='ltr'><strong>ennierant,</strong></span> <span class='ocrx_word' id='word_1_154' title='bbox 408 2034 650 2104; x_wconf 80' lang='lat' dir='ltr'><strong>cognoscentque</strong></span> <span class='ocrx_word' id='word_1_155' title='bbox 677 2025 800 2086; x_wconf 86' lang='lat' dir='ltr'><strong>muitum</strong></span> <span class='ocrx_word' id='word_1_156' title='bbox 829 2025 860 2086; x_wconf 92' lang='lat' dir='ltr'><strong>in</strong></span> <span class='ocrx_word' id='word_1_157' title='bbox 887 2025 945 2087; x_wconf 88' lang='lat' dir='ltr'><strong>illis</strong></span> <span class='ocrx_word' id='word_1_158' title='bbox 967 2045 1033 2087; x_wconf 89' lang='lat' dir='ltr'><strong>esse</strong></span> <span class='ocrx_word' id='word_1_159' title='bbox 1055 2027 1246 2089; x_wconf 89' lang='lat' dir='ltr'><strong>discriminis.</strong></span> <span class='ocrx_word' id='word_1_160' title='bbox 1291 2027 1366 2100; x_wconf 84' lang='lat' dir='ltr'><strong>Quis</strong></span> 
     </span>
     <span class='ocr_line' id='line_1_18' title="bbox 143 2125 1366 2204; baseline -0.001 -13"><span class='ocrx_word' id='word_1_161' title='bbox 143 2132 218 2192; x_wconf 87' lang='lat' dir='ltr'><strong>enim</strong></span> <span class='ocrx_word' id='word_1_162' title='bbox 240 2147 333 2190; x_wconf 89' lang='lat' dir='ltr'><strong>sanae</strong></span> <span class='ocrx_word' id='word_1_163' title='bbox 354 2126 464 2188; x_wconf 86' lang='lat' dir='ltr'><strong>mentis</strong></span> <span class='ocrx_word' id='word_1_164' title='bbox 486 2144 546 2187; x_wconf 94' lang='lat' dir='ltr'><strong>non</strong></span> <span class='ocrx_word' id='word_1_165' title='bbox 567 2125 712 2204; x_wconf 85' lang='lat' dir='ltr'><strong>intelligit,</strong></span> <span class='ocrx_word' id='word_1_166' title='bbox 736 2146 786 2188; x_wconf 88' lang='lat' dir='ltr'><strong>res</strong></span> <span class='ocrx_word' id='word_1_167' title='bbox 809 2135 921 2188; x_wconf 84' lang='lat' dir='ltr'><strong>creatas</strong></span> <span class='ocrx_word' id='word_1_168' title='bbox 944 2135 973 2188; x_wconf 87' lang='lat' dir='ltr'><strong>et</strong></span> <span class='ocrx_word' id='word_1_169' title='bbox 994 2129 1084 2189; x_wconf 86' lang='lat' dir='ltr'><strong>iactas</strong></span> <span class='ocrx_word' id='word_1_170' title='bbox 1100 2137 1180 2189; x_wconf 85' lang='lat' dir='ltr'><strong>extra</strong></span> <span class='ocrx_word' id='word_1_171' title='bbox 1196 2129 1366 2191; x_wconf 81' lang='lat' dir='ltr'><strong>effectorem</strong></span> 
     </span>
     <span class='ocr_line' id='line_1_19' title="bbox 143 2228 1366 2313; baseline -0.002 -20"><span class='ocrx_word' id='word_1_172' title='bbox 143 2250 225 2305; x_wconf 81' lang='lat' dir='ltr'><strong>esse,</strong></span> <span class='ocrx_word' id='word_1_173' title='bbox 252 2230 347 2291; x_wconf 80' lang='lat' dir='ltr'><strong>fliium</strong></span> <span class='ocrx_word' id='word_1_174' title='bbox 370 2239 484 2301; x_wconf 82' lang='lat' dir='ltr'><strong>autem,</strong></span> <span class='ocrx_word' id='word_1_175' title='bbox 513 2236 656 2313; x_wconf 85' lang='lat' dir='ltr'><strong>utsupra</strong></span> <span class='ocrx_word' id='word_1_176' title='bbox 678 2228 878 2301; x_wconf 88' lang='lat' dir='ltr'><strong>ostendimus,</strong></span> <span class='ocrx_word' id='word_1_177' title='bbox 908 2246 968 2288; x_wconf 93' lang='lat' dir='ltr'><strong>non</strong></span> <span class='ocrx_word' id='word_1_178' title='bbox 991 2237 1072 2289; x_wconf 84' lang='lat' dir='ltr'><strong>extra</strong></span> <span class='ocrx_word' id='word_1_179' title='bbox 1094 2229 1147 2289; x_wconf 90' lang='lat' dir='ltr'><strong>sed</strong></span> <span class='ocrx_word' id='word_1_180' title='bbox 1170 2247 1206 2290; x_wconf 81' lang='lat' dir='ltr'><strong>ex</strong></span> <span class='ocrx_word' id='word_1_181' title='bbox 1228 2229 1366 2308; x_wconf 87' lang='lat' dir='ltr'><strong>gignente</strong></span> 
     </span>
     <span class='ocr_line' id='line_1_20' title="bbox 120 2328 1368 2415; baseline -0.004 -18"><span class='ocrx_word' id='word_1_182' title='bbox 120 2342 224 2415; x_wconf 73' lang='lat' dir='ltr'><strong>:petro</strong></span> <span class='ocrx_word' id='word_1_183' title='bbox 256 2328 427 2393; x_wconf 77' lang='lat' dir='ltr'><strong>exsistere?</strong></span> <span class='ocrx_word' id='word_1_184' title='bbox 476 2330 588 2408; x_wconf 83' lang='lat' dir='ltr'><strong>Nempe</strong></span> <span class='ocrx_word' id='word_1_185' title='bbox 623 2329 713 2389; x_wconf 89' lang='lat' dir='ltr'><strong>homo</strong></span> <span class='ocrx_word' id='word_1_186' title='bbox 743 2330 863 2390; x_wconf 87' lang='lat' dir='ltr'><strong>domurn</strong></span> <span class='ocrx_word' id='word_1_187' title='bbox 895 2330 1013 2409; x_wconf 89' lang='lat' dir='ltr'><strong>quidem</strong></span> <span class='ocrx_word' id='word_1_188' title='bbox 1042 2331 1158 2404; x_wconf 88' lang='lat' dir='ltr'><strong>condit,</strong></span> <span class='ocrx_word' id='word_1_189' title='bbox 1192 2330 1245 2392; x_wconf 89' lang='lat' dir='ltr'><strong>sed</strong></span> <span class='ocrx_word' id='word_1_190' title='bbox 1274 2330 1368 2392; x_wconf 84' lang='lat' dir='ltr'><strong>filium</strong></span> 
     </span>
     <span class='ocr_line' id='line_1_21' title="bbox 124 2424 1367 2507; baseline -0.002 -12"><span class='ocrx_word' id='word_1_191' title='bbox 124 2424 130 2449; x_wconf 71' lang='lat'>¹</span> <span class='ocrx_word' id='word_1_192' title='bbox 159 2434 170 2447; x_wconf 92' lang='lat'>&#39;</span> <span class='ocrx_word' id='word_1_193' title='bbox 209 2434 251 2507; x_wconf 90' lang='lat' dir='ltr'><strong>it,</strong></span> <span class='ocrx_word' id='word_1_194' title='bbox 273 2432 315 2494; x_wconf 83' lang='lat' dir='ltr'><strong>ite</strong></span> <span class='ocrx_word' id='word_1_195' title='bbox 338 2440 370 2493; x_wconf 89' lang='lat' dir='ltr'><strong>nt</strong></span> <span class='ocrx_word' id='word_1_196' title='bbox 392 2449 481 2492; x_wconf 91' lang='lat' dir='ltr'><strong>nemo</strong></span> <span class='ocrx_word' id='word_1_197' title='bbox 503 2430 623 2492; x_wconf 86' lang='lat' dir='ltr'><strong>inverso</strong></span> <span class='ocrx_word' id='word_1_198' title='bbox 647 2431 751 2491; x_wconf 86' lang='lat' dir='ltr'><strong>ordine</strong></span> <span class='ocrx_word' id='word_1_199' title='bbox 773 2432 852 2493; x_wconf 90' lang='lat' dir='ltr'><strong>ausit</strong></span> <span class='ocrx_word' id='word_1_200' title='bbox 873 2431 987 2505; x_wconf 89' lang='lat' dir='ltr'><strong>dicere,</strong></span> <span class='ocrx_word' id='word_1_201' title='bbox 1010 2432 1131 2492; x_wconf 90' lang='lat' dir='ltr'><strong>domurn</strong></span> <span class='ocrx_word' id='word_1_202' title='bbox 1154 2439 1184 2492; x_wconf 89' lang='lat' dir='ltr'><strong>et</strong></span> <span class='ocrx_word' id='word_1_203' title='bbox 1205 2450 1308 2493; x_wconf 84' lang='lat' dir='ltr'><strong>navem</strong></span> <span class='ocrx_word' id='word_1_204' title='bbox 1329 2430 1367 2493; x_wconf 84' lang='lat' dir='ltr'><strong>ab</strong></span> 
     </span>
     <span class='ocr_line' id='line_1_22' title="bbox 132 2530 1366 2611; baseline 0.004 -22"><span class='ocrx_word' id='word_1_205' title='bbox 132 2576 139 2589; x_wconf 94' lang='lat'><strong>.</strong></span> <span class='ocrx_word' id='word_1_206' title='bbox 195 2535 204 2547; x_wconf 77' lang='lat'><strong><em>⁴</em></strong></span> <span class='ocrx_word' id='word_1_207' title='bbox 263 2542 330 2595; x_wconf 90' lang='lat' dir='ltr'><strong>tore</strong></span> <span class='ocrx_word' id='word_1_208' title='bbox 353 2533 442 2611; x_wconf 87' lang='lat' dir='ltr'><strong>gigni,</strong></span> <span class='ocrx_word' id='word_1_209' title='bbox 465 2530 556 2591; x_wconf 82' lang='lat' dir='ltr'><strong>filium</strong></span> <span class='ocrx_word' id='word_1_210' title='bbox 578 2540 675 2593; x_wconf 89' lang='lat' dir='ltr'><strong>autem</strong></span> <span class='ocrx_word' id='word_1_211' title='bbox 696 2531 733 2593; x_wconf 87' lang='lat' dir='ltr'><strong>nb</strong></span> <span class='ocrx_word' id='word_1_212' title='bbox 755 2532 859 2593; x_wconf 89' lang='lat' dir='ltr'><strong>eodem</strong></span> <span class='ocrx_word' id='word_1_213' title='bbox 882 2532 968 2593; x_wconf 91' lang='lat' dir='ltr'><strong>condi</strong></span> <span class='ocrx_word' id='word_1_214' title='bbox 992 2540 1022 2593; x_wconf 92' lang='lat' dir='ltr'><strong>et</strong></span> <span class='ocrx_word' id='word_1_215' title='bbox 1042 2534 1116 2607; x_wconf 85' lang='lat' dir='ltr'><strong>fieri,</strong></span> <span class='ocrx_word' id='word_1_216' title='bbox 1139 2552 1195 2594; x_wconf 91' lang='lat' dir='ltr'><strong>nec</strong></span> <span class='ocrx_word' id='word_1_217' title='bbox 1216 2533 1286 2594; x_wconf 84' lang='lat' dir='ltr'><strong>item</strong></span> <span class='ocrx_word' id='word_1_218' title='bbox 1309 2532 1366 2593; x_wconf 89' lang='lat' dir='ltr'><strong>do·</strong></span> 
     </span>
     <span class='ocr_line' id='line_1_23' title="bbox 141 2632 1366 2721; baseline -0.005 -23"><span class='ocrx_word' id='word_1_219' title='bbox 141 2655 222 2721; x_wconf 72' lang='lat' dir='ltr'><strong>apin</strong></span> <span class='ocrx_word' id='word_1_220' title='bbox 245 2634 443 2698; x_wconf 84' lang='lat' dir='ltr'><strong>aedificatoris</strong></span> <span class='ocrx_word' id='word_1_221' title='bbox 465 2632 620 2710; x_wconf 89' lang='lat' dir='ltr'><strong>imaginem</strong></span> <span class='ocrx_word' id='word_1_222' title='bbox 644 2651 728 2708; x_wconf 90' lang='lat' dir='ltr'><strong>esse,</strong></span> <span class='ocrx_word' id='word_1_223' title='bbox 760 2633 851 2694; x_wconf 82' lang='lat' dir='ltr'><strong>[ilium</strong></span> <span class='ocrx_word' id='word_1_224' title='bbox 874 2652 943 2694; x_wconf 86' lang='lat' dir='ltr'><strong>vero</strong></span> <span class='ocrx_word' id='word_1_225' title='bbox 969 2653 1038 2695; x_wconf 90' lang='lat' dir='ltr'><strong>esse</strong></span> <span class='ocrx_word' id='word_1_226' title='bbox 1064 2635 1206 2713; x_wconf 87' lang='lat' dir='ltr'><strong>genitoris</strong></span> <span class='ocrx_word' id='word_1_227' title='bbox 1232 2633 1366 2694; x_wconf 87' lang='lat' dir='ltr'><strong>dissimi-</strong></span> 
     </span>
     <span class='ocr_line' id='line_1_24' title="bbox 141 2716 1416 2815; baseline -0.005 -14"><span class='ocrx_word' id='word_1_228' title='bbox 141 2736 216 2813; x_wconf 71' lang='lat' dir='ltr'><strong>ifln3</strong></span> <span class='ocrx_word' id='word_1_229' title='bbox 248 2736 304 2798; x_wconf 85' lang='lat' dir='ltr'><strong>sed</strong></span> <span class='ocrx_word' id='word_1_230' title='bbox 331 2735 431 2815; x_wconf 84' lang='lat' dir='ltr'><strong>potius</strong></span> <span class='ocrx_word' id='word_1_231' title='bbox 460 2734 551 2794; x_wconf 83' lang='lat' dir='ltr'><strong>filium</strong></span> <span class='ocrx_word' id='word_1_232' title='bbox 580 2752 646 2794; x_wconf 89' lang='lat' dir='ltr'><strong>esse</strong></span> <span class='ocrx_word' id='word_1_233' title='bbox 680 2734 772 2812; x_wconf 87' lang='lat' dir='ltr'><strong>patris</strong></span> <span class='ocrx_word' id='word_1_234' title='bbox 805 2735 962 2814; x_wconf 86' lang='lat' dir='ltr'><strong>imaginem</strong></span> <span class='ocrx_word' id='word_1_235' title='bbox 992 2743 1021 2795; x_wconf 91' lang='lat' dir='ltr'><strong>et</strong></span> <span class='ocrx_word' id='word_1_236' title='bbox 1053 2736 1173 2797; x_wconf 90' lang='lat' dir='ltr'><strong>domum</strong></span> <span class='ocrx_word' id='word_1_237' title='bbox 1195 2735 1268 2795; x_wconf 87' lang='lat' dir='ltr'><strong>artis</strong></span> <span class='ocrx_word' id='word_1_238' title='bbox 1290 2750 1367 2812; x_wconf 85' lang='lat' dir='ltr'><strong>opus</strong></span> <span class='ocrx_word' id='word_1_239' title='bbox 1412 2716 1416 2723; x_wconf 44' lang='lat'><em>¹</em></span> 
     </span>
     <span class='ocr_line' id='line_1_25' title="bbox 140 2835 1368 2915; baseline -0.007 -12"><span class='ocrx_word' id='word_1_240' title='bbox 140 2839 298 2909; x_wconf 69' lang='lat' dir='ltr'><strong>mettin,</strong></span> <span class='ocrx_word' id='word_1_241' title='bbox 322 2836 379 2897; x_wconf 92' lang='lat' dir='ltr'><strong>nisi</strong></span> <span class='ocrx_word' id='word_1_242' title='bbox 401 2838 478 2897; x_wconf 87' lang='lat' dir='ltr'><strong>iorte</strong></span> <span class='ocrx_word' id='word_1_243' title='bbox 500 2836 566 2914; x_wconf 89' lang='lat' dir='ltr'><strong>quis</strong></span> <span class='ocrx_word' id='word_1_244' title='bbox 589 2844 687 2896; x_wconf 86' lang='lat' dir='ltr'><strong>mente</strong></span> <span class='ocrx_word' id='word_1_245' title='bbox 711 2836 749 2896; x_wconf 88' lang='lat' dir='ltr'><strong>sit</strong></span> <span class='ocrx_word' id='word_1_246' title='bbox 771 2848 872 2915; x_wconf 88' lang='lat' dir='ltr'><strong>captus</strong></span> <span class='ocrx_word' id='word_1_247' title='bbox 895 2855 928 2896; x_wconf 88' lang='lat' dir='ltr'><strong>ac</strong></span> <span class='ocrx_word' id='word_1_248' title='bbox 951 2836 1065 2897; x_wconf 88' lang='lat' dir='ltr'><strong>deliret.</strong></span> <span class='ocrx_word' id='word_1_249' title='bbox 1108 2836 1247 2899; x_wconf 86' lang='lat' dir='ltr'><strong>Proiecto</strong></span> <span class='ocrx_word' id='word_1_250' title='bbox 1269 2835 1368 2896; x_wconf 82' lang='lat' dir='ltr'><strong>divina</strong></span> 
     </span>
     <span class='ocr_line' id='line_1_26' title="bbox 142 2935 1367 3020; baseline -0.002 -20"><span class='ocrx_word' id='word_1_251' title='bbox 142 2940 308 3020; x_wconf 74' lang='lat' dir='ltr'><strong>Smiptura,</strong></span> <span class='ocrx_word' id='word_1_252' title='bbox 329 2956 404 3016; x_wconf 87' lang='lat' dir='ltr'><strong>quae</strong></span> <span class='ocrx_word' id='word_1_253' title='bbox 426 2954 526 2996; x_wconf 87' lang='lat' dir='ltr'><strong>rerum</strong></span> <span class='ocrx_word' id='word_1_254' title='bbox 549 2938 680 2997; x_wconf 90' lang='lat' dir='ltr'><strong>omnium</strong></span> <span class='ocrx_word' id='word_1_255' title='bbox 704 2946 836 2998; x_wconf 88' lang='lat' dir='ltr'><strong>naturam</strong></span> <span class='ocrx_word' id='word_1_256' title='bbox 859 2938 945 3016; x_wconf 87' lang='lat' dir='ltr'><strong>longe</strong></span> <span class='ocrx_word' id='word_1_257' title='bbox 967 2936 1071 2999; x_wconf 85' lang='lat' dir='ltr'><strong>melius</strong></span> <span class='ocrx_word' id='word_1_258' title='bbox 1094 2935 1231 2998; x_wconf 91' lang='lat' dir='ltr'><strong>omnibus</strong></span> <span class='ocrx_word' id='word_1_259' title='bbox 1254 2954 1367 3015; x_wconf 87' lang='lat' dir='ltr'><strong>eogno-</strong></span> 
     </span>
     <span class='ocr_line' id='line_1_27' title="bbox 144 3036 1368 3120; baseline -0.001 -17"><span class='ocrx_word' id='word_1_260' title='bbox 144 3042 214 3111; x_wconf 81' lang='lat' dir='ltr'><strong>srit,</strong></span> <span class='ocrx_word' id='word_1_261' title='bbox 246 3041 284 3102; x_wconf 91' lang='lat' dir='ltr'><strong>de</strong></span> <span class='ocrx_word' id='word_1_262' title='bbox 314 3038 403 3100; x_wconf 88' lang='lat' dir='ltr'><strong>rebus</strong></span> <span class='ocrx_word' id='word_1_263' title='bbox 426 3038 532 3099; x_wconf 86' lang='lat' dir='ltr'><strong>creatis</strong></span> <span class='ocrx_word' id='word_1_264' title='bbox 554 3056 608 3115; x_wconf 86' lang='lat' dir='ltr'><strong>per</strong></span> <span class='ocrx_word' id='word_1_265' title='bbox 628 3038 759 3116; x_wconf 73' lang='lat' dir='ltr'><strong>Moysem</strong></span> <span class='ocrx_word' id='word_1_266' title='bbox 781 3040 854 3100; x_wconf 90' lang='lat' dir='ltr'><strong>haec</strong></span> <span class='ocrx_word' id='word_1_267' title='bbox 875 3039 929 3099; x_wconf 89' lang='lat' dir='ltr'><strong>ait:</strong></span> <span class='ocrx_word' id='word_1_268' title='bbox 960 3039 997 3101; x_wconf 84' lang='lat' dir='ltr'><strong>In</strong></span> <span class='ocrx_word' id='word_1_269' title='bbox 1015 3040 1168 3120; x_wconf 84' lang='lat' dir='ltr'><strong>principio</strong></span> <span class='ocrx_word' id='word_1_270' title='bbox 1190 3039 1263 3118; x_wconf 70' lang='lat' dir='ltr'><strong>ferit</strong></span> <span class='ocrx_word' id='word_1_271' title='bbox 1285 3036 1368 3101; x_wconf 78' lang='lat' dir='ltr'><strong>Deus</strong></span> 
     </span>
     <span class='ocr_line' id='line_1_28' title="bbox 145 3137 1369 3220; baseline -0.005 -15"><span class='ocrx_word' id='word_1_272' title='bbox 145 3144 259 3206; x_wconf 75' lang='lat' dir='ltr'><strong>curium</strong></span> <span class='ocrx_word' id='word_1_273' title='bbox 290 3153 321 3202; x_wconf 83' lang='lat' dir='ltr'><strong>et</strong></span> <span class='ocrx_word' id='word_1_274' title='bbox 349 3151 474 3201; x_wconf 84' lang='lat' dir='ltr'><strong>terrum.</strong></span> <span class='ocrx_word' id='word_1_275' title='bbox 518 3137 560 3199; x_wconf 87' lang='lat' dir='ltr'><strong>De</strong></span> <span class='ocrx_word' id='word_1_276' title='bbox 584 3139 655 3199; x_wconf 80' lang='lat' dir='ltr'><strong>Filio</strong></span> <span class='ocrx_word' id='word_1_277' title='bbox 689 3149 786 3201; x_wconf 88' lang='lat' dir='ltr'><strong>autern</strong></span> <span class='ocrx_word' id='word_1_278' title='bbox 813 3160 875 3200; x_wconf 92' lang='lat' dir='ltr'><strong>non</strong></span> <span class='ocrx_word' id='word_1_279' title='bbox 902 3140 990 3201; x_wconf 91' lang='lat' dir='ltr'><strong>alium</strong></span> <span class='ocrx_word' id='word_1_280' title='bbox 1020 3158 1107 3219; x_wconf 88' lang='lat' dir='ltr'><strong>quem</strong></span> <span class='ocrx_word' id='word_1_281' title='bbox 1134 3140 1230 3220; x_wconf 88' lang='lat' dir='ltr'><strong>ipsum</strong></span> <span class='ocrx_word' id='word_1_282' title='bbox 1252 3140 1369 3201; x_wconf 86' lang='lat' dir='ltr'><strong>Patrem</strong></span> 
     </span>
     <span class='ocr_line' id='line_1_29' title="bbox 143 3238 1369 3355; baseline -0.003 -49"><span class='ocrx_word' id='word_1_283' title='bbox 143 3245 273 3306; x_wconf 76' lang='lat' dir='ltr'><strong>declarat</strong></span> <span class='ocrx_word' id='word_1_284' title='bbox 307 3241 420 3302; x_wconf 89' lang='lat' dir='ltr'><strong>dicere:</strong></span> <span class='ocrx_word' id='word_1_285' title='bbox 452 3241 501 3302; x_wconf 77' lang='lat' dir='ltr'><strong>Em</strong></span> <span class='ocrx_word' id='word_1_286' title='bbox 527 3249 616 3301; x_wconf 83' lang='lat' dir='ltr'><strong>utero</strong></span> <span class='ocrx_word' id='word_1_287' title='bbox 640 3253 709 3304; x_wconf 79' lang='lat' dir='ltr'><strong>urite</strong></span> <span class='ocrx_word' id='word_1_288' title='bbox 734 3242 895 3321; x_wconf 79' lang='lat' dir='ltr'><strong>inciserunt</strong></span> <span class='ocrx_word' id='word_1_289' title='bbox 916 3245 1008 3320; x_wconf 76' lang='lat' dir='ltr'><strong>gerini</strong></span> <span class='ocrx_word' id='word_1_290' title='bbox 1029 3254 1064 3304; x_wconf 85' lang='lat' dir='ltr'><strong>te.</strong></span> <span class='ocrx_word' id='word_1_291' title='bbox 1108 3240 1147 3303; x_wconf 86' lang='lat' dir='ltr'><strong>Et</strong></span> <span class='ocrx_word' id='word_1_292' title='bbox 1167 3258 1287 3355; x_wconf 56' lang='lat' dir='ltr'><strong>quens:</strong></span> <span class='ocrx_word' id='word_1_293' title='bbox 1315 3238 1369 3302; x_wconf 78' lang='lat' dir='ltr'><strong>n·-</strong></span> 
     </span>
     <span class='ocr_line' id='line_1_30' title="bbox 142 3341 1370 3422; baseline -0.005 -15"><span class='ocrx_word' id='word_1_294' title='bbox 142 3346 203 3407; x_wconf 71' lang='lat' dir='ltr'><strong>uer</strong></span> <span class='ocrx_word' id='word_1_295' title='bbox 237 3363 321 3405; x_wconf 80' lang='lat' dir='ltr'><strong>meus</strong></span> <span class='ocrx_word' id='word_1_296' title='bbox 350 3361 381 3404; x_wconf 79' lang='lat' dir='ltr'><strong>es</strong></span> <span class='ocrx_word' id='word_1_297' title='bbox 411 3354 462 3419; x_wconf 84' lang='lat' dir='ltr'><strong>tu,·</strong></span> <span class='ocrx_word' id='word_1_298' title='bbox 489 3342 550 3420; x_wconf 77' lang='lat' dir='ltr'><strong>Ego</strong></span> <span class='ocrx_word' id='word_1_299' title='bbox 580 3345 665 3406; x_wconf 79' lang='lat' dir='ltr'><strong>hodie</strong></span> <span class='ocrx_word' id='word_1_300' title='bbox 687 3347 779 3422; x_wconf 79' lang='lat' dir='ltr'><strong>genui</strong></span> <span class='ocrx_word' id='word_1_301' title='bbox 799 3355 835 3404; x_wconf 86' lang='lat' dir='ltr'><strong>te.</strong></span> <span class='ocrx_word' id='word_1_302' title='bbox 880 3341 947 3422; x_wconf 89' lang='lat' dir='ltr'><strong>ipse</strong></span> <span class='ocrx_word' id='word_1_303' title='bbox 970 3361 1088 3421; x_wconf 90' lang='lat' dir='ltr'><strong>qnoque</strong></span> <span class='ocrx_word' id='word_1_304' title='bbox 1108 3341 1254 3403; x_wconf 82' lang='lat' dir='ltr'><strong>Dominus</strong></span> <span class='ocrx_word' id='word_1_305' title='bbox 1276 3341 1312 3401; x_wconf 89' lang='lat' dir='ltr'><strong>de</strong></span> <span class='ocrx_word' id='word_1_306' title='bbox 1335 3358 1370 3401; x_wconf 87' lang='lat' dir='ltr'><strong>se</strong></span> 
     </span>
     <span class='ocr_line' id='line_1_31' title="bbox 142 3440 1411 3526; baseline -0.002 -19"><span class='ocrx_word' id='word_1_307' title='bbox 142 3449 208 3526; x_wconf 83' lang='lat' dir='ltr'><strong>ipso</strong></span> <span class='ocrx_word' id='word_1_308' title='bbox 233 3446 265 3506; x_wconf 93' lang='lat' dir='ltr'><strong>in</strong></span> <span class='ocrx_word' id='word_1_309' title='bbox 287 3443 458 3505; x_wconf 87' lang='lat' dir='ltr'><strong>Proverbiis</strong></span> <span class='ocrx_word' id='word_1_310' title='bbox 480 3444 534 3505; x_wconf 89' lang='lat' dir='ltr'><strong>ait:</strong></span> <span class='ocrx_word' id='word_1_311' title='bbox 551 3448 641 3519; x_wconf 59' lang='lat' dir='ltr'><strong>¹»trite</strong></span> <span class='ocrx_word' id='word_1_312' title='bbox 670 3463 769 3506; x_wconf 84' lang='lat' dir='ltr'><strong>omnes</strong></span> <span class='ocrx_word' id='word_1_313' title='bbox 794 3443 884 3517; x_wconf 75' lang='lat' dir='ltr'><strong>enites</strong></span> <span class='ocrx_word' id='word_1_314' title='bbox 906 3455 1031 3520; x_wconf 79' lang='lat' dir='ltr'><strong>generet</strong></span> <span class='ocrx_word' id='word_1_315' title='bbox 1051 3462 1107 3505; x_wconf 85' lang='lat' dir='ltr'><strong>me.</strong></span> <span class='ocrx_word' id='word_1_316' title='bbox 1150 3442 1277 3504; x_wconf 87' lang='lat' dir='ltr'><strong>loannes</strong></span> <span class='ocrx_word' id='word_1_317' title='bbox 1298 3440 1369 3502; x_wconf 91' lang='lat' dir='ltr'><strong>item</strong></span> <span class='ocrx_word' id='word_1_318' title='bbox 1408 3500 1411 3504; x_wconf 79' lang='grc'><strong><em>,</em></strong></span> 
     </span>
     <span class='ocr_line' id='line_1_32' title="bbox 141 3544 1405 3625; baseline -0.004 -17"><span class='ocrx_word' id='word_1_319' title='bbox 141 3548 179 3608; x_wconf 83' lang='lat' dir='ltr'><strong>de</strong></span> <span class='ocrx_word' id='word_1_320' title='bbox 200 3545 289 3608; x_wconf 80' lang='lat' dir='ltr'><strong>factis</strong></span> <span class='ocrx_word' id='word_1_321' title='bbox 313 3553 342 3604; x_wconf 91' lang='lat' dir='ltr'><strong>et</strong></span> <span class='ocrx_word' id='word_1_322' title='bbox 365 3545 470 3606; x_wconf 87' lang='lat' dir='ltr'><strong>creatis</strong></span> <span class='ocrx_word' id='word_1_323' title='bbox 493 3544 582 3606; x_wconf 87' lang='lat' dir='ltr'><strong>rebus</strong></span> <span class='ocrx_word' id='word_1_324' title='bbox 604 3545 650 3605; x_wconf 88' lang='lat' dir='ltr'><strong>sic</strong></span> <span class='ocrx_word' id='word_1_325' title='bbox 670 3544 814 3622; x_wconf 86' lang='lat' dir='ltr'><strong>loquitur:</strong></span> <span class='ocrx_word' id='word_1_326' title='bbox 846 3545 953 3611; x_wconf 83' lang='lat' dir='ltr'><strong>Omnia</strong></span> <span class='ocrx_word' id='word_1_327' title='bbox 972 3549 1151 3625; x_wconf 77' lang='lat' dir='ltr'><strong>peripsum</strong></span> <span class='ocrx_word' id='word_1_328' title='bbox 1173 3546 1257 3625; x_wconf 70' lang='lat' dir='ltr'><strong>forto</strong></span> <span class='ocrx_word' id='word_1_329' title='bbox 1280 3551 1368 3616; x_wconf 77' lang='lat' dir='ltr'><strong>sunt3</strong></span> <span class='ocrx_word' id='word_1_330' title='bbox 1403 3571 1405 3575; x_wconf 39' lang='lat'><strong>¹</strong></span> 
     </span>
     <span class='ocr_line' id='line_1_33' title="bbox 141 3645 1368 3726; baseline -0.005 -16"><span class='ocrx_word' id='word_1_331' title='bbox 141 3647 333 3710; x_wconf 72' lang='lat' dir='ltr'><strong>denomino</strong></span> <span class='ocrx_word' id='word_1_332' title='bbox 366 3655 464 3706; x_wconf 90' lang='lat' dir='ltr'><strong>antem</strong></span> <span class='ocrx_word' id='word_1_333' title='bbox 496 3645 581 3707; x_wconf 89' lang='lat' dir='ltr'><strong>dicit:</strong></span> <span class='ocrx_word' id='word_1_334' title='bbox 619 3645 794 3726; x_wconf 73' lang='lat' dir='ltr'><strong>[inigenitus</strong></span> <span class='ocrx_word' id='word_1_335' title='bbox 818 3646 929 3718; x_wconf 81' lang='lat' dir='ltr'><strong>Filius,</strong></span> <span class='ocrx_word' id='word_1_336' title='bbox 964 3651 1016 3726; x_wconf 83' lang='lat' dir='ltr'><strong>qui</strong></span> <span class='ocrx_word' id='word_1_337' title='bbox 1042 3649 1141 3725; x_wconf 78' lang='lat' dir='ltr'><strong>satin</strong></span> <span class='ocrx_word' id='word_1_338' title='bbox 1162 3645 1368 3716; x_wconf 49' lang='lat' dir='ltr'><strong>sinu‘Potria,</strong></span> 
     </span>
     <span class='ocr_line' id='line_1_34' title="bbox 140 3744 1370 3831; baseline -0.007 -18"><span class='ocrx_word' id='word_1_339' title='bbox 140 3755 206 3831; x_wconf 76' lang='lat' dir='ltr'><strong>ipae</strong></span> <span class='ocrx_word' id='word_1_340' title='bbox 228 3752 401 3810; x_wconf 83' lang='lat' dir='ltr'><strong>ennrronr&#39;t.</strong></span> <span class='ocrx_word' id='word_1_341' title='bbox 445 3745 547 3824; x_wconf 83' lang='lat' dir='ltr'><strong>ltaque</strong></span> <span class='ocrx_word' id='word_1_342' title='bbox 570 3747 595 3808; x_wconf 91' lang='lat' dir='ltr'><strong>si</strong></span> <span class='ocrx_word' id='word_1_343' title='bbox 618 3747 695 3807; x_wconf 78' lang='lat' dir='ltr'><strong>trtius</strong></span> <span class='ocrx_word' id='word_1_344' title='bbox 719 3756 773 3819; x_wconf 88' lang='lat' dir='ltr'><strong>est,</strong></span> <span class='ocrx_word' id='word_1_345' title='bbox 797 3767 857 3808; x_wconf 92' lang='lat' dir='ltr'><strong>non</strong></span> <span class='ocrx_word' id='word_1_346' title='bbox 880 3760 927 3809; x_wconf 81' lang='lat' dir='ltr'><strong>est</strong></span> <span class='ocrx_word' id='word_1_347' title='bbox 948 3767 997 3809; x_wconf 86' lang='lat' dir='ltr'><strong>res</strong></span> <span class='ocrx_word' id='word_1_348' title='bbox 1019 3744 1126 3820; x_wconf 76' lang='lat' dir='ltr'><strong>creata,</strong></span> <span class='ocrx_word' id='word_1_349' title='bbox 1149 3745 1176 3808; x_wconf 88' lang='lat' dir='ltr'><strong>si</strong></span> <span class='ocrx_word' id='word_1_350' title='bbox 1197 3753 1299 3807; x_wconf 85' lang='lat' dir='ltr'><strong>contra</strong></span> <span class='ocrx_word' id='word_1_351' title='bbox 1320 3762 1370 3805; x_wconf 86' lang='lat' dir='ltr'><strong>res</strong></span> 
     </span>
     <span class='ocr_line' id='line_1_35' title="bbox 142 3847 1371 3927; baseline -0.006 -14"><span class='ocrx_word' id='word_1_352' title='bbox 142 3862 243 3913; x_wconf 82' lang='lat' dir='ltr'><strong>ereata</strong></span> <span class='ocrx_word' id='word_1_353' title='bbox 272 3857 336 3921; x_wconf 90' lang='lat' dir='ltr'><strong>est,</strong></span> <span class='ocrx_word' id='word_1_354' title='bbox 366 3866 426 3908; x_wconf 93' lang='lat' dir='ltr'><strong>non</strong></span> <span class='ocrx_word' id='word_1_355' title='bbox 450 3856 497 3908; x_wconf 87' lang='lat' dir='ltr'><strong>est</strong></span> <span class='ocrx_word' id='word_1_356' title='bbox 518 3857 598 3909; x_wconf 89' lang='lat' dir='ltr'><strong>certe</strong></span> <span class='ocrx_word' id='word_1_357' title='bbox 621 3847 714 3923; x_wconf 82' lang='lat' dir='ltr'><strong>iilius3</strong></span> <span class='ocrx_word' id='word_1_358' title='bbox 746 3848 891 3927; x_wconf 87' lang='lat' dir='ltr'><strong>siquidem</strong></span> <span class='ocrx_word' id='word_1_359' title='bbox 914 3849 1072 3927; x_wconf 89' lang='lat' dir='ltr'><strong>plurimum</strong></span> <span class='ocrx_word' id='word_1_360' title='bbox 1095 3868 1143 3910; x_wconf 86' lang='lat' dir='ltr'><strong>res</strong></span> <span class='ocrx_word' id='word_1_361' title='bbox 1166 3847 1213 3909; x_wconf 88' lang='lat' dir='ltr'><strong>iila</strong></span> <span class='ocrx_word' id='word_1_362' title='bbox 1236 3848 1314 3908; x_wconf 89' lang='lat' dir='ltr'><strong>inter</strong></span> <span class='ocrx_word' id='word_1_363' title='bbox 1336 3863 1371 3907; x_wconf 87' lang='lat' dir='ltr'><strong>se</strong></span> 
     </span>
    </p>
   </div>
   <div class='ocr_carea' id='block_1_4' title="bbox 143 4124 1368 4337">
    <p class='ocr_par' dir='ltr' id='par_1_5' title="bbox 143 4124 1368 4337">
     <span class='ocr_line' id='line_1_36' title="bbox 173 4124 1368 4199; baseline -0.009 -12"><span class='ocrx_word' id='word_1_364' title='bbox 173 4143 197 4187; x_wconf 86' lang='lat' dir='ltr'><strong>h.</strong></span> <span class='ocrx_word' id='word_1_365' title='bbox 218 4140 258 4187; x_wconf 74' lang='lat' dir='ltr'><strong>Sir</strong></span> <span class='ocrx_word' id='word_1_366' title='bbox 278 4141 333 4199; x_wconf 75' lang='lat' dir='ltr'><strong>neg.</strong></span> <span class='ocrx_word' id='word_1_367' title='bbox 370 4140 416 4188; x_wconf 75' lang='lat' dir='ltr'><strong>diii</strong></span> <span class='ocrx_word' id='word_1_368' title='bbox 442 4151 498 4185; x_wconf 83' lang='lat' dir='ltr'><strong>vero</strong></span> <span class='ocrx_word' id='word_1_369' title='bbox 525 4144 547 4184; x_wconf 88' lang='lat' dir='ltr'><strong>et</strong></span> <span class='ocrx_word' id='word_1_370' title='bbox 571 4137 628 4185; x_wconf 88' lang='lat' dir='ltr'><strong>editi</strong></span> <span class='ocrx_word' id='word_1_371' title='bbox 647 4128 684 4188; x_wconf 77' lang='grc' dir='ltr'><strong>εἷς</strong></span> <span class='ocrx_word' id='word_1_372' title='bbox 703 4129 733 4181; x_wconf 80' lang='grc' dir='ltr'><strong>τὸ</strong></span> <span class='ocrx_word' id='word_1_373' title='bbox 787 4125 977 4183; x_wconf 78' lang='grc' dir='ltr'><em>οἷκίανεῖκόνα</em></span> <span class='ocrx_word' id='word_1_374' title='bbox 989 4129 1191 4190; x_wconf 54' lang='lat' dir='ltr'><strong>contritorem,</strong></span> <span class='ocrx_word' id='word_1_375' title='bbox 1205 4126 1254 4182; x_wconf 85' lang='grc' dir='ltr'><strong>τὸν</strong></span> <span class='ocrx_word' id='word_1_376' title='bbox 1265 4127 1292 4182; x_wconf 76' lang='grc' dir='ltr'><strong>δὲ</strong></span> <span class='ocrx_word' id='word_1_377' title='bbox 1307 4124 1368 4179; x_wconf 79' lang='grc' dir='ltr'>υἱόν</span> 
     </span>
     <span class='ocr_line' id='line_1_37' title="bbox 143 4201 1296 4280; baseline -0.005 -26"><span class='ocrx_word' id='word_1_378' title='bbox 143 4201 229 4269; x_wconf 60' lang='grc' dir='ltr'><em>ῥητὸν</em></span> <span class='ocrx_word' id='word_1_379' title='bbox 246 4206 327 4253; x_wconf 79' lang='grc' dir='ltr'><em>τοῦτο</em></span> <span class='ocrx_word' id='word_1_380' title='bbox 347 4201 573 4272; x_wconf 62' lang='grc' dir='ltr'><em>σι’μραλέτωσαν.</em></span> <span class='ocrx_word' id='word_1_381' title='bbox 713 4262 720 4280; x_wconf 38' lang='lat' dir='ltr'><strong><em>l</em></strong></span> <span class='ocrx_word' id='word_1_382' title='bbox 787 4204 876 4252; x_wconf 90' lang='lat' dir='ltr'><strong>omissa</strong></span> <span class='ocrx_word' id='word_1_383' title='bbox 895 4205 992 4253; x_wconf 81' lang='lat' dir='ltr'><strong>suntin</strong></span> <span class='ocrx_word' id='word_1_384' title='bbox 1011 4204 1066 4263; x_wconf 84' lang='lat' dir='ltr'><strong>iieg.</strong></span> <span class='ocrx_word' id='word_1_385' title='bbox 1286 4216 1296 4225; x_wconf 87' lang='lat'><strong>·</strong></span> 
     </span>
     <span class='ocr_line' id='line_1_38' title="bbox 176 4273 736 4337; baseline -0.016 -13"><span class='ocrx_word' id='word_1_386' title='bbox 176 4293 195 4324; x_wconf 82' lang='lat' dir='ltr'><strong>t.</strong></span> <span class='ocrx_word' id='word_1_387' title='bbox 215 4277 255 4326; x_wconf 89' lang='lat' dir='ltr'><strong>Sic</strong></span> <span class='ocrx_word' id='word_1_388' title='bbox 274 4278 330 4337; x_wconf 82' lang='lat' dir='ltr'><strong>iic-g.</strong></span> <span class='ocrx_word' id='word_1_389' title='bbox 372 4280 402 4325; x_wconf 74' lang='lat' dir='ltr'><strong>At</strong></span> <span class='ocrx_word' id='word_1_390' title='bbox 427 4275 470 4324; x_wconf 87' lang='lat' dir='ltr'><strong>aiii</strong></span> <span class='ocrx_word' id='word_1_391' title='bbox 497 4282 520 4322; x_wconf 91' lang='lat' dir='ltr'><strong>et</strong></span> <span class='ocrx_word' id='word_1_392' title='bbox 548 4273 604 4321; x_wconf 89' lang='lat' dir='ltr'><strong>editi</strong></span> <span class='ocrx_word' id='word_1_393' title='bbox 631 4283 736 4335; x_wconf 66' lang='lat' dir='ltr'><strong>norper-</strong></span> 
     </span>
    </p>
   </div>
   <div class='ocr_carea' id='block_1_5' title="bbox 143 4338 734 4464">
    <p class='ocr_par' dir='ltr' id='par_1_6' title="bbox 143 4338 734 4464">
     <span class='ocr_line' id='line_1_39' title="bbox 143 4338 208 4391; baseline -0.031 0"><span class='ocrx_word' id='word_1_394' title='bbox 143 4338 208 4391; x_wconf 75' lang='grc' dir='ltr'><strong><em>ἔστι.</em></strong></span> 
     </span>
     <span class='ocr_line' id='line_1_40' title="bbox 176 4403 734 4464; baseline -0.014 -4"><span class='ocrx_word' id='word_1_395' title='bbox 176 4415 198 4460; x_wconf 87' lang='lat' dir='ltr'><strong>d.</strong></span> <span class='ocrx_word' id='word_1_396' title='bbox 219 4414 280 4461; x_wconf 82' lang='lat' dir='ltr'><strong>ilaec</strong></span> <span class='ocrx_word' id='word_1_397' title='bbox 299 4414 370 4461; x_wconf 82' lang='lat' dir='ltr'><strong>rerba</strong></span> <span class='ocrx_word' id='word_1_398' title='bbox 381 4404 528 4464; x_wconf 69' lang='grc' dir='ltr'><strong><em>κτίζισθαι</em></strong></span> <span class='ocrx_word' id='word_1_399' title='bbox 538 4403 582 4454; x_wconf 79' lang='grc' dir='ltr'><strong>καὶ</strong></span> <span class='ocrx_word' id='word_1_400' title='bbox 592 4406 734 4455; x_wconf 80' lang='grc' dir='ltr'><strong><em>ποιεῖσθαι</em></strong></span> 
     </span>
    </p>
   </div>
   <div class='ocr_carea' id='block_1_6' title="bbox 142 4467 1069 4545">
    <p class='ocr_par' dir='ltr' id='par_1_7' title="bbox 142 4467 1069 4545">
     <span class='ocr_line' id='line_1_41' title="bbox 142 4467 1069 4545; baseline -0.009 -18"><span class='ocrx_word' id='word_1_401' title='bbox 142 4474 219 4545; x_wconf 74' lang='grc' dir='ltr'><strong>παρὰ</strong></span> <span class='ocrx_word' id='word_1_402' title='bbox 236 4479 283 4529; x_wconf 75' lang='grc' dir='ltr'><strong>τοῦ</strong></span> <span class='ocrx_word' id='word_1_403' title='bbox 301 4472 408 4537; x_wconf 73' lang='lat' dir='ltr'><strong>odron,</strong></span> <span class='ocrx_word' id='word_1_404' title='bbox 431 4467 497 4524; x_wconf 74' lang='grc' dir='ltr'><strong>οὐδὲ</strong></span> <span class='ocrx_word' id='word_1_405' title='bbox 516 4468 596 4523; x_wconf 77' lang='grc' dir='ltr'><strong><em>πάλιν</em></strong></span> <span class='ocrx_word' id='word_1_406' title='bbox 613 4469 664 4534; x_wconf 67' lang='lat' dir='ltr'><strong>11¹1ss</strong></span> <span class='ocrx_word' id='word_1_407' title='bbox 680 4468 733 4540; x_wconf 80' lang='grc' dir='ltr'><strong>μὲν</strong></span> <span class='ocrx_word' id='word_1_408' title='bbox 822 4475 839 4524; x_wconf 88' lang='lat' dir='ltr'><strong>i.</strong></span> <span class='ocrx_word' id='word_1_409' title='bbox 858 4474 914 4536; x_wconf 83' lang='lat' dir='ltr'><strong>Reg.</strong></span> <span class='ocrx_word' id='word_1_410' title='bbox 933 4467 1069 4539; x_wconf 70' lang='grc' dir='ltr'><em>τυγχάνει.</em></span> 
     </span>
    </p>
   </div>
   <div class='ocr_carea' id='block_1_7' title="bbox 787 4295 1371 4420">
    <p class='ocr_par' dir='ltr' id='par_1_8' title="bbox 787 4295 1371 4420">
     <span class='ocr_line' id='line_1_42' title="bbox 821 4295 1371 4381; baseline -0.007 -30"><span class='ocrx_word' id='word_1_411' title='bbox 821 4319 841 4381; x_wconf 77' lang='lat' dir='ltr'><strong>e.</strong></span> <span class='ocrx_word' id='word_1_412' title='bbox 861 4304 901 4351; x_wconf 89' lang='lat' dir='ltr'><strong>Sic</strong></span> <span class='ocrx_word' id='word_1_413' title='bbox 919 4305 974 4364; x_wconf 87' lang='lat' dir='ltr'><strong>iieg.</strong></span> <span class='ocrx_word' id='word_1_414' title='bbox 1011 4304 1089 4353; x_wconf 86' lang='lat' dir='ltr'><strong>Ceteri</strong></span> <span class='ocrx_word' id='word_1_415' title='bbox 1109 4312 1186 4353; x_wconf 84' lang='lat' dir='ltr'><strong>autern</strong></span> <span class='ocrx_word' id='word_1_416' title='bbox 1206 4311 1229 4353; x_wconf 88' lang='lat' dir='ltr'><strong>et</strong></span> <span class='ocrx_word' id='word_1_417' title='bbox 1247 4303 1302 4352; x_wconf 90' lang='lat' dir='ltr'><strong>editi</strong></span> <span class='ocrx_word' id='word_1_418' title='bbox 1322 4295 1371 4349; x_wconf 75' lang='grc' dir='ltr'><strong>τόν</strong></span> 
     </span>
     <span class='ocr_line' id='line_1_43' title="bbox 787 4380 907 4420; baseline 0 -1"><span class='ocrx_word' id='word_1_419' title='bbox 787 4380 907 4420; x_wconf 84' lang='lat' dir='ltr'><strong>omittunt.</strong></span> 
     </span>
    </p>
   </div>
   <div class='ocr_carea' id='block_1_8' title="bbox 0 0 1478 5092">
    <p class='ocr_par' dir='ltr' id='par_1_9' title="bbox 0 0 1478 5092">
     <span class='ocr_line' id='line_1_44' title="bbox 0 0 1478 5092; baseline 0 0"><span class='ocrx_word' id='word_1_420' title='bbox 0 0 1478 5092; x_wconf 95' lang='lat' dir='ltr'><strong> </strong></span> 
     </span>
    </p>
   </div>
  </div>
 </body>
</html>
