2934 5078
467 254 612 299 urrerem
627 256 665 298 rr.
687 254 724 298 in
745 254 939 315 smeropsu.
1223 242 1283 307 eol

70 431 151 484 ecre,
188 413 347 479 bominem,
368 410 429 488 qui
454 410 610 470 ueritatem
636 407 721 469 vebia
748 405 1002 489 toqoocomoo,
1030 427 1117 489 qccm
1143 410 1247 472 oudini
1267 426 1368 473 arou.

67 511 204 577 Petrai·
230 512 651 589 nascentem-nequaquam
678 508 794 573 divisim
821 510 895 570 iacta
929 519 999 571 sunt
1031 511 1110 572 iuxta
1138 521 1285 591 gestarum

69 632 171 677 rerum
193 616 356 685 rationem,
372 612 424 673 -ita
446 621 574 692 nt.quae
596 629 613 672 a
634 628 760 691 corpore
781 611 901 684 fierent,
930 611 997 673 sine
1019 612 1184 685 divinitate,
1213 631 1287 693 quae

69 725 170 779 autem
192 735 210 778 a
231 714 397 787 divinitate,
424 714 489 776 sine
510 718 636 797 corpore
656 711 881 786 exhiberentum
909 712 961 775 sed
988 713 1166 776 coniunctim
1180 715 1287 777 >omnia

70 819 247 899 agebantur,
267 824 296 879 et
317 831 393 879 unns
417 814 654 889 multominus,
675 814 782 895 quiea
802 813 979 900 mirabiliter·
995 834 1049 895 per
1071 832 1154 877 suam
1175 816 1285 879 efficie-

68 922 123 984 bat
142 910 275 1000 gratiam.
320 917 547 998 Spuebat‘enim
569 924 603 978 ut
623 917 725 1013 bomo,
748 924 868 996 sputum
881 918 1124 979 tamen-divinum
1139 926 1210 988 erat,
1232 936 1287 998 per

67 1024 170 1105 ipsum
192 1021 302 1102 quippe
333 1039 420 1083 caeco
443 1020 629 1081 anativitate
650 1017 747 1080 visum
767 1018 905 1080 restituit
948 1019 986 1080 Et
1013 1039 1077 1081 eum
1105 1020 1192 1082 vellet
1217 1040 1287 1083 sese

67 1126 167 1219 Deum
186 1122 335 1197 exhibere,
358 1123 484 1184 humana
505 1122 603 1200 lingua
626 1120 754 1201 idipsum
776 1120 943 1200 significans
965 1121 1075 1182 aiebat:
1097 1121 1159 1202 Epo
1179 1135 1208 1184 et
1225 1122 1369 1184 Pac-reos.

68 1240 121 1292 ter
139 1246 236 1288 uuum
256 1245 371 1300 matus,
395 1224 517 1304 solaque
538 1224 762 1284 voluntatesua
785 1222 915 1283 sanabat.
950 1222 1121 1285 'Humanam
1137 1223 1205 1287 item
1220 1244 1294 1305 ma·¹

68 1346 144 1389 num
172 1327 334 1389 extendens
364 1313 483 1387 socrum
511 1324 591 1386 Petri
616 1323 829 1402 febricitantem
863 1321 971 1397 erexit,
1005 1334 1033 1386 et
1059 1325 1286 1406 Archispaagogi
1322 1397 1326 1409 ,

69 1430 160 1493 liliam
181 1429 239 1491 iam
262 1430 428 1490 defunctam
448 1445 466 1497 a
488 1427 799 1491 mortuiseuscitavit.
861 1452 863 1457 v
1309 1442 1312 1447 ·

63 1752 161 1815 porea
182 1733 342 1795 Salvatoris
370 1732 564 1811 respicientes
592 1738 735 1810 negarunt
756 1730 841 1791 illud:
873 1730 912 1792 ln
936 1734 1087 1811 principib
1115 1745 1183 1795 crat
1214 1731 1287 1793 Ver-

65 1836 153 1906 bum,
183 1835 230 1896 alii
253 1854 328 1913 quae
349 1833 511 1896 divinitatis
533 1840 604 1893 sunt
623 1840 788 1911 spectantes
810 1833 1022 1912 ignoraverunt
1041 1832 1129 1894 illud:
1162 1833 1287 1897 Verbum

65 1955 143 2001 caro
165 1938 283 2016 sectum
304 1946 358 1998 eat.
402 1934 452 1994 l'ir
473 1941 572 1994 autem
593 1931 687 1995 fidelis
709 1941 739 1995 et
758 1932 967 2012 Apostolicus‚
990 1952 1096 2012 gnarus
1118 1934 1287 1997 Dominicae

63 2038 268 2117 benignitatis,
291 2037 340 2099 nbi
363 2036 508 2115 conspicit
529 2035 804 2114 divinitatissigna,
826 2035 950 2097 miratur
970 2055 1037 2098 enm
1052 2037 1146 2115 quiin
1161 2055 1287 2117 corpore

65 2148 117 2203 est
138 2139 306 2201 Dominum.
350 2138 466 2199 Rursus
490 2155 556 2198 cum
577 2156 627 2210 ea,
648 2154 724 2216 quae
746 2137 864 2216 corpori
886 2146 957 2198 sunt
976 2140 1113 2217 propria,
1146 2138 1286 2213 intuetur,

65 2239 256 2321 obstupescit
277 2240 479 2302 animadversa
500 2239 530 2299 in
552 2239 610 2300 illis
632 2238 792 2300 divinitatis
815 2239 952 2300 efficacia.
996 2239 1147 2301 Eiusmodi
1168 2259 1233 2303 cnm
1248 2242 1288 2303 sit

64 2342 276 2407 Eodesiastica
297 2341 382 2414 fides,
404 2339 456 2401 ubi
478 2338 597 2419 quidam
617 2339 744 2401 humana
766 2346 935 2418 spectantes
949 2339 1107 2401 Dominum
1128 2340 1287 2427 videntei-

65 2446 192 2507 tientem
214 2443 260 2504 vel
282 2441 463 2503 laborantem
485 2440 530 2501 vel
552 2441 721 2521 patientem,
744 2434 774 2501 et
788 2440 931 2502 Salvatori
948 2441 1028 2503 velut
1048 2442 1285 2509 hominieobtrc·

65 2553 159 2620 etant,
182 2563 361 2624 magnopere
383 2543 502 2622 quidem
524 2550 656 2621 peccant,
675 2553 804 2623 possunt
818 2549 914 2603 tamen
929 2543 1064 2604 celeriter
1076 2542 1287 2622 poenitentiam

66 2648 185 2729 agendo
208 2647 321 2708 reniam
346 2644 505 2723 consequi,
535 2663 601 2706 cunr
628 2644 756 2705 habeant
775 2661 830 2724 pro
853 2644 1039 2706 excreatione
1060 2643 1288 2707 imbecillitatem

65 2750 219 2829 corporis.
264 2747 349 2826 [Cum
371 2746 497 2807 maxime
517 2746 680 2825 Apostolus
701 2747 813 2807 veniam
837 2747 881 2808 eis
902 2748 1052 2820 concedat,
1076 2756 1106 2808 et
1122 2749 1206 2827 quasi
1221 2766 1286 2810 ma-

65 2870 142 2913 num
163 2851 221 2913 illis
242 2850 375 2930 porrigat
396 2849 468 2909 haec
489 2848 632 2929 dicendog
657 2848 774 2913 lleaerc
800 2867 942 2927 magnum
969 2860 1015 2911 est
1032 2854 1155 2930 pietatis
1176 2859 1288 2929 augete*

66 2956 168 3024 rium,
197 2951 280 3014 Deua
301 2952 515 3030 manifestatus
537 2942 646 3043 estf-
659 2951 773 3028 carue]
817 2949 889 3011 Cum
919 2958 1015 3013 autem
1042 2969 1148 3013 rursus
1170 2951 1288 3031 quidam

67 3053 231 3117 divinitatis
259 3072 350 3133 opera
378 3052 601 3114 considerantes
629 3051 827 3113 dubitaverint
854 3052 890 3113 de
918 3053 1053 3131 corporis
1080 3060 1200 3126 natura,
1228 3053 1287 3132 ipsi

67 3174 190 3237 quoque
211 3156 342 3217 maxime·
358 3163 493 3234 peccant,
523 3154 602 3232 qnod
629 3152 698 3215 licet
725 3171 792 3214 eum
820 3153 938 3215 videant
959 3153 1159 3215 comedentem
1183 3163 1210 3216 et
1232 3173 1287 3234 pa·

67 3260 209 3338 dentem,
235 3258 411 3338 phantasma
438 3255 629 3331 nihilominus
655 3254 752 3334 ipsum
782 3254 977 3329 arbitrentur3
1008 3274 1110 3323 rerum
1137 3256 1195 3317 illis
1218 3256 1288 3318 item

67 3360 130 3423 cito
153 3359 398 3438 resipiscentibus
421 3358 535 3419 veniam
558 3357 694 3419 Christus
715 3357 827 3418 donare
847 3365 962 3437 potest,
990 3357 1070 3436 quod
1097 3367 1127 3419 et
1154 3358 1212 3438 ipsi
1233 3376 1288 3438 pro

68 3454 262 3525 excusatione
285 3461 413 3522 habeant
433 3460 663 3539 magnitudinem
686 3477 809 3538 operum
835 3458 965 3521 hominis
993 3468 1169 3539 potestatem
1201 3478 1287 3522 exce-

68 3563 215 3628 dentium.
258 3564 366 3628 Verum
388 3571 581 3642 posteaquam
602 3564 796 3640 utrorumque
818 3561 963 3625 iristitiam
985 3570 1015 3623 et
1046 3563 1212 3645 caecitatem
1234 3580 1288 3624 su-

67 3742 259 3801 ἇπαιδευσίαν.
298 3750 359 3798 Editi
385 3756 407 3798 et
429 3750 500 3797 ceteri
519 3750 599 3798 minus
617 3764 656 3798 re·
708 3748 892 3809 tinsglossema
911 3748 1034 3798 cuiusdam
1053 3750 1199 3805 elimasse,
1218 3761 1289 3810 qnam

68 3828 108 3871 ete
126 3811 197 3867 κατὰ
215 3812 265 3876 τὴν
278 3809 351 3865 ἰδίαν
359 3810 509 3865 natdwco.
530 3818 588 3865 ibid.
601 3817 656 3866 edit.
706 3816 828 3866 Athanasii
846 3817 925 3865 rerba.
953 3816 1167 3866 Placuittamenea
1178 3817 1289 3874 retinere,

67 3887 191 3939 Commel.
203 3886 339 3936 etl'elclcm.
351 3885 374 3934 2.
392 3878 525 3949 ἐμάνισαν
535 3885 657 3934 mendose.
709 3898 761 3934 cnm
787 3883 935 3946 exploratum
960 3886 1057 3934 omnino
1076 3899 1123 3933 non
1141 3885 1185 3941 sit,
1210 3884 1289 3932 sintne

99 3972 129 4020 g,
148 3962 183 4018 τά
201 3971 268 4019 deest
286 3971 309 4018 ῃ]
328 3972 428 4031 Ques,
710 3952 842 4011 adiectum,
861 3966 890 4000 an
909 3966 963 4001 cnm
981 3954 1005 4002 in
1023 3953 1076 4002 aliis
1094 3951 1216 4001 codicibus
1234 3950 1288 3999 vitio

455 4051 467 4070 a
571 4055 577 4071 .
639 4055 647 4072 ,
709 4020 843 4068 acribarum
863 4020 951 4069 omissa
970 4021 1087 4073 luissent.
1111 4020 1140 4068 ad
1159 4020 1228 4067 luins
1246 4032 1288 4067 co·

105 4080 128 4114 ⁶·
146 4063 244 4115 omes·
263 4061 401 4112 ⁰¹F⁰¹⁶k¹¹L
414 4063 436 4110 ¹·
454 4055 534 4138 ‘⁰:⁰³⁶‘
551 4075 600 4109 ¹⁰⁹
615 4075 659 4111 ’ν’
710 4088 769 4136 dicis
794 4087 924 4148 marginem
943 4091 1050 4137 restituta
1069 4088 1130 4148 slnt3
1154 4086 1217 4149 qnod
1241 4098 1289 4135 non

67 4146 135 4211 (Ψ
160 4125 195 4179 ’ἃ
222 4123 422 4211 ὀὗ,σώμαόξ
444 4142 595 4194 ”““ἶ””’“’
613 4123 658 4179 ²⁶²
706 4154 782 4204 semel
808 4155 916 4204 vidimus.
951 4156 977 4205 ln
1001 4156 1112 4205 omnibns
1136 4155 1204 4204 editis
1229 4153 1288 4203 haec

66 4213 161 4269 ΨΜ
179 4193 385 4265 mmmm
402 4212 439 4251 ως
456 4208 501 4248 ‘³¹⁰'
709 4224 792 4273 cadem
811 4224 937 4272 habentur.

12 4342 21 4359 ,
104 4294 123 4344 i.
150 4292 229 4351 llaec,
253 4289 314 4356 qnae
332 4292 425 4343 uncinis
443 4290 596 4341 includuntur
615 4306 657 4341 us·
741 4306 764 4353 g.
783 4292 838 4352 Reg.
863 4292 962 4353 Segner.
987 4289 1084 4341 Gcbler.
1103 4298 1126 4338 et
1143 4289 1246 4338 Felclcm.
1266 4287 1289 4337 l.

66 4377 119 4429 qne
137 4361 169 4411 ad
186 4354 216 4409 ἐν
233 4354 328 4426 σαρκί,
348 4362 371 4409 in
390 4359 462 4409 nullis
480 4360 602 4410 codicibus
621 4360 657 4409 le·
708 4351 868 4408 διστάσωσι.
902 4359 991 4420 anglic.
1011 4367 1034 4407 et
1048 4358 1151 4407 Felclm.
1162 4356 1184 4406 2.
1198 4350 1290 4404 deord-

67 4439 163 4497 gnatnr
179 4436 348 4494 praeterquam
367 4429 390 4476 in
410 4426 549 4477 Felclm.2.
570 4428 608 4477 ubl
627 4428 657 4478 ad
708 4424 781 4482 ξωσι.
818 4426 891 4477 ltasil.
915 4434 938 4476 et
961 4427 1016 4474 edit.
1041 4425 1116 4475 Paris.
1135 4417 1289 4482 διστάζωσι.

67 4499 208 4562 arginem
225 4503 282 4547 sunt
298 4497 400 4561 scriptu
420 4495 599 4547 underidentur
610 4510 657 4561 po·
707 4495 769 4547 Edit.
787 4494 904 4546 Comensi.
922 4485 1093 4553 δωτάξουσι,

103 4587 236 4630 banasam
248 4594 301 4627 err.
314 4594 387 4627 noca.
398 4594 447 4627 ιιι.
1053 4577 1085 4629 51
