2948 5092
468 267 575 311 oacrio
592 268 629 310 rr.
648 269 763 312 conraa
776 267 910 312 sunnon.
1218 254 1279 318 665

151 424 203 486 36.
247 420 339 482 Suum
366 418 463 497 itaque
492 436 623 479 errorem
651 417 738 480 etiam
767 418 893 497 corrigat
924 419 1031 480 Paulus
1053 418 1278 494 samosatensis,
1288 432 1364 480 m

60 523 164 585 (lirina
180 521 339 583 salvatoris
355 538 426 580 voce
447 518 543 580 audita
558 519 699 583 dicentis:
724 495 840 599 Corpo's
855 540 960 591 meum,
983 539 1042 581 non
1058 529 1154 582 autem
1171 520 1280 594 „Chri-
1349 593 1351 597 y

61 632 191 697 „stum,
220 621 269 700 qui
292 621 366 683 elius
388 629 433 682 est
455 640 470 681 a
493 638 555 692 me,
584 621 633 700 qui
662 639 727 683 sum
750 620 891 694 Verbum,
919 621 971 682 sed
994 623 1044 701 qui
1067 621 1144 683 idem
1166 640 1281 684 mecum

63 733 153 800 „est
176 733 205 786 et
226 741 280 802 ego
302 741 369 784 cum
391 740 438 782 eo.
481 720 543 800 Ego
566 722 645 782 enim
666 721 795 783 Verbum
817 740 882 783 sum
905 730 1102 801 unguentum,
1125 723 1204 802 quod
1225 742 1279 785 au-

63 836 154 900 „tem
182 844 197 886 a
220 843 266 885 me
288 832 406 886 unctum
429 831 490 895 est,
524 823 614 883 homo
637 831 700 896 est;
731 832 909 902 quapropter
930 823 1040 884 Unctus
1062 824 1124 885 sivo
1146 824 1281 886 Christus

63 926 162 1002 „sine
183 944 230 986 me
252 923 371 985 minime
394 919 523 997 dicatur,
555 923 609 984 sed
636 924 687 1002 qui
714 943 827 987 mecum
851 933 897 986 est
919 923 999 985 etin
1020 943 1079 1003 quo
1102 944 1157 1004 ego
1182 931 1280 987 sum.“

61 1027 166 1106 ltaque
188 1026 290 1087 missio
313 1024 360 1085 illa
375 1023 461 1085 Verbi
484 1023 645 1102 significata
667 1024 730 1087 cius
753 1025 862 1087 indicat
876 1025 1113 1087 coniunctionem
1132 1046 1198 1088 cum
1212 1027 1282 1088 lesu

64 1148 103 1190 cx
125 1127 213 1188 llario
235 1134 383 1198 assumto,
406 1125 456 1204 qui
479 1124 611 1188 Salvator
632 1125 753 1199 dicitur,
782 1145 841 1187 non
863 1125 949 1187 aliam
970 1145 1042 1188 sane
1065 1127 1103 1188 oh
1125 1127 1280 1202 rationem,

62 1247 154 1309 quam
184 1228 262 1308 quod
290 1246 355 1289 cum
377 1227 438 1288 lleo
461 1226 557 1287 Verbo
586 1227 626 1288 sit
653 1228 835 1289 coniunctus.
879 1227 959 1288 luem
981 1228 1106 1307 proinde
1129 1229 1211 1290 locus
1233 1228 1282 1290 ille

62 1329 211 1410 significat
231 1338 317 1408 atque
338 1328 411 1389 haec
432 1326 534 1389 rerba:
571 1328 634 1401 Qui
657 1333 739 1391 misit
765 1347 810 1390 me
831 1327 936 1400 Potor,
965 1337 994 1390 et
1014 1331 1038 1390 A
1060 1350 1105 1392 me
1132 1335 1197 1410 ipso
1220 1348 1282 1393 non

64 1435 146 1506 veni,
169 1431 220 1492 aad
241 1430 333 1500 Pater
353 1449 399 1490 me
419 1432 509 1491 misit.
555 1428 673 1491 Scilicet
693 1447 778 1490 suam
804 1448 870 1490 cum
892 1429 1012 1491 homine
1033 1430 1282 1508 coniunctionem,

63 1550 194 1612 quocum
216 1530 368 1592 invisibilis
392 1539 494 1591 natura
521 1549 575 1609 per
596 1529 740 1592 risibilem
768 1539 836 1591 nota
864 1531 1032 1592 hominibus
1059 1550 1127 1594 esse
1155 1541 1282 1612 poterat,

63 1632 241 1696 missionem
262 1631 425 1711 appellarit.
470 1630 530 1692 Nec
551 1632 629 1692 enim
651 1632 714 1693 loca
736 1631 857 1692 mutarit
878 1631 957 1693 lleus
984 1631 1037 1707 (uti
1059 1651 1116 1695 nos
1138 1634 1186 1712 qui
1209 1633 1283 1694 locis

62 1734 300 1819 abscondimur),
324 1752 389 1794 cum
410 1728 531 1797 nostrae
552 1732 703 1811 parvitatis
722 1740 843 1813 'accepta
864 1734 956 1812 ligura
978 1734 1008 1793 in
1025 1752 1111 1795 carne
1127 1734 1240 1796 exstitit
1253 1742 1285 1796 et

62 1835 209 1916 apparuit.
255 1835 412 1907 Quomodo
436 1834 514 1896 enim
536 1833 565 1894 id
588 1832 628 1894 illi
649 1842 753 1912 posset
774 1834 919 1908 accidere,
952 1835 1001 1913 qui
1030 1835 1141 1897 caelum
1170 1844 1199 1898 et
1220 1843 1283 1897 ter-
1364 1821 1369 1829 ”

31 1952 131 2000 'ram
152 1933 281 2014 impleti·
330 1935 436 1996 Verum
458 1934 526 1997 iusti
547 1943 671 2014 proptor
691 1935 756 1997 eius
779 1935 809 1996 in
831 1954 919 1998 carne
941 1937 1137 2015 praesentiam
1157 1938 1283 2011 missio·
1383 1982 1393 1995 .

63 2039 114 2101 nia
138 2055 240 2098 rocem
263 2055 452 2115 usurpavero.
495 2036 562 2115 lpse
589 2035 679 2116 igitur
699 2044 747 2098 est
765 2036 845 2098 Deus
867 2037 1011 2111 Verbum3
1038 2038 1128 2117 igitur
1148 2038 1283 2102 Christus
1362 2103 1370 2119 ,

63 2148 115 2203 ast
135 2138 214 2200 Deus
236 2137 327 2199 homo
349 2157 384 2199 cx
404 2138 493 2200 llario
514 2149 610 2199 natus.
653 2137 720 2199 Non
745 2138 819 2199 alius
850 2137 967 2216 inquam
997 2139 1104 2218 siquis
1127 2149 1174 2201 est
1195 2140 1283 2203 Chri·

61 2247 152 2310 atua‚
179 2238 234 2300 sed
255 2257 332 2299 unus
356 2247 385 2300 et
405 2238 482 2300 idem
511 2248 571 2312 est,
600 2238 650 2318 qui
677 2246 745 2300 ante
767 2238 882 2299 saecula
904 2255 940 2301 ex
960 2240 1047 2302 Patre
1069 2242 1151 2304 etin
1174 2240 1284 2303 ultimis

61 2340 172 2405 dicbus
193 2359 230 2402 ex
251 2340 369 2418 Virgine
391 2349 511 2402 exortus
534 2349 590 2413 est,
612 2339 661 2419 qui
683 2339 760 2401 idem
782 2348 869 2401 antea
891 2341 966 2429 ipsis
989 2343 1076 2403 etiam
1098 2343 1206 2404 sanctis
1220 2342 1284 2403 rir-

63 2442 179 2505 tutibus
201 2441 232 2501 in
255 2441 342 2503 oaelis
365 2451 428 2502 erat
448 2441 612 2514 invisibilis,
635 2458 715 2503 nunc
736 2449 832 2502 aarum
855 2440 894 2501 ob
917 2459 1001 2502 suam
1023 2459 1088 2504 cum
1104 2443 1210 2504 visibili
1225 2443 1283 2503 lro-

64 2543 148 2606 mine
169 2542 407 2603 coniunctionem
428 2542 552 2633 visibilis
574 2550 621 2604 est
642 2543 780 2615 effectus,
810 2540 933 2603 risibilis
956 2542 1075 2621 inquam
1096 2562 1157 2604 non
1179 2544 1284 2605 inrisi-

63 2646 121 2708 lrili
153 2644 319 2715 divinitate,
352 2644 407 2704 sed
440 2645 504 2723 ipsa
532 2643 683 2704 divinitate
714 2661 768 2722 per
797 2643 957 2704 humanum
989 2661 1097 2722 corpus
1130 2652 1285 2724 totumque
1314 2706 1318 2711 .

63 2746 361 2824 nominenominee,
390 2764 479 2824 quem
508 2753 602 2806 totum
628 2743 779 2806 hominem
801 2743 932 2805 eiusdem
956 2762 1055 2806 secum
1078 2745 1285 2808 coniunctione

63 2847 226 2911 renovarit.
269 2847 331 2926 lpsi
352 2847 450 2908 honor
471 2854 501 2907 et
521 2844 665 2920 adoratio,
687 2845 737 2924 qui
759 2853 844 2907 antea
866 2854 895 2906 et
915 2863 994 2907 nuuc
1016 2854 1045 2908 et
1059 2865 1182 2926 ‚semper
1197 2847 1285 2909 estin

64 2948 194 3012 saecula.
237 2947 339 3009 Amen.

98 3124 455 3199 allegetSeguancipaiflat.
490 3133 535 3183 lllii
554 3141 579 3183 at
595 3133 653 3184 editi
737 3133 752 3181 i.
777 3124 1285 3194 sagiascode1‚Seguer..etttasit.dv-

62 3194 182 3269 ἇμοίρει.
702 3193 849 3264 occasion.
885 3200 962 3249 Celeri
982 3207 1005 3249 et
1022 3199 1077 3249 editi
1096 3190 1282 3267 ἀνθρωπίνου.

98 3288 116 3337 r,
135 3285 233 3338 nobles,
251 3279 484 3351 ἐπιδεικνυμένοις,
592 3283 597 3299 .
702 3268 763 3316 lbid.
789 3268 886 3317 Gobler.
905 3277 929 3317 et
946 3267 1050 3317 Felolm.
1070 3269 1093 3318 1.
1111 3263 1286 3322 omittuntxul

415 3380 419 3389 .
471 3369 502 3390 Η
543 3363 554 3390 ς
636 3379 651 3390 ,,
702 3326 766 3384 ὅλου
784 3326 940 3400 ἀνθρώπου.

99 3394 122 3442 8·
141 3379 437 3460 liensgruegetllanl.
456 3391 496 3427 scr
523 3393 578 3428 our.
602 3377 651 3430 Aln
736 3402 849 3455 ΗΜ
874 3387 967 3462 My·
1005 3403 1096 3453 Ibidflm
1114 3406 1213 3467 sewen
1231 3398 1284 3474 noi

61 3463 120 3501 Μ
138 3448 210 3549 θᾶξὼ
226 3460 285 3496 “²“
303 3462 360 3496 ⁰¹¹⁹·
498 3536 501 3542 Ι
701 3457 743 3530 ἦν.
782 3472 837 3552 llag.
854 3484 875 3551 7!
894 3469 951 3530 οῆν.
989 3472 1016 3520 ln
1034 3473 1081 3522 lino
1099 3473 1155 3536 llag.
1173 3483 1197 3525 at
1214 3475 1285 3536 Segu.

100 3543 125 3593 h.
144 3554 176 3588 το
195 3541 264 3591 abest
281 3558 294 3591 a
313 3540 409 3592 Gobler.
429 3550 452 3590 et
469 3541 574 3592 Felclm.
594 3541 617 3590 l.
701 3541 792 3590 addunt
809 3553 848 3606 αμ
883 3572 892 3596 ,
912 3539 975 3605 quod
994 3539 1061 3591 abost
1070 3541 1099 3591 ab
1110 3543 1163 3593 aliis
1176 3552 1200 3593 at
1209 3542 1286 3593 aditis.
