2948 5092
374 276 377 281 ·
461 256 569 303 ouum
585 259 619 301 rr.
634 258 749 303 coram
762 257 898 303 umor.
1080 257 1088 272 ·
1223 236 1287 336 '455

59 388 263 471 mammam
291 418 419 471 creatam
449 427 519 470 esse
551 409 745 490 signiticaret,
779 409 886 472 eodem
911 409 1005 489 plane
1037 410 1126 471 ruodo
1154 410 1234 473 iuxta
1255 411 1286 473 id
1294 429 1373 475 usu.

59 509 189 591 exempli
209 508 269 586 bis,
291 510 341 590 qui
362 509 547 589 sapientiam,
569 529 645 590 quae
666 511 697 573 in
717 510 809 573 rebus
829 510 936 573 orestis
958 509 1072 584 existit,
1094 511 1289 588 admirantur,

60 610 227 692 respondet
246 628 316 672 rora
344 610 511 691 Sapientia:
543 612 692 675 Domator
715 615 830 675 meruit
844 629 898 675 me
918 615 952 674 ia
974 630 1077 693 opero.
1120 613 1185 687 llea
1207 616 1288 678 enirn

60 713 155 792 ligura
177 712 209 774 in
229 711 290 775 illis
312 720 369 786 ost,
392 720 421 774 et
442 730 499 793 eqo
519 712 564 775 sic
585 731 634 774 me
654 712 692 775 ad
712 731 762 775 raa
784 711 954 775 alliciendas
976 715 1208 779 accommodari.

24 813 34 822 ’
126 814 211 882 eo.
242 811 304 876 Neo
323 832 395 876 vero
423 813 531 877 mirum
557 813 705 888 rideatur,
739 813 766 876 si
792 813 885 876 Filius
913 815 950 877 de
972 835 1026 877 sua
1048 834 1123 895 quae
1145 817 1174 878 in
1197 817 1288 880 uobis

61 924 107 978 est
127 915 222 996 agan
242 923 381 996 tauquam
402 915 442 979 de
463 915 565 997 seipso
588 915 735 995 loquatur,
758 934 824 977 curn
847 915 938 992 (idem
961 917 1040 979 enim
1062 926 1200 998 repetere
1214 919 1295 981 nibil
1353 927 1356 937 '

60 1025 108 1079 eat
127 1016 394 1094 reformidandum)
416 1016 505 1081 Saulo
529 1016 701 1092 Ecclesiam,
723 1015 755 1078 in
776 1035 832 1096 qna
855 1016 919 1078 eius
942 1018 1033 1098 ligura
1056 1027 1087 1080 et
1101 1019 1197 1099 imago
1212 1028 1288 1096 erat,

61 1126 272 1199 persequente,
295 1119 379 1199 quasi
400 1118 467 1198 ipse
488 1126 580 1193 esset,
603 1136 690 1199 quem
708 1117 756 1179 ille
777 1125 1017 1198 persequeretur,
1040 1117 1162 1183 dixerit:
1184 1119 1287 1194 Sosila,

61 1221 133 1301 qnid
151 1239 200 1284 are
216 1218 438 1302 persequeris?
472 1218 511 1281 Ut
532 1236 604 1299 erqo
625 1219 738 1283 nemini
758 1219 868 1281 mirum
888 1219 1054 1293 rideretur,
1082 1221 1125 1282 uti
1147 1220 1288 1297 diximus,

61 1319 86 1381 si
107 1319 276 1401 sapientiae
294 1320 407 1394 forma,
435 1338 510 1400 quae
532 1320 569 1401 in
586 1319 728 1401 operibns
751 1327 815 1394 ed,
837 1318 975 1383 diceret:
1000 1320 1149 1386 llomrirur
1172 1326 1289 1386 creooit

60 1440 105 1484 ors
126 1424 161 1485 irs
184 1407 302 1503 opero:
321 1421 363 1484 ita
384 1421 410 1483 si
433 1423 496 1503 ipsa
518 1439 588 1483 vera
610 1429 641 1483 et
661 1418 785 1485 n'eatrix
807 1420 973 1502 Sapientia,
995 1422 1076 1501 quod
1098 1431 1128 1484 et
1149 1423 1287 1503 unigeni-

62 1531 123 1585 tum
135 1521 194 1585 liei
208 1529 256 1585 est
269 1521 408 1597 Verbum,
431 1542 477 1597 ea,
493 1541 575 1603 ‚qnae
597 1542 668 1585 suae
689 1521 810 1604 propria
831 1530 902 1585 sunt
917 1522 1065 1603 imaginis,
1088 1525 1287 1604 usurpaverit,

63 1643 95 1687 ao
112 1623 196 1689 volnt
215 1623 254 1687 de
275 1643 309 1695 se
332 1623 398 1704 ipsa
419 1623 541 1686 dixerit:
576 1625 699 1689 Creaoit
717 1643 764 1687 are
786 1628 819 1687 ira
842 1642 950 1704 opero,
977 1642 1066 1686 nemo
1089 1625 1212 1687 dimissa
1235 1644 1287 1687 sa·

62 1723 188 1805 pientia,
219 1743 296 1805 qnae
322 1725 354 1787 in
380 1725 491 1786 mundo
521 1733 552 1788 et
579 1724 721 1805 operibus
750 1734 847 1787 creata
877 1733 941 1800 est,
973 1725 1134 1789 arbitretur
1163 1726 1308 1811 verbum⁴

62 1825 139 1889 istud
163 1831 280 1891 ereum
299 1826 336 1891 do
358 1834 461 1888 natura
484 1827 669 1907 Sapientiae,
697 1845 773 1909 quae
794 1827 969 1909 pernseipsa
992 1836 1052 1899 est,
1075 1826 1185 1890 dictum
1207 1846 1287 1901 esse,

62 1928 223 2011 nerinuut
250 1945 319 1991 oraru
346 1946 423 2009 aqua
452 1927 581 1990 miscens
608 1925 760 2007 raritatem
790 1927 942 2005 surripere
969 1927 1109 1990 videatur.
1154 1928 1287 2008 Namque

60 2027 106 2090 illa
127 2028 256 2093 oreabix
279 2036 309 2090 et
337 2029 435 2109 opifex
463 2037 510 2090 est
543 2028 703 2108 sapientia,
736 2028 801 2091 eins
834 2037 931 2090 autem
964 2029 1060 2090 torma
1091 2029 1121 2090 in
1145 2030 1288 2110 operibns

61 2139 179 2193 creatur
199 2139 338 2209 tanquam
359 2129 496 2209 imaginis
518 2128 693 2193 similitudo.
724 2129 902 2191 Huiusmodi
924 2147 1016 2208 porro
1032 2130 1176 2208 sapientia
1194 2120 1289 2212 priri-⁴

60 2235 173 2315 εἱμένα
194 2236 315 2321 oionrm
328 2250 403 2294 esse
425 2230 543 2304 dicitur,
565 2231 633 2310 quia
648 2230 795 2311 quoddam
811 2238 859 2292 est
873 2229 1049 2311 principium
1066 2240 1096 2293 et
1109 2232 1289 2295 elementum

58 2331 241 2412 cognitionis
269 2331 333 2393 Dei.
376 2331 447 2393 Eam
481 2332 560 2394 enim
588 2332 655 2411 quis
681 2331 808 2413 primam
829 2332 918 2395 reluti
946 2331 1021 2394 viam
1050 2333 1224 2412 ingressus,
1258 2343 1289 2395 et

58 2436 168 2497 timore
190 2432 243 2496 liei
265 2433 446 2506 costodiens,
470 2441 502 2495 ut
523 2432 596 2494 dixit
619 2432 777 2495 Salomon:
795 2437 985 2514 principium
1006 2437 1173 2514 sapientiae
1196 2438 1289 2498 timor

57 2536 194 2607 Domini,
215 2534 381 2614 deindeque
402 2542 502 2597 mente
524 2534 719 2614 progrediens
742 2543 771 2596 et
793 2534 944 2595 creatricis
958 2533 1135 2614 Sapientiae,
1158 2533 1287 2614 quaein
1368 2584 1373 2593 .

55 2636 150 2698 rebus
178 2635 285 2699 neatis
313 2645 449 2716 apparet,
484 2635 684 2715 cognitionem
717 2641 888 2708 assecutus,
923 2633 963 2695 in·
980 2635 1046 2714 ipsa
1075 2634 1140 2696 eius
1169 2652 1288 2714 quoqne

56 2738 178 2800 Patrem
200 2736 389 2799 hauddubie
419 2737 672 2817 contemplaturus
701 2745 762 2809 ost,
796 2743 829 2797 ut
856 2735 921 2814 ipse
949 2734 1094 2796 [lominus
1116 2735 1164 2795 his
1187 2733 1373 2796 remissus

63 2848 203 2902 testatur:
229 2838 293 2912 Qus
312 2839 386 2900 vidit
407 2856 460 2908 me,
485 2839 559 2901 vidit
581 2837 712 2899 Patren.
746 2836 873 2898 loannes
895 2836 965 2897 item
988 2834 1106 2897 scribit:
1133 2835 1196 2908 Qus
1217 2852 1290 2898 rort-

58 2942 167 3020 fitrtur
188 2939 309 3012 Filiam,
332 2938 455 3002 Patrem
477 2956 592 3020 quoque
614 2937 710 3001 lubet.
747 2937 930 2998 litantem:
953 2948 1022 2999 orate
1046 2956 1152 2998 uenum
1173 2936 1290 3016 strudo-
1335 2973 1339 2977 -

62 3045 104 3104 eit
130 3060 192 3113 ore,
223 3040 291 3119 quia
317 3039 349 3101 in
378 3039 443 3100 eius
465 3041 561 3100 lorml
583 3038 646 3100 sive
667 3037 760 3117 ligura
782 3044 954 3098 constanter
975 3044 1005 3098 et
1027 3054 1146 3115 semper
1169 3042 1290 3117 manent¹

64 3161 161 3222 opera.
205 3141 361 3203 Praeterea
376 3194 379 3199 .
393 3158 431 3201 ne
463 3139 528 3218 quis
562 3138 608 3226 bis
637 3139 673 3200 de
706 3137 850 3217 sapientia
878 3138 935 3199 boc
963 3137 1053 3199 modo
1080 3138 1110 3200 in
1144 3130 1289 3222 operibus

63 3252 157 3306 creata
173 3242 288 3305 auditis
309 3241 363 3303 Dei
385 3240 502 3320 lf'ilinm,
524 3239 574 3319 qni
595 3259 665 3302 vera
687 3247 735 3301 est
756 3238 916 3318 Sapientia,
939 3246 1071 3301 creatum
1093 3256 1161 3300 esse
1183 3237 1289 3299 existis

64 3354 171 3419 maret,
199 3343 370 3407 necessario
399 3342 526 3418 addidit:
559 3355 719 3424 orarequom
746 3352 862 3403 moriter
885 3348 916 3403 et
937 3351 1097 3420 antequem
1120 3351 1237 3424 terram
1258 3346 1289 3400 et

63 3453 128 3511 rate
150 3465 248 3529 mous
271 3454 302 3508 et
322 3456 392 3508 orate
416 3444 505 3507 colles
528 3435 623 3525 qiprt'it
643 3463 697 3515 me,
722 3452 754 3504 ut
775 3461 842 3508 cnm
864 3441 951 3504 dicit:
974 3451 1042 3503 ante
1063 3460 1114 3503 res
1132 3442 1289 3503 universas

63 3557 174 3611 areatas
195 3546 377 3618 (nniversam
399 3545 545 3624 siquidem
569 3552 696 3605 creatam
715 3552 849 3605 naturam
865 3541 1025 3625 hisverbis
1041 3541 1288 3622 comprehcndit),

63 3649 233 3713 ostenderet
260 3666 294 3709 so
322 3664 383 3708 uon
411 3649 516 3708 natura
544 3649 602 3707 una
625 3664 691 3708 oum
714 3645 857 3724 operibus
880 3650 1008 3705 creatam
1031 3661 1112 3704 esse.
1157 3642 1290 3722 Namque

63 3752 138 3813 siin
161 3767 253 3830 opera
276 3758 371 3811 creata
399 3755 444 3810 est
471 3756 501 3809 et
528 3757 596 3808 ante
619 3765 709 3827 opera
738 3755 800 3820 est,
833 3753 914 3825 patet
947 3744 1064 3823 utique,
1098 3763 1163 3806 eam
1196 3745 1290 3806 inisse

61 3939 87 3986 lt
97 3938 139 3988 alii
152 3944 177 3986 ot
188 3936 246 3986 editi
257 3931 371 4002 πρῶτον
381 3926 470 4000 ὥςπερ
481 3927 527 3982 arai
541 3923 644 3998 ἐπιβάς.
733 3931 756 3981 b.
776 3930 914 3991 Sequanae.
932 3916 991 3978 elta
1008 3919 1054 3978 tra
1072 3918 1291 4004 obrusi‘tiatoaiprr.

62 4005 150 4055 ibidem
168 4006 269 4066 Sequor.
288 4014 330 4055 ur
347 3994 410 4051 ὅδ’.
600 4044 615 4053 ,,
701 3999 772 4050 Gobl.
792 4006 814 4046 et
830 3997 935 4046 Felcim.
957 3996 978 4046 l.
997 3984 1056 4045 alra
1073 3988 1160 4049 οὕτως
1183 3987 1292 4044 darom
1338 4058 1341 4062 .

91 4087 114 4124 e.
130 4072 254 4132 lnqlican.
272 4061 303 4118 ἐν
319 4060 397 4136 ἄρχῃ.
419 4070 524 4119 =1bidem
548 4070 649 4131 Sequar.
700 4061 829 4130 περὶτῆς
847 4055 934 4117 οὕτως
950 4063 1008 4116 τοῖς
1025 4057 1123 4131 ἔργοις.
1148 4064 1221 4113 iidem
1232 4063 1289 4112 ibid.

63 4141 157 4191 Gobler.
175 4139 282 4189 Falelrn.
296 4137 318 4187 l.
332 4146 355 4188 et
372 4138 397 4189 l.
415 4131 465 4186 tir
481 4126 649 4195 reiterare·
701 4142 725 4183 et
751 4134 850 4194 Sequar.
877 4125 1070 4196 lyxrrodsrorr.
1111 4132 1156 4181 Alii
1182 4137 1206 4181 et
1231 4130 1290 4181 editi

64 4203 132 4275 ripae
143 4205 189 4257 aiii
199 4213 312 4255 autemst
321 4204 378 4256 editi
387 4200 437 4253 τὸν
445 4196 649 4271 αὖτῆςπατέρα.
700 4200 863 4260 κτισθείσης.
890 4202 989 4262 sequar.
1008 4201 1071 4277 item=
1085 4198 1173 4276 ibid‘em
1195 4188 1291 4257 emas

92 4279 109 4326 i.
133 4276 176 4325 Sic
192 4275 293 4335 Sequar.
312 4273 409 4324 Gobler.
428 4274 534 4322 Felclm.
554 4273 575 4321 l.
592 4271 648 4321 etb
700 4261 751 4328 vir
768 4266 817 4315 τοῦ
831 4262 902 4316 ’θεοῦ
920 4260 1027 4332 σοφίαν
1043 4279 1094 4314 τον
1110 4257 1178 4313 ordr.

63 4329 471 4400 stratelm.b.aatl'1ndvrqe.
496 4340 541 4389 alii
555 4346 580 4389 ot
592 4338 649 4390 editi
735 4338 750 4387 i.
778 4335 877 4397 Sequor.
903 4334 1001 4386 Gobler.
1025 4342 1048 4383 et
1067 4333 1173 4383 Felclm.
1194 4333 1216 4381 1.
1233 4324 1288 4400 πρὸ

62 4404 105 4459 uri
120 4398 308 4468 &abaciam
700 4401 759 4452 sola
779 4400 894 4466 penard».
931 4402 1005 4451 Panlo
1030 4409 1087 4464 post
1110 4401 1211 4462 Segner.
1233 4393 1290 4465 upb

78 4466 284 4544 ,ququst
301 4473 342 4541 τᾷ
359 4464 446 4545 eirrqr
462 4464 547 4540 ro'qqr.
599 4458 655 4551 f,
702 4465 791 4544 πάσῃ
807 4462 991 4547 ricarioque.
1070 4520 1073 4525 ,
