2948 5092
103 238 184 306 -312
511 246 948 295 ι.ιτιιιατοιιοαιιι»ιτευτι

33 386 112 475 εἰει
121 405 170 484 είς
190 396 281 472 σίκον
301 400 491 487 καταφυγῆς
511 400 565 465 καί
589 398 637 476 είς
657 396 741 463 θεὸν
762 393 1155 485 ύπεραοπιστήν,·σῧτως
1168 400 1222 466 καί
1237 398 1357 486 κύριος

119 502 213 595 ἡμῶν
234 510 354 591 γέγονε.
387 504 442 568 καὶ
465 494 524 567 ούκ
546 493 649 621 άρχύχχ
665 501 726 564 τοῦ
748 492 834 565 εἶναι
849 492 1146 581 αύτὸςέσχεντάτε,
1169 495 1240 568 ἀλλ’
1254 496 1354 588 ἡμεῖς

50 664 57 676 ,
121 603 220 692 ἀρχὴν
242 605 379 691 ἔσχομεν
401 605 478 669 ιτοῦ
501 596 587 669 εἶναι
608 598 709 666 αυτὸν
730 598 842 686 κύριον
862 595 967 689 ἡμῶν.
998 601 1118 668 λοιπὸν
1138 601 1202 689 χάρ
1219 598 1356 689 άχαθδς

121 703 167 776 ὢν
195 703 214 774 6
243 705 327 786 θεὸς
353 708 408 773 καί
435 703 546 791 πατὴρ
578 696 625 768 ὢν
646 704 705 768 τοῦ
726 707 850 787 κυρίου,
874 698 1010 788 ἐλεήσας
1031 703 1085 770 καί
1106 705 1227 799 θέλοις
1242 708 1355 773 Ι’πάσι

119 811 330 898 γνωσθῆναι,
353 817 449 875 ποιεῖ
468 805 527 873 τὸν
549 803 668 872 ἑαυτοῦ
689 803 762 870 υίὸν
784 802 990 871 ἐνδύσασθαι
1013 808 1111 889 σῶμα
1132 799 1353 893 άνθριύπινον

119 913 174 979 καί
195 915 355 996 γενέσθαι
376 906 571 994 άνθρωπον,
593 906 758 993 κληθῆναί
778 931 816 973 τε
835 899 936 972 αδτδν
958 900 1105 993 θ’ίησούν,
1127 902 1168 975 ἵν’
1186 907 1221 976 έν
1242 908 1354 998 τούτῳ

121 1011 239 1081 ἑαυτὸν
267 1015 485 1098 προςενίγιας
506 1005 592 1094 ύπδρ
614 1006 751 1074 πάντων
771 1005 850 1086 τοὺς
872 1004 1001 1087 πάντας
1024 1007 1234 1098 ἐλευθερώσῃ
1259 1005 1353 1077 11άπὸ

120 1118 179 1204 τῆς
199 1116 452 1200 θεοπλανησίας
471 1109 528 1179 καὶ
548 1113 607 1199 τῆς
628 1102 773 1198 φθοράς,
794 1110 849 1176 καί
872 1107 1008 1177 πάντων
1022 1116 1156 1199 γένηται
1169 1110 1284 1197 κύριος
1297 1115 1351 1179 καλ

121 1215 279 1305 βασιλεὺς
299 1210 408 1293 αύτδς.
441 1212 481 1279 τὸ
502 1211 560 1300 ’δὴ
583 1200 641 1278 σύν
661 1216 820 1296 γενέσθαι
842 1205 944 1279 αύτδν
966 1208 1071 1292 οὕτως
1092 1214 1205 1301 κύριον
1218 1216 1276 1280 καί
1289 1221 1353 1301 βα-

121 1320 225 1399 σιλέα,
248 1316 349 1384 τοῦτό
371 1315 461 1409 ἐστιν
483 1312 503 1380 6
524 1313 632 1399 δλεχεν
653 1307 673 1378 6
692 1317 837 1399 Πέτρος·
860 1312 1018 1400 ἐποίησεν
1040 1308 1140 1381 αύτδν
1161 1314 1275 1401 κύριον
1296 1318 1352 1384 καί

120 1418 272 1506 Χριστδν
298 1412 538 1495 άπέστειλενἿ,
567 1408 641 1482 ίσον
661 1416 710 1500 τῷ
734 1415 857 1494 είπεῑν,
888 1411 942 1481 ὅτι
963 1418 1017 1482 καί
1041 1413 1226 1503 ἄνθρωπον
1249 1411 1354 1505 αύτδν

120 1520 267 1608 ποιήσας
288 1516 308 1585 6
330 1517 455 1606 πατήρ,
479 1517 568 1585 ἰ’διον
589 1515 651 1604 χδιρ
673 1510 866 1603 ἀνθρώπων
886 1515 926 1582 τὸ
941 1524 1131 1596 ποιεῖσθαι,
1155 1515 1214 1601 σύχ
1231 1514 1353 1601 ἁπλῶς

118 1622 175 1690 ’δέ
195 1621 352 1708 ἐποίησεν
375 1616 575 1704 άνθρωπον,
599 1612 668 1684 ἀλλ’
693 1616 742 1696 είς
761 1616 802 1684 τδ
821 1620 993 1704 κυριεῦσαι
1014 1618 1150 1686 πάντων
1172 1616 1274 1687 αὐτὸν
1296 1621 1353 1690 καί

120 1719 267 1810 ἆχιάζειν
287 1720 418 1801 πάντας
439 1719 496 1788 διδι
517 1723 576 1786 τού
596 1726 777 1806 χρίσματος
798 1727 990 1807 πεποίηκεν.
1024 1719 1054 1787 εἰ
1075 1720 1136 1806 γὰρ
1158 1723 1213 1788 καί
1229 1721 1354 1790 δούλου

121 1822 253 1912 μορφὴν
276 1823 391 1908 ἐλαβεν
414 1818 432 1889 6
455 1823 489 1890 ἐν
510 1825 624 1910 μορφῇ
646 1825 731 1889 θεοῦ
752 1817 911 1908 ύπάρχων
932 1821 1044 1908 λόγος,
1069 1819 1137 1889 ἀλλ’
1161 1819 1182 1910 ἡ
1205 1823 1354 1912 πρόςλη·

119 1936 184 2012 ψις
208 1929 269 2013 τῆς
290 1924 411 2011 σαρκὸς
432 1918 489 1992 ούκ
510 1939 524 1977 ⁸
531 1923 667 1992 ἐδούλου
688 1921 748 1990 τὸν
769 1923 867 2010 λόγον
889 1923 990 2012 φύσει
1010 1923 1123 2010 κύριον
1146 1921 1241 2006 ὄντα,
1266 1922 1363 1994 άλλύι

45 2046 47 2051 ’
119 2028 246 2112 μᾶλλον
269 2025 490 2119 ἐλευθέρωσις
509 2026 570 2110 μὲν
591 2014 631 2114 ἧν
652 2021 673 2112 ἡ
695 2031 848 2112 γινομένη
870 2025 964 2112 παρὰ
978 2029 1037 2092 τοῦ
1054 2024 1151 2112 λόχου
1166 2025 1280 2116 πάσης
1293 2033 1354 2115 τῆς

121 2123 400 2216 άνθρωπάτητος,
434 2122 534 2206 αύτδς
562 2129 599 2194 δὲ
627 2122 646 2192 6
676 2127 776 2215 φύσει
802 2125 935 2214 Ιιιαύρισς
962 2127 1059 2214 λόγος
1086 2131 1141 2195 καλ
1164 2126 1353 2216 άνθρωπος

122 2232 283 2316 ποιηθεὶς
305 2228 363 2297 διδι
384 2232 443 2322 τῆς
461 2231 522 2296 τού
543 2228 664 2295 δούλου
686 2233 818 2319 μορφῆς
839 2228 952 2316 κύριος
973 2228 1109 2309 πάντων
1130 2230 1186 2297 καὶ
1200 2231 1355 2318 Χριστὸς

28 2359 37 2380 ·
121 2334 292 2398 τουτέστιν
323 2330 371 2411 εἰς
401 2330 441 2397 τὸ
470 2325 616 2416 άχιάζειν
644 2333 692 2417 τῷ
720 2331 885 2416 πνεύματι
907 2331 1037 2411 πάντας
1057 2338 1252 2420 πεποίηται.
1296 2332 1355 2401 καὶ

123 2429 233 2519 δι’ςπερ
257 2428 275 2499 6
296 2431 388 2513 θεός,
411 2432 583 2518 γινόμενος
605 2432 653 2511 εἷς
673 2432 757 2500 θεδν
779 2429 1034 2523 ύπερασπιστὴν
1054 2437 1110 2501 καλ
1132 2435 1251 2520 λέγων·
1275 2436 1353 2503 ἐσο-

121 2558 184 2619 μαι
205 2529 320 2614 αὐτοῖς
341 2535 462 2614 θεός’),
486 2528 525 2600 ού
546 2536 673 2619 μᾶλλον
694 2534 771 2603 τότε
791 2542 918 2621 γίνεται
938 2535 1030 2616 θεάς,
1055 2530 1132 2603 ούδλ
1147 2535 1235 2603 ἰτότε
1251 2532 1353 2623 ἀρχὴν

123 2636 189 2720 ἔχει
209 2640 268 2702 τοῦ
290 2642 446 2723 γίνεσθαι
467 2636 559 2716 θεάς,
583 2631 652 2702 ἀλλ’
677 2632 762 2723 ὅπερ
785 2636 875 2705 ἐστίν
898 2632 959 2717 άεί,
984 2641 1083 2703 τοῦτο
1105 2637 1160 2703 καὶ
1182 2649 1255 2717 τοῖς
1278 2639 1353 2705 δεσ-

120 2741 234 2827 μένοις
254 2745 388 2824 γίνεται,
414 2733 494 2805 ὅταν
516 2733 605 2825 αύτῷ
629 2738 725 2826 δοκῇ·
748 2735 836 2805 σύτω
857 2742 935 2806 ΙΙκαλ
958 2735 1149 2823 ύΧριστάς,
1173 2737 1275 2824 φύσει
1297 2739 1354 2806 κύ-

123 2862 197 2927 ριος
215 2841 270 2906 καί
292 2839 447 2926 βασιλεὺς
469 2834 579 2918 άῒδιος
601 2837 656 2919 ι’ύν,
691 2835 751 2923 ούχ
771 2835 829 2908 ὅτε
850 2835 1094 2908 ἀποστέλλεται
1114 2842 1243 2925 μᾶλλον
1264 2849 1353 2928 χίνε·

121 2966 183 3009 ται.
200 2941 326 3028 κύριος,
350 2934 427 3009 οδδὲ
448 2941 524 3009 τότε
547 2937 647 3028 ἀρχὴν
669 2940 831 3026 λαμβάνει
852 2944 912 3008 τοῦ
935 2934 1021 3009 εἶναι
1041 2942 1153 3027 κύριος
1175 2946 1229 3009 καὶ
1252 2950 1354 3029 βασι·

95 3035 204 3125 ’λεύς,
228 3038 298 3110 ἀλλ’
324 3039 407 3130 ὅπερ
430 3043 520 3110 ἐστίν
542 3038 604 3124 άεί,
627 3045 802 3111 τούτοισί
824 3043 916 3111 ιτότε
937 3042 1020 3111 κατὰ
1035 3043 1139 3129 σάρκα
1154 3051 1352 3132 πεποίηται,

16 3198 19 3203 .
123 3142 179 3210 καὶ
206 3144 458 3230 λυτρωσάμενος
485 3143 614 3223 πάντας
638 3150 766 3230 γίνεται
793 3147 848 3212 καὶ
871 3142 977 3224 ούτως
1000 3144 1130 3226 ζώντων
1152 3149 1206 3212 καί
1230 3150 1353 3231 νεκρῶν

120 3244 248 3330 κύριος·
271 3241 360 3332 αύτῷ
382 3245 443 3332 γάρ
466 3245 587 3313 λοιπὸν
609 3245 651 3312 τά
665 3246 777 3314 πάντα
792 3246 949 3327 δουλεύει,
966 3248 1020 3312 καὶ
1035 3245 1134 3312 τοῦτό
1150 3246 1250 3327 ἐστιν,
1268 3243 1353 3334 ὅπερ

120 3346 272 3432 1’ίιμάλλει
299 3351 353 3414 καί
383 3344 401 3413 6
424 3348 536 3433 Δαβίδ
543 3368 551 3382 ·
580 3341 674 3415 εἶπεν
703 3344 721 3413 6
749 3347 862 3445 κύριος
882 3352 930 3434 τῷ
952 3354 1053 3434 κυρίῳ
1074 3372 1156 3432 μου,
1184 3349 1296 3416 κάθου
1319 3350 1354 3418 ἐκ

122 3446 239 3528 δεξιῶν
260 3472 340 3534 μου,
365 3449 428 3528 ἕως
448 3443 489 3516 ἂν
510 3451 567 3515 θῶ
588 3447 665 3529 τοὺς
688 3446 829 3537 ἐχθρούς
849 3473 912 3516 σου
933 3444 1125 3516 ύποπόδιον
1146 3452 1213 3517 τῶν
1235 3452 1353 3518 ποδῶν

121 3550 221 3630 σοι’).
260 3542 298 3615 σύ
325 3549 387 3636 χδιρ
416 3550 543 3637 ἔπρεπε
571 3545 619 3618 δι’
650 3551 764 3637 ἐτέρου
790 3548 848 3638 τὴν
871 3551 1033 3637 λύτρωσιν
1054 3556 1223 3637 γενέσθαι,
1247 3547 1354 3620 ΙΙδιλλδι

117 3648 255 3716 διὰ-τού
278 3649 378 3737 φύσει
399 3658 527 3738 κυρίου,
551 3652 608 3719 ἵνα
628 3651 668 3737 με’
697 3651 754 3719 διὰ
776 3653 849 3719 υἱοῦ
870 3654 931 3738 μὲν
953 3651 1161 3736 κτιζώμεθα,
1186 3650 1288 3719 άλλον
1313 3655 1349 3721 δέ

116 3748 228 3837 κύριον
262 3746 488 3839 ὀνομάζωμεν,
522 3754 578 3822 καί
603 3760 759 3839 πέσωμεν
782 3754 830 3834 είς
851 3754 909 3842 τὴν
933 3751 1105 3841 ’Λρειανὶμ
1127 3757 1181 3821 καί
1204 3755 1264 3822 τίν
1283 3751 1353 3822 Ἑλ-

187 3991 212 4053 1)
229 3990 279 4042 ια.
298 3991 323 4053 υ,
341 3992 382 4059 οε.
453 3994 482 4062 ²).
497 3995 583 4047 ειια.
601 3995 644 4057 ει,
663 3993 705 4046 τι.
775 3995 802 4057 ο)
820 3994 883 4047 psat.
907 3997 954 4082 ιω
972 3991 1043 4061 [ιω.
1061 3982 1151 4061 ειη,
1171 3996 1205 4047 1..

148 4156 169 4192 τ.
188 4143 289 4204 Segner.
307 4144 365 4207 Βις.
393 4145 491 4197 Gohlet.
517 4152 541 4198 τί
558 4146 663 4196 ΐιίείιω.
684 4148 706 4198 ί.
758 4148 888 4198 Γοίείιιυ.ί
917 4150 972 4197 item
988 4133 1162 4202 θεοπλασίας.
1188 4148 1352 4210 wazsonem

114 4209 201 4259 4015.
220 4208 269 4259 τοῦ
287 4198 364 4260 εἶναι.
402 4214 550 4264 Ειίίιὶιῑαίίι
568 4212 608 4278 τῷ
626 4203 704 4267 είναι.
758 4216 814 4276 neg.
834 4217 926 4265 ῦυΙιΙει
954 4218 1057 4266 ἡμίση.
1074 4218 1094 4273 ί,
1113 4227 1137 4265 ιι
1155 4216 1179 4265 5.
1197 4209 1355 4282 κάρισςιιαλ

148 4277 173 4327 b.
192 4279 291 4338 Seguer.
310 4275 356 4327 καί
373 4277 463 4329 θέλων
479 4276 526 4329 καὶ
542 4278 612 4328 πᾶσι
755 4276 889 4346 βασιλεύς,
921 4282 983 4333 Εσιιὶ
1002 4292 1025 4334 τι
1044 4284 1084 4333 alii
1101 4279 1195 4352 κύριοι
1211 4280 1259 4333 καὶ
1276 4277 1353 4342 θεάς,

27 4393 36 4401 ‚
149 4354 170 4394 σ.
188 4345 230 4394 Sic
254 4344 311 4410 fleg.
333 4348 438 4399 Felckm.
458 4349 483 4399 4.
501 4357 525 4399 τι
541 4348 566 4399 ά.
601 4351 630 4398 Δί
648 4349 705 4399 editi
755 4346 888 4414 βασιλεύς.

115 4419 139 4461 τι
156 4413 196 4461 assi
215 4405 284 4463 υίδν.
790 4434 812 4469 ε.
831 4413 865 4479 δά
889 4418 957 4469 abest
975 4436 988 4468 ε
1007 4421 1107 4483 δεμυετ.
1126 4421 1227 4471 comer.
1247 4422 1353 4472 Felckm.

148 4479 172 4529 δ.
189 4482 331 4543 senuerim.
345 4472 401 4532 άσδ
416 4490 449 4536 n
462 4482 514 4547 τῆς
528 4476 704 4541 &calutum
757 4484 849 4538 ΜΗ,
880 4486 945 4537 ibid.
959 4477 1130 4559 σητάφε
1144 4480 1258 4556 κύριον,
1279 4502 1354 4555 pm·
