2948 5092
517 276 678 321 asseram
691 278 728 320 so
744 278 937 322 suessones.
1157 273 1163 293 ·
1270 262 1330 328 tos

118 433 237 495 tentiae
253 438 365 525 ramere
387 429 578 491 subscribunt
599 428 752 491 Scultetus
760 428 781 505 ¹)
803 441 832 491 et
844 430 967 492 dinetus
975 429 1006 506 ²),
1029 429 1124 491 nullis
1146 430 1214 492 aliis
1235 431 1416 492 adda-ensa

118 537 179 595 ctis
203 536 396 612 arpumentis,
418 534 479 591 nisi
498 531 576 611 puod
596 531 688 593 addat
708 530 831 592 liioetus
854 534 945 593 citari
964 550 1000 593 ea
1019 530 1156 612 Epistola
1178 532 1271 612 [num.
1287 533 1329 609 5.]

119 634 224 696 locum
246 633 394 695 Micbaeae
417 635 467 711 pni
486 649 632 711 uuspnam
654 636 817 711 reperitur,
839 636 998 694 ns'rnirum:
1019 630 1131 695 Domus
1153 632 1239 694 Iacob
1261 651 1332 694 exs-

117 736 254 797 cerbsrit
275 733 415 812 Spiritum
437 732 563 793 Domini.
611 731 717 795 Verum
737 733 824 795 ualde
844 733 896 795 ille
918 733 1140 812 ballucinatur‚·
1162 754 1232 796 nam
1246 739 1272 796 is
1288 745 1333 797 est

116 857 233 901 versus
257 840 397 917 septimus
426 838 531 914 capitis
559 835 683 895 secundi
703 833 851 895 Micbaeae
882 839 969 896 iusta
991 835 1133 897 Graecam
1153 840 1331 899 versionem.
1365 850 1369 857 '

209 938 269 999 Vss.
316 937 414 1011 Quam
440 956 519 997 cana
552 946 589 1001 et.
603 939 762 997 temeraria
783 940 823 998 sit
844 936 1014 998 buiusmodi
1038 936 1163 998 illorum
1191 942 1332 1019 opinatio.

116 1060 158 1104 en·
184 1040 320 1103 omnibus
344 1042 462 1101 omnino
483 1041 698 1117 manuscriptis
722 1038 867 1100 codicibus
891 1036 1088 1110 lonoincitur,
1110 1043 1143 1099 in
1164 1041 1268 1119 quibus
1286 1044 1333 1103 oi-

115 1142 228 1206 delicet
253 1159 360 1219 mapno
388 1158 535 1201 consensu
557 1138 589 1199 S.
613 1138 778 1200 Athanasio
799 1138 990 1202 attribuitur.
1033 1138 1195 1202 Praeterea
1223 1145 1275 1223 pui
1298 1144 1334 1202 in

115 1244 248 1307 lectione
269 1241 299 1302 S.
323 1241 483 1302 Athanasii
502 1240 551 1302 cel
568 1239 695 1321 paulum
714 1252 856 1304 versatus
877 1242 981 1321 suerit,
1004 1259 1039 1302 ea
1060 1245 1094 1302 in
1112 1240 1248 1319 Epistola
1269 1259 1333 1303 me-

112 1345 259 1414 tbsdnm,
293 1343 435 1404 dictiones
467 1342 613 1423 uerbaque
639 1344 706 1423 ipsa
732 1341 764 1404 S.
791 1340 933 1404 lloctoris
960 1341 1051 1421 facile
1079 1355 1229 1422 apnoscet.
1272 1340 1333 1407 Nec

101 1451 201 1553 §ml
222 1443 313 1505 aliter
335 1444 383 1504 bic
406 1443 534 1514 disserit,
558 1462 644 1523 quarn
665 1443 734 1506 aliis
756 1448 788 1506 in
805 1443 960 1539 Operibus,
982 1443 1069 1505 uerbi
1086 1448 1188 1522 pratid
1203 1449 1234 1506 in
1251 1443 1333 1506 Ora-

109 1547 253 1610 tionibus
276 1556 383 1606 contra
404 1546 545 1615 Arianos,
567 1546 726 1625 inquibus
747 1545 925 1627 Scripturas
948 1546 1267 1626 testimonia'ntsdipue
1280 1564 1334 1608 ac-

108 1646 264 1718 cumulat,
285 1656 321 1707 ut
343 1645 415 1708 Filii
434 1647 772 1709 diuinitatcmtneatur.
815 1647 887 1709 Cum
907 1651 985 1710 enrbn
1006 1656 1035 1711 et
1049 1647 1158 1708 Ariani
1170 1658 1198 1712 et
1216 1646 1337 1728 Tropici

107 1750 240 1813 easdem
260 1749 453 1811 admitterent
474 1747 652 1828 Scripturas
674 1767 708 1809 ac
732 1749 917 1821 Ortbodotci,
944 1748 1094 1811 undenam
1121 1766 1230 1829 quaeso
1253 1748 1334 1810 vali-

107 1853 208 1915 diora
229 1859 331 1929 posset
350 1851 496 1929 proferre
516 1860 705 1928 arpnmenta,
735 1868 824 1930 paam
850 1868 889 1912 ea
914 1852 1022 1913 diurnis
1051 1850 1096 1913 ln's
1119 1848 1231 1912 libris?
1271 1844 1332 1911 Nec

106 1956 209 2015 etiam
233 1951 368 2013 crebrius
391 1951 438 2011 bic
460 1952 557 2012 eadem
579 1954 686 2030 repetit
706 1971 794 2032 quarn
815 1952 901 2023 alibi,
930 1953 1008 2033 quod
1035 1952 1151 2033 quidem
1175 1950 1342 2013 molestunr

105 2055 234 2116 nemini
258 2071 323 2114 esse
351 2053 456 2115 debere
484 2056 547 2132 ipse
576 2052 651 2114 solet
675 2070 882 2132 praemonere.
926 2053 1059 2134 Denique
1087 2071 1152 2113 cum
1178 2053 1265 2114 iidem
1286 2050 1336 2114 illi

105 2154 270 2217 secundae
296 2152 453 2232 Epistolae
477 2165 597 2233 partem
620 2158 838 2234 posteriorem,
870 2172 944 2234 puae
975 2159 1092 2233 primae
1120 2165 1164 2216 est
1198 2157 1332 2234 epitome,

104 2256 282 2321 Atltanasii
301 2272 365 2316 esse
387 2259 588 2326 consentiant,
612 2259 783 2335 permirum
803 2274 876 2318 sane
903 2266 962 2327 est,
993 2256 1073 2335 puod
1099 2255 1174 2316 banc
1203 2254 1334 2317 studeant

107 2358 295 2439 repudiare.
340 2354 399 2418 Sed
421 2357 455 2417 de
476 2356 523 2416 bis
545 2361 619 2417 satis
642 2374 799 2438 superque.
842 2357 892 2418 ita
905 2361 984 2418 emin
995 2360 1190 2437 perspicuum
1203 2364 1250 2419 cst
1263 2373 1335 2418 cers

105 2459 283 2522 Atlsanasii
301 2476 365 2519 esse
384 2461 515 2537 premam
537 2457 613 2519 banc
633 2457 816 2538 Epistulam,
843 2468 879 2520 ut
902 2461 1014 2520 nemini
1032 2475 1097 2520 reat
1117 2460 1198 2521 serio
1218 2462 1334 2521 mani·

105 2562 208 2625 muti
228 2558 296 2620 ulla
313 2563 414 2639 possit
435 2560 555 2621 oboriri
573 2563 704 2638 suspicio
726 2561 757 2623 id
777 2564 810 2621 in
831 2559 952 2622 dubium
972 2558 1144 2620 revocandi.

205 2656 281 2721 titt.
326 2659 496 2722 Cardinalis
519 2660 686 2723 Perronius
713 2659 764 2722 lib.
781 2663 810 2724 2.
840 2661 874 2723 de
894 2659 1092 2725 Eucharistia
1118 2658 1227 2741 aliique
1254 2677 1334 2723 nan-
1414 2734 1420 2748 .

104 2762 200 2829 nulli
223 2772 408 2843 postremam
436 2780 549 2843 propte
573 2774 692 2842 partem
720 2767 783 2825 sice
809 2764 1000 2843 appendicem
1019 2760 1171 2842 Epistulae
1199 2761 1332 2835 ultimas,

104 2882 225 2945 nempe
250 2862 420 2925 Tractatum
440 2866 474 2923 in
494 2865 588 2925 verba
609 2864 756 2927 dlattbaei
767 2863 951 2943 Quicumque
965 2863 1078 2925 dixerat
1092 2871 1158 2937 etc„
1180 2872 1333 2945 turparunt

105 2984 228 3032 cerum
248 2983 313 3027 esse
334 2963 367 3024 S.
390 2965 547 3027 dtbanasii
568 2984 653 3045 opus.
696 2969 735 3028 At
759 2984 934 3046 permaneam
961 2963 1025 3028 eius
1052 2968 1150 3046 fetum
1176 2982 1254 3035 esse,
1286 2981 1332 3040 sa,

105 3088 194 3152 pue
218 3067 315 3146 paulo
344 3076 414 3127 ante
436 3086 517 3128 num.
534 3066 593 3128 111.
615 3078 645 3129 et
669 3067 699 3128 V.
723 3069 802 3130 dicta
830 3078 916 3138 sunt,
945 3071 1132 3149 apertissime
1161 3064 1332 3130 ostendunt.

105 3170 201 3233 Adde
215 3172 250 3229 in
264 3167 396 3230 Concilio
411 3167 611 3231 lateranensi
622 3170 676 3231 sub
691 3168 825 3232 Martino
837 3169 863 3230 i.
887 3168 980 3248 [Tam.
995 3169 1055 3249 tu]
1073 3188 1144 3250 pap.
1158 3165 1254 3245 3042)
1270 3178 1333 3229 tres

106 3270 201 3336 lacos
231 3288 270 3331 en
297 3269 352 3331 boc
377 3268 519 3332 Tractatu
541 3281 688 3350 tamqnam
715 3289 755 3333 sc
775 3289 848 3334 aero
870 3270 904 3332 S.
925 3254 1332 3362 Atbanasiiopercbdduci.

188 3456 212 3517 1)
233 3455 335 3506 Medulla
352 3455 488 3519 theologice
506 3457 609 3506 Petrum.
645 3458 669 3507 P.
681 3459 710 3508 ΙΙ.
729 3459 829 3524 capot.

183 3525 210 3585 2)
228 3525 332 3575 criticus
350 3539 425 3574 sacer.
462 3526 512 3574 Lib.
525 3526 563 3574 ΙΙΙ.
583 3527 660 3590 espb
679 3527 751 3592 (Opp.
770 3527 843 3578 tbcol.
867 3527 936 3578 Tam.
948 3527 977 3579 11.
995 3543 1019 3593 p.
1034 3526 1126 3589 troc).

184 3592 211 3655 3)
229 3590 306 3643 Massi
324 3591 397 3643 Cane.
416 3591 476 3642 Call.
495 3592 596 3643 Tomi.
613 3609 638 3659 p.
650 3594 722 3645 1104.
