2948 5092
419 254 584 335 orario'rr.
600 291 865 385 courmaauplop.
1180 283 1242 347 645

104 444 239 506 Esaiam:
264 442 396 505 θαηιειε
411 423 517 504 dilectb
534 446 681 505 canticum
695 441 796 505 dilecti
808 448 911 506 vineoe
925 464 1017 509 meae.
1054 448 1145 512 Vinea
1157 451 1242 530 [octo
1251 469 1327 513 εεεε.

101 544 193 608 'ilecto
216 543 295 622 (quie
316 550 413 605 autem
435 541 558 605 dilectus
579 552 625 604 est
647 550 764 622 praeter
777 543 884 607 Filium
906 546 1140 628 unigenitum),
1163 559 1197 612 ut
1210 551 1242 612 in

101 665 136 709 oo
159 645 321 708 centesimo
343 663 424 705 nono
445 644 585 706 babetur:
618 644 667 709 Eat
693 655 782 708 utero
804 659 874 711 orote
897 647 1072 730 Luciferum
1091 658 1184 734 penui
1204 665 1240 727 ιε,

101 767 137 811 uo
160 756 265 827 postea
285 746 401 808 dicendi
422 746 505 807 locus
529 745 595 818 erit,
618 757 649 809 et
668 745 700 807 in
722 746 909 812 Proverbiis:
933 749 1009 814 Ante
1033 771 1133 816 cmpos
1148 754 1241 817 colles

101 861 112 913 ι
132 869 187 922 me,
211 857 240 911 ει
260 848 338 927 apud
360 846 524 935 Danielem:
546 847 588 931 Et
606 853 718 928 species
740 853 846 928 quarti
866 851 981 914 similis·
990 852 1068 917 Filio
1083 855 1148 928 Dei,
1170 857 1240 935 plu-

101 971 108 1015 t
131 950 196 1013 elia.
240 949 272 1012 si
294 968 365 1031 ergo
388 967 424 1011 ex
444 934 537 1012 reteri
551 949 743 1012 Testamento
766 951 878 1030 petitur
898 954 1067 1033 antiquitas,
1089 940 1240 1020 latendum

101 1059 190 1137 epol
210 1052 363 1133 antiquum
382 1051 489 1113 Filium
512 1069 595 1125 esso,
628 1070 695 1113 cum
722 1051 823 1114 multis
852 1054 883 1114 iu
903 1055 978 1117 locis
1000 1058 1109 1120 veterio
1131 1059 1326 1128 Testa-,mmo

101 1153 391 1217 icommemoretur.
436 1154 500 1229 „lta
521 1163 582 1226 εει,
612 1153 763 1232 inquiunt,
792 1155 846 1219 aed
874 1156 929 1217 ieta
958 1160 1131 1238 prophetice
1163 1133 1240 1223 dicia

101 1263 164 1331 tt;“
187 1275 258 1337 ergo
281 1264 311 1318 et
331 1255 379 1317 illa
400 1254 511 1335 pariter
532 1255 569 1316 de
584 1255 680 1317 Verbo
694 1254 866 1335 prophetice
886 1266 1050 1321 memorata
1070 1270 1150 1324 eunt.
1180 1263 1241 1325 Nec

121 1376 213 1421 unum
234 1358 408 1438 prophetice
429 1365 476 1418 εει
498 1355 622 1430 dictum,
651 1357 729 1418 aliud
757 1375 828 1418 vero
856 1377 917 1420 nou
939 1360 1122 1441 prophetice.
1166 1363 1241 1425 Nam

101 1478 141 1522 ¹ec
158 1461 265 1531 rerba:
295 1458 390 1521 Fetus
418 1469 628 1533 memoratu,
655 1459 786 1520 loturum
813 1448 922 1538 aliqm‘b
951 1462 1132 1541 significent,
1160 1448 1240 1527 idem

101 1588 104 1625 ι
129 1563 166 1625 ele
187 1563 245 1623 illis
267 1559 365 1623 verbio
387 1559 625 1625 dicendumeat:
659 1559 751 1623 Verb‘o
773 1560 897 1623 Domini
925 1564 1000 1626 caeli
1018 1565 1137 1645 firinati
1155 1577 1239 1631 auat.

101 1665 180 1727 enim
203 1663 275 1726 dixit
296 1660 363 1725 lacti
385 1669 457 1723 sunt
477 1659 523 1721 rel
543 1660 621 1722 lecit
677 1660 765 1735 Quod
786 1670 884 1724 autem
905 1665 1081 1729 vocabulum
1102 1650 1248 1748 firmanti

101 1776 176 1828 ituro
198 1758 431 1843 intelligendum
447 1763 501 1836 sit,
535 1764 680 1824 coniicere
707 1763 775 1825 licet
804 1784 840 1826 ex
866 1765 913 1827 his
942 1767 1056 1831 verbis:
1089 1768 1240 1834 Dominus

101 1873 170 1937 rvit,
199 1866 320 1928 deinde:
349 1864 467 1926 Etenim
487 1866 624 1945 firmauit
648 1866 749 1928 orbem
770 1879 886 1939 terrae,
917 1874 970 1950 qui
988 1889 1052 1933 ooo
1075 1890 1241 1935 commove-

102 2017 110 2032 .
157 1969 190 2031 Si
212 1969 281 2029 item
305 1986 353 2034 ea,
377 1985 451 2046 quae
473 1967 505 2026 io
525 1965 644 2027 Psalmo
667 1966 892 2047 quadragesimo
915 1982 1019 2048 quarto
1039 1991 1101 2055 pro
1121 1974 1240 2037 Dilecto

101 2080 191 2143 intur,
218 2071 255 2131 acl
277 2071 407 2131 loturum
429 2077 545 2146 tempus
566 2067 731 2149 pertinent,
759 2069 838 2131 idem
866 2086 984 2151 quoque
1005 2075 1062 2136 erit
1083 2074 1241 2137 dicendum

101 2175 136 2245 ia,
158 2190 232 2252 quae
254 2179 434 2250 sequuntur:
457 2170 619 2233 Eructavit
639 2187 812 2233 cormeum
832 2171 958 2235 Verbum
981 2176 1101 2238 bonum.
1146 2175 1239 2237 Simi-

105 2274 135 2337 ai
155 2274 229 2335 haec
250 2272 352 2334 verba:
379 2272 428 2334 ilco
448 2281 553 2343 utero,
583 2272 735 2333 bominem
757 2272 915 2346 denotant,
949 2293 1019 2355 ergo
1049 2285 1079 2339 et
1102 2276 1181 2356 quod
1204 2294 1241 2338 ex
1299 2334 1305 2353 ,

101 2398 108 2438 ι
141 2375 264 2437 eructari
293 2375 410 2436 dicitur.
460 2373 592 2453 Namque
619 2373 645 2433 εἰ
674 2384 776 2435 uterus
805 2374 965 2436 humanum
995 2376 1066 2456 quid
1094 2386 1155 2451 εει,
1187 2396 1240 2439 cor

101 2502 106 2541 ι
127 2458 272 2557 obrporea
294 2494 343 2537 res
367 2483 423 2536 est.
467 2474 526 2536 Sed
558 2473 684 2553 siquod
707 2492 742 2535 ex
760 2462 853 2536 corde
876 2477 1065 2555 profunditur
1086 2486 1240 2540 aeternum

101 2579 168 2641 llucl
190 2579 287 2650 etiam,
310 2577 391 2657 quod
413 2596 448 2638 ex
471 2585 555 2637 utero
577 2577 732 2651 nascitur,
753 2586 905 2639 aeteruum
928 2596 998 2641 esse
1019 2578 1240 2659 intelligendum

118 2680 259 2745 Similiter
281 2679 306 2739 si
328 2677 502 2758 Unigenitua
526 2678 623 2739 estin
646 2677 724 2752 sinu,
745 2676 876 2740 Dilectus
899 2697 1017 2758 quoque
1039 2680 1071 2740 in
1091 2680 1160 2742 aiou
1182 2687 1239 2740 est

121 2784 201 2844 euim
222 2790 268 2842 est
286 2779 463 2859 Unigenitus
486 2788 516 2842 ει
529 2778 668 2855 Dilectus,
690 2787 725 2841 ut
745 2796 782 2841 ox
802 2778 850 2841 bia
872 2778 966 2858 liquet
986 2779 1101 2844 verbis:
1124 2780 1180 2844 Hic
1195 2791 1241 2843 eat

101 2903 218 2947 rmeus
241 2882 386 2943 Dilectus.
431 2882 491 2942 Nec
512 2879 591 2942 enim
614 2889 646 2941 ut
666 2898 751 2943 auam
771 2880 803 2941 in
825 2899 894 2943 eom
917 2880 1068 2943 caritatem
1089 2881 1238 2961 significo·

101 2986 239 3049 Dilectum
261 2985 359 3064 ipsum
381 2983 545 3064 appellarit,
568 3001 607 3044 ue
628 2981 702 3044 alios
719 2980 789 3044 odio
804 2981 914 3047 babere
929 2982 1071 3058 videatur,
1095 2984 1148 3046 sed
1164 2983 1240 3044 Uni-

101 3107 148 3151 um
171 3085 317 3147 indicabat
339 3104 421 3158 esee,
452 3094 484 3145 ut
506 3083 603 3145 solum
625 3102 693 3145 eum
715 3102 752 3146 ex
774 3083 875 3164 seipso
898 3103 969 3146 esse
991 3085 1120 3148 doceret.
1163 3084 1240 3146 llinc

101 3208 145 3251 rm
167 3189 279 3266 ipsum,
307 3206 374 3249 cum
400 3185 582 3265 unigenitum
603 3184 737 3247 Abrabae
758 3183 850 3247 lilium
872 3184 961 3247 vellet
980 3184 1152 3265 designare,
1179 3174 1270 3271 ait:¹'

101 3290 224 3371 *filium
246 3301 331 3351 tuum
353 3289 502 3351 dilectum.
545 3286 661 3348 Nemini
688 3295 786 3349 autem
813 3286 936 3349 dubium
964 3296 1011 3350 εει
1037 3288 1135 3351 aolum
1156 3288 1240 3350 leaac

101 3411 148 3454 ara
171 3391 300 3471 garritum
321 3391 370 3451 blc
391 3388 523 3469 intelligi.
567 3388 668 3468 ltaque
690 3386 819 3451 Verbum
841 3397 888 3451 εει
908 3372 1026 3464 Filius,'
1048 3408 1111 3451 non
1127 3370 1238 3483 recellit

101 3514 109 3557 r
132 3493 179 3555 rel
199 3493 369 3554 nominatus
390 3490 499 3565 Filius,
531 3490 585 3552 sed
612 3510 732 3571 semper
752 3490 855 3554 Filius.
899 3490 974 3553 Nam
1000 3491 1026 3553 ai
1055 3491 1148 3553 Filius
1176 3492 1239 3552 irou

107 3613 165 3657 nec
184 3593 314 3655 Verbum
335 3611 404 3654 εεεε
425 3600 534 3671 potest.
578 3592 614 3654 Et
635 3592 765 3655 viciaaim
783 3594 819 3683 ‚si
849 3592 975 3654 Verbum
1004 3612 1065 3655 nou
1093 3601 1154 3669 εει,
1183 3611 1240 3655 nec

101 3704 231 3776 rpotest
252 3714 331 3756 cese.
375 3694 528 3773 Siquidem
556 3694 635 3772 quod
663 3713 698 3756 ex
726 3677 812 3756 Pliie
840 3703 900 3768 εει,
931 3694 1023 3759 Filius
1051 3696 1153 3784 utique
1180 3702 1239 3756 εει.

118 3816 209 3878 porro
233 3805 279 3857 cst
301 3814 337 3856 er
355 3795 453 3867 Patre,
476 3795 535 3857 nisi
551 3794 688 3868 Verbum,
710 3795 791 3874 quod
814 3815 850 3856 ex
871 3796 961 3858 corde
980 3814 1175 3878 progressum
1191 3802 1239 3855 cst

101 3952 104 3960 ,
127 3908 210 3960 utero
232 3895 388 3976 genitum?
430 3897 492 3959 Nec
512 3897 591 3958 enim
612 3896 843 3967 PatorVerbum
865 3905 923 3973 eat,
944 3906 996 3961 aut
1008 3897 1137 3958 Verbum
1150 3896 1239 3956 Pater

101 4000 150 4063 aa
171 4000 220 4061 me
240 3998 339 4072 eaor,
362 3998 410 4060 uc
431 3996 521 4059 riuus
544 4007 599 4073 est,
622 3996 671 4061 mo
691 3997 793 4078 gignit,
814 3980 865 4060 'uic
886 3992 1023 4078 gignitur.
1247 3984 1249 3989 ’

101 4177 243 4251 {potificem
278 4187 324 4235 Alii
343 4195 366 4236 et
384 4186 441 4235 editi
458 4178 489 4231 τὸ
508 4176 601 4249 ἰπιφε-
652 4179 703 4242 τὴν
720 4176 758 4237 eie
775 4175 866 4234 αὐτόν.
894 4186 937 4234 tlii
947 4192 971 4234 et
981 4185 1036 4235 editi
1047 4181 1086 4247 τῷ
1097 4175 1134 4236 εἰς
1144 4173 1237 4230 αὐτόν.

101 4268 144 4308 ον,
165 4246 332 4321 ἐξηρεύξατο.
654 4288 661 4299 .
686 4254 710 4301 b.
728 4253 784 4316 lleg.
798 4254 897 4314 Sepuer.
915 4252 1005 4313 brolio.
1023 4251 1120 4302 Goblor.
1132 4249 1236 4300 etbasil.

101 4322 252 4383 epsepuer.
272 4321 368 4371 Gobler.
387 4321 459 4369 llasil.
478 4321 600 4379 etbuglic.
653 4313 725 4398 φησι
747 4329 771 4370 οι
794 4334 849 4370 mox
871 4313 990 4385 Σάρῥας.
1034 4319 1114 4369 Ceteri
1138 4327 1162 4368 ει
1179 4317 1237 4368 editi

109 4382 218 4455 :codice
254 4391 332 4440 Ceteri
356 4397 380 4438 et
403 4390 458 4437 editi
476 4382 522 4435 καὶ
537 4400 602 4455 κειρ-
651 4401 706 4452 epp
726 4397 750 4437 et
765 4381 865 4452 Σάρας.

105 4458 197 4507 lbrdem
213 4459 313 4511 liobler.
331 4449 481 4521 reportari.
674 4457 702 4531 j.
719 4456 775 4519 ling.
793 4457 893 4517 Seguer.
916 4455 990 4505 Baail.
1009 4462 1032 4504 et
1049 4452 1145 4571 luglie'
1157 4443 1181 4501 ei
1195 4445 1235 4518 par}

101 4531 149 4589 leg.
163 4524 444 4601 Sembueilmoglic.
463 4532 485 4574 et
503 4522 600 4575 Gobler.
651 4519 738 4589 toyoc.
772 4524 853 4577 Ceteri
869 4531 894 4575 rt
909 4522 968 4577 etliti
984 4514 1009 4573 ei
1023 4514 1063 4589 μὴ
1113 4515 1202 4586 ime.
