2948 5092
198 219 263 292 432
300 222 303 228 ’
602 235 630 280 ε.
642 234 797 281 ιτιιιιιιειι
812 233 1038 279 mmmmm
1091 213 1101 278 '.

113 386 258 473 τακτῆς
280 377 322 451 δι’
346 377 447 470 αάτην
468 382 622 469 κατάρας,
645 376 784 470 άληθῶς
805 382 841 450 δὲ
863 383 1095 467 Ιδιαμείνοισιν
1118 381 1166 462 είς
1181 376 1243 462 άεί,
1268 376 1431 454 άναστάν-

198 510 254 565 τες
276 483 311 553 ἐκ
332 488 454 570 νεκρῶν
476 483 533 552 καὶ
555 478 746 560 ἀθανασίαν
760 485 814 559 καί
830 477 1028 572 ἀφθαρσίαν
1044 482 1270 568 ἐνδυσάμενοι.
1293 488 1354 552 τοῦ
1369 485 1432 574 γὰρ

199 585 298 674 λόγου
321 585 543 672 ένδυοαμένου
564 584 622 672 τὴν
645 585 760 672 σάρκα,
782 584 898 664 καθῶς
911 583 1074 665 πολλάκις
1090 580 1263 666 δέδεικται,
1286 589 1359 656 πᾶν
1372 589 1431 672 μὲν

199 689 309 776 δῆγμα
329 691 388 754 τοῦ
412 682 523 775 δ’φειος
545 680 586 753 δι’
612 683 690 754 ὅλου
712 691 946 773 κατεσβέννοτο
969 680 1026 754 ἀπ’
1051 681 1168 775 αὐτῆς,
1200 687 1233 755 εἴ
1251 713 1288 755 τι
1309 687 1347 757 ἐκ
1366 692 1430 756 τῶν

200 792 365 878 σαρκικῶν
386 787 573 873 κινημάτων
596 783 756 878 άνεφύετο
778 786 877 856 κακὸν
891 786 1094 870 έξεκόπτετο,
1118 791 1173 857 καί
1194 793 1430 878 ι’συνανηρεῖτο

135 944 140 957 ,
199 888 334 970 τούτοις
362 885 380 955 δ
409 894 468 978 τῆς
494 886 657 977 ἁμαρτίας
679 884 867 970 ἀκόλουθος
886 889 1053 972 θάνατος,
1088 886 1133 971 ῶς
1155 885 1255 970 οὗτὸς
1277 885 1298 957 ὃ
1320 890 1430 980 κύριός

201 1013 320 1082 φησιν·
353 991 481 1080 ἔρχεται
509 987 527 1059 δ
559 989 666 1080 άρχοιν
687 995 748 1059 τοῦ
769 990 895 1078 κόσμου
916 992 1051 1076 τούτου,
1074 986 1247 1065 καλούδέν
1270 986 1431 1082 ἐύρίσκει

199 1092 235 1163 δν
258 1092 372 1179 ἐμοί’).
410 1093 468 1162 καὶ
490 1093 537 1173 είς
558 1097 657 1161 τοῦτο
677 1092 740 1181 γάρ
764 1091 971 1183 ἐφανερώθη,
995 1090 1042 1175 ῶς
1064 1095 1207 1183 ἔγραψεν
1230 1088 1249 1162 δ
1268 1087 1428 1184 Ἰωάννης,

198 1195 255 1267 λ’να
276 1194 359 1284 λύση
381 1196 425 1291 τὰ
447 1195 526 1283 ἔργα
546 1198 606 1263 τοῦ
629 1195 788 1283 διαβόλου
796 1198 834 1276 'J'
856 1194 983 1263 τούτων
1004 1197 1065 1265 ἆδέ
1085 1197 1257 1266 λυθέντων
1281 1190 1357 1266 άπὸ
1372 1200 1428 1286 τῆς

197 1296 329 1385 σαρκός,
353 1297 477 1378 πάντες
499 1295 605 1378 οάτοις
625 1296 709 1365 κατὰ
729 1295 788 1386 τὴν
809 1303 997 1386 συγγένειαν
1018 1301 1078 1385 τῆς
1099 1297 1220 1386 σαρκὸς
1240 1292 1430 1388 ἠλευθερῶ-

197 1406 318 1489 θημεν,
340 1401 394 1468 καὶ
418 1399 539 1494 λοιπὸν
562 1397 780 1487 σονήφθημεν
800 1403 856 1466 καί
876 1394 973 1487 ἡμεῖς
993 1402 1041 1487 τῷ
1063 1399 1165 1488 λόγῳ·
1199 1406 1429 1490 συναφθέντος

198 1503 237 1570 δὲ
256 1504 305 1589 τῷ
327 1505 399 1588 θεῷ
423 1496 531 1570 οὐκέτι
550 1502 611 1588 μὲν
633 1499 693 1569 ἐπὶ
713 1503 772 1588 γῆς
792 1494 1031 1587 ’άπομένομεη
1050 1496 1132 1583 ἀλλ’,
1148 1497 1195 1582 ῶς
1208 1496 1311 1584 αὐτὸς
1326 1497 1428 1584 εἶπεν,

198 1598 289 1671 ὅπου
316 1598 416 1683 αάτδς
443 1605 498 1672 καὶ
526 1598 622 1693 ἡμεῖς
649 1601 844 1688 έοάμεθα’),
877 1602 935 1671 καὶ
955 1604 1077 1672 λοιπὸν
1100 1602 1176 1673 οάτε
1193 1602 1255 1670 τὸν
1279 1600 1362 1693 ὄφιν
1383 1605 1430 1673 ἔτι

198 1702 474 1794 φοβηθησόμεθα
495 1703 698 1794 (κατηργήθη
730 1704 803 1793 γάρ,
832 1703 866 1773 ἐν
893 1709 933 1793 τῇ
956 1709 1052 1794 σαρκί
1075 1705 1234 1791 διωχθεὶς
1254 1705 1354 1794 παρὰ
1374 1709 1429 1774 τοῦ

199 1810 350 1895 σωτῆρος
372 1806 427 1874 καὶ
449 1803 609 1888 άκούσας·
631 1802 740 1894 άπαγε
762 1803 874 1875 ὀπίσω
888 1832 964 1893 μου,
980 1811 1153 1891 Σατανᾶλ),
1176 1812 1230 1876 καί
1247 1805 1356 1889 οὕτως
1370 1809 1429 1891 ἔξω

198 1912 258 1977 τοῦ
281 1910 488 1996 παραδείσου
510 1908 661 1996 τυγχάνει
680 1907 885 1996 βαλλόμενος
907 1909 955 1990 είς
976 1909 1016 1977 τδ
1032 1914 1100 1998 πῦρ
1115 1909 1155 1977 τὸ
1170 1909 1333 1992 αἰώνιον),
1358 1907 1429 1977 οάτε

196 2011 251 2078 ’δέ
281 2021 421 2097 γυναῖκα
452 2017 737 2099 παραπείθουοαν
770 2011 1002 2100 φυλαξόμεθα.
1046 2011 1080 2079 έν
1101 2011 1163 2099 γάρ
1186 2014 1226 2100 τῇ
1248 2005 1429 2098 ἀναστάσει

200 2109 279 2180 οάτε
299 2116 462 2199 γαμοῦσιν
485 2110 561 2182 οὔτε
581 2114 792 2200 γαμίζονται,
823 2107 892 2182 ἄλλ’
917 2112 1002 2182 εἰσὶν
1025 2109 1070 2194 ῶς
1092 2112 1290 2202 ῑάγγελοιἼ,
1319 2111 1429 2183 καλλι

199 2217 340 2300 Χριστῷ
360 2209 464 2301 Ἰησοῦ
487 2214 581 2304 καινὴ
603 2220 737 2297 κτίσιςίγ
761 2216 872 2285 ἔσται·
901 2219 955 2283 καί
979 2212 1056 2286 οὔτε
1079 2214 1178 2303 άρσεν
1201 2213 1278 2284 οὔτε
1298 2215 1428 2304 θῆλυἾ,

198 2308 284 2381 άλλά
305 2314 418 2381 πάντα
438 2314 495 2382 καὶ
517 2315 551 2383 έν
572 2320 678 2385 πᾶσιν
700 2318 818 2386 1’ἔσται
840 2313 1064 2405 δΧριστάς’)·
1088 2314 1174 2386 ἐ’νθὰ
1189 2319 1225 2385 δὲ
1241 2312 1428 2403 δΧριστάς,

198 2425 300 2495 ποῖος
323 2415 430 2504 φόβος
451 2411 473 2504 ἢ
493 2428 594 2498 ποῖος
615 2420 766 2499 κίνδονδς
788 2419 839 2488 ἔτι
859 2417 1048 2506 γενήσεταις
1108 2415 1113 2428 ’

287 2526 337 2587 70.
386 2521 493 2585 Τοῦτο
517 2519 552 2587 δέ
575 2515 634 2589 ούκ
657 2515 697 2589 άν
720 2519 870 2609 ἐγεγόνει,
894 2519 925 2588 εἰ
945 2525 1068 2605 κτίσμα
1089 2509 1128 2606 ἦν
1151 2514 1170 2585 δ
1193 2518 1306 2606 λόγος·
1329 2519 1428 2607 ἰπρὸς

198 2619 260 2706 γὰρ
288 2626 410 2704 κτίσμα
437 2628 559 2709 κτίσμα
587 2617 633 2690 ῶν
660 2626 714 2697 καὶ
746 2619 765 2690 δ
789 2621 946 2709 διάβολος
968 2616 1052 2705 εἶχεν
1073 2616 1126 2690 άεί
1148 2621 1206 2710 τὴν
1228 2620 1352 2710 μάχην,
1376 2619 1430 2689 καὶ

197 2727 301 2808 μέσος
329 2717 375 2788 ῶν
406 2719 424 2788 δ
453 2721 638 2812 άνθραιπος
659 2723 815 2804 άποπτος
834 2713 879 2814 ἦν
897 2720 950 2792 άελ
970 2727 1017 2810 τῷ
1040 2724 1194 2811 θανάτῳ,
1222 2722 1268 2810 μὴ
1291 2723 1429 2808 ἓχυινέν

196 2813 303 2912 ᾧκαί
326 2818 374 2891 δι’
399 2814 439 2891 οὗ
461 2827 648 2915 συναφθεὶς
668 2830 716 2914 τῷ
737 2829 812 2914 θεῷ
836 2825 1012 2914 ἐλεύθερος
1035 2826 1162 2906 παντὸς
1183 2825 1293 2914 φόβου
1315 2829 1429 2914 1“γένη-

194 2952 263 2994 ται.
303 2923 385 2994 ὅθεν
414 2922 433 3013 ἦ
462 2922 607 3015 άλήθεια
634 2930 781 2997 δείκνυσι
807 2927 852 3014 μὴ
883 2923 1055 2996 εἶναιτῶν
1076 2929 1219 3014 γενητῶν
1240 2926 1299 2994 τὸν
1322 2927 1427 3015 λόγον,

199 3023 284 3096 άλλὰ
304 3030 431 3114 μᾶλλον
453 3029 580 3097 τούτων
601 3023 701 3097 αὐτὸν
718 3027 925 3118 δημιουργόν.
958 3024 1045 3096 οὕτω
1059 3029 1121 3116 γάρ
1136 3031 1190 3097 καί
1205 3028 1428 3117 προςελάβετο

197 3129 237 3197 τὸ
258 3130 392 3218 γενητὸν
414 3133 469 3198 καί
491 3126 710 3219 άνθρῶπινον
732 3134 838 3218 σῶμα,
862 3131 918 3199 ἵνα
939 3134 1038 3198 τοῦτο
1061 3126 1107 3210 ῶς
1129 3130 1329 3218 δημιουργὸς
1351 3126 1429 3199 άνα-

196 3239 350 3311 καινίσας
380 3232 413 3299 έν
443 3232 551 3319 ἑαυτῷ
573 3233 781 3322 θεοποιηση,
807 3235 866 3301 καὶ
888 3229 994 3312 οὕτως
1016 3232 1063 3312 είς
1082 3234 1257 3318 βασιλείαν
1281 3227 1428 3321 οὐρανῶν

198 3333 350 3420 είςαγάγη
367 3333 510 3414 ’πάντας
537 3329 624 3423 ἡμᾶς
644 3331 721 3404 καθ’
748 3332 929 3424 ὁμοιότητα
951 3333 1085 3403 ἐκείνου.
1124 3329 1182 3401 οὐκ
1204 3329 1244 3401 ἂν
1268 3335 1304 3402 δέ
1326 3335 1428 3403 πάλιν

112 3432 412 3523 τετεέθεοποιήθη
435 3444 591 3522 κτίσματι
612 3440 800 3527 συναφθεὶς
821 3433 840 3505 o‘
863 3435 1057 3524 άνθροιπος,
1080 3436 1110 3505 εἰ
1130 3435 1176 3526 μὴ
1198 3435 1282 3517 θεὸς
1296 3425 1336 3526 ἦν
1352 3431 1449 3524 άλη-

196 3536 299 3617 θινὸς
321 3533 338 3603 δ
360 3538 447 3619 υἱός,
476 3541 531 3606 καί
554 3535 613 3608 ούκ
634 3535 674 3608 άν
695 3545 845 3629 παρέστη
866 3541 914 3626 τῷ
936 3536 1043 3625 πατρὶ
1064 3531 1083 3603 δ
1105 3536 1304 3624 ἄνθρωπος,
1334 3536 1427 3624 εἰμὴ

105 3645 110 3658 ’
197 3635 301 3728 φύσει
321 3637 377 3706 καὶ
400 3634 561 3728 ἀληθινὸς
583 3631 622 3730 ἧν
638 3637 739 3710 αὐτοῦ
760 3640 873 3728 ιλόγος
889 3638 907 3706 ὁ
924 3639 1142 3725 ἐνδυσάμενος
1156 3637 1195 3707 τὸ
1211 3643 1318 3725 σῶμα.
1350 3637 1428 3708 Ι’καὶ

182 3865 185 3871 ,
267 3813 292 3873 1)
310 3815 377 3864 Ιοιο.
398 3816 437 3874 14,
456 3815 496 3865 30.
584 3815 609 3872 2)
630 3817 650 3866 l.
670 3816 736 3865 Ιοιο.
755 3815 778 3877 3,
797 3815 821 3866 8.
908 3813 1019 3873 θλίονο.
1041 3814 1081 3874 14,
1101 3813 1125 3863 3.
1198 3812 1371 3874 4)ίδιῑῑίι.4,
1391 3812 1426 3864 10.

196 3881 442 3946 δ)1δεῑῑλι.22,30.
514 3883 540 3945 6)
559 3885 635 3935 Galat.
654 3883 679 3944 6,
700 3884 740 3934 15.
809 3883 835 3942 7)
854 3882 930 3934 Galat
950 3881 975 3941 3,
994 3881 1034 3932 28.
1105 3881 1131 3941 8)
1150 3881 1246 3932 Coloss.
1264 3880 1291 3942 3,
1312 3881 1353 3934 11.

231 4017 252 4053 τ.
272 4002 371 4064 8εςυει.
390 3996 566 4068 διαμένωσιν.
873 4002 897 4051 δ.
916 4001 1056 4064 8εςοειίαο.
1080 3999 1178 4051 Gobler.
1196 3999 1303 4049 Felckm.
1323 3999 1347 4049 1.
1366 4007 1390 4049 ει
1404 3995 1427 4049 4.

229 4071 254 4120 b.
273 4071 413 4149 Seguqerian.
438 4072 536 4122 Gobler.
555 4070 660 4148 Eelckm.
680 4071 702 4120 1.
722 4079 746 4121 ει
763 4071 786 4120 4.
837 4062 948 4117 τούτων
966 4061 1004 4118 δέ.
1038 4068 1083 4117 Alii
1102 4076 1125 4116 ει
1143 4068 1200 4117 edili
1218 4059 1327 4146 τούτων
1345 4053 1400 4117 σιἰν.
1446 4138 1451 4151 Ρ

194 4139 789 4274 ἓῗίῗ”ἕῗῗῖἶλὲἕῖλῖ“δύο“ἶί’ῶῒ’λλ“λί
840 4135 1221 4267 ο.11.“3λῗ”ὲὲ,“ιῖἓ.’ά.λὶάὶ
1229 4131 1427 4254 mx

195 4265 327 4341 αριῖρητο.
496 4327 498 4332 ,
839 4266 884 4320 καὶ
902 4265 1006 4321 λοιπόν.
1042 4272 1213 4334 Ιυίδ.8εςοοι.
1234 4262 1305 4321 οὐδέ.
1333 4271 1428 4322 minet

230 4357 253 4391 ε.
280 4343 377 4392 Gohler.
409 4343 515 4392 Felckm.
535 4342 557 4392 1.
577 4350 601 4392 ει
617 4341 642 4392 4.
670 4333 785 4406 εὑρήσει.
840 4341 881 4390 alii
898 4335 946 4388 καί
962 4341 1082 4390 omittunt

196 4407 258 4459 ίίνίδ.
284 4411 381 4461 Gohler.
403 4418 428 4461 et
452 4411 556 4463 Felckm.
579 4412 600 4461 1.
617 4401 733 4475 ἒνὶμοί,
751 4400 789 4462 εἷς
875 4410 892 4458 1.
917 4411 957 4458 Sic
975 4409 1074 4470 Seguer.
1094 4406 1192 4460 Gobler.
1211 4405 1319 4458 Felekm.
1334 4406 1356 4457 1.
1368 4404 1426 4457 ιιλ.

197 4473 280 4526 τοῦτο
291 4472 352 4543 ’γάρ
371 4487 418 4530 etc.
837 4477 869 4530 Δί
886 4477 910 4527 in
928 4476 983 4527 aliis
1001 4485 1025 4527 ει
1042 4476 1112 4526 editis
1130 4468 1161 4526 δέ
1177 4474 1254 4527 deest.
