2948 5092
459 254 659 302 snnsnouun
675 233 996 307 ssussumnmmsu.
1284 244 1344 306 129

122 412 201 486 „rit3
229 427 298 472 uem
328 408 481 489 sopientes
507 407 611 469 Graeci
644 426 677 467 se
706 426 829 470 suorum
851 407 995 470 librorum
1026 411 1154 472 faetores
1187 410 1430 490 appellantem

120 511 262 588 „temetsi
282 510 373 572 iitem
393 510 587 590 propriorum
609 508 754 571 librorum
775 519 877 590 putres
899 520 986 581 sunt,
1014 511 1112 572 divine
1141 519 1240 573 autem
1262 511 1345 573 Sori-

118 622 229 693 „ptun
250 631 310 675 uos
333 611 433 674 oondis
455 619 590 674 motuum
611 613 741 673 foetores
761 621 926 690 nuncupet,
960 631 1026 674 oum
1048 631 1105 674 nos
1126 613 1197 674 dicit
1217 596 1346 675 suctores

119 715 218 794 „legis
240 722 273 776 et
292 712 393 775 iudioii
416 721 447 775 et
467 711 629 774 iustitiae.“
672 712 774 790 tuque
796 730 969 792 quocumque
991 732 1026 774 ex
1049 721 1132 793 parte
1153 731 1204 775 res
1226 721 1344 793 specte-

118 828 179 891 tur,
207 815 305 898 probe
327 821 558 888 commonstrat,
585 812 692 875 Filium
719 831 776 874 neo
802 819 928 875 meatem
957 833 1013 877 neo
1042 816 1146 877 iactum
1179 835 1243 877 rom
1265 831 1345 886 esse,

119 938 207 999 seque
224 936 247 980 n
268 936 359 998 prem
381 916 557 978 Asianorum
579 914 713 976 doctrina
734 913 872 977 alienum.

199 1125 253 1186 22.
297 1121 408 1182 Verum
435 1137 473 1181 ne
501 1117 568 1198 quis
589 1117 767 1179 Asianorum
796 1135 862 1178 eum
892 1117 1060 1197 suspioetun
1082 1118 1209 1202 dixisse,
1239 1120 1344 1184 Filium

118 1225 153 1285 ite
174 1223 256 1284 Petri
277 1221 464 1293 coexistere,
493 1230 525 1281 ut
552 1220 673 1281 uomina
701 1217 820 1298 quidem
848 1218 905 1282 sibi
927 1219 1051 1282 invicem
1074 1220 1267 1295 cohaereant,
1295 1240 1345 1284 res

117 1332 212 1387 eutem
234 1341 252 1385 e
275 1321 457 1384 seinvicem
478 1320 637 1401 plurimum
659 1319 788 1393 distent,
821 1330 851 1382 et
878 1339 975 1400 neque
996 1320 1102 1382 Filium
1124 1339 1245 1401 semper
1265 1322 1345 1385 Potui

119 1424 298 1499 ooextitisso
320 1442 356 1486 ex
379 1442 439 1504 quo
460 1431 558 1485 eutem
579 1421 672 1483 Filius
695 1440 763 1484 esee
785 1421 893 1501 eoepit,
917 1440 951 1483 ex
967 1439 1003 1483 eo
1017 1421 1111 1484 Deum
1126 1421 1236 1484 dietum
1251 1422 1346 1485 tuisse

118 1526 242 1598 Panem,
265 1533 298 1587 et
318 1525 426 1586 dehine
446 1524 486 1585 iDi
509 1523 685 1596 coexistere,
708 1530 742 1584 ut
761 1523 795 1585 iit
815 1523 892 1602 opud
911 1522 1060 1584 homiues.
1104 1523 1161 1585 Sed
1177 1524 1347 1586 meminerit

119 1646 229 1701 eornm,
252 1645 329 1706 quae
352 1644 441 1704 supm
463 1624 539 1687 dicte
562 1636 643 1696 suut,
665 1632 788 1703 tumque
802 1623 934 1704 Dionysii
949 1624 1037 1686 iidem
1060 1632 1170 1685 rectem
1194 1633 1345 1703 agnoscet.

119 1727 189 1790 Nem
209 1745 280 1790 oum
302 1726 398 1789 dimt:
422 1743 504 1800 „non
527 1727 606 1788 onim
630 1735 695 1788 enat
715 1744 782 1788 oum
793 1724 872 1787 Deus
895 1744 956 1786 noo
979 1734 1062 1787 esset
1082 1731 1209 1805 peten;“
1234 1735 1263 1786 et
1285 1726 1344 1787 ite-

119 1848 196 1890 rum:
221 1828 325 1903 „Deus
347 1836 446 1890 autem
467 1837 587 1890 aeterno
609 1828 656 1890 lux
681 1838 736 1901 est,
759 1846 834 1906 quae
856 1845 1005 1906 nunquam
1026 1826 1166 1905 incoepit,
1194 1845 1343 1905 nunquam

122 1930 282 2004 „desinon
304 1937 444 1991 uetemm
466 1947 537 2008 engo
561 1928 705 2008 splendor
725 1928 783 2008 ipsi
805 1927 955 2006 praelucet
976 1936 1006 1989 et
1027 1927 1177 2000 coexistit,
1200 1928 1250 2006 qui
1272 1927 1345 1988 ebs-

121 2049 201 2110 „quo
222 2030 309 2092 initio
338 2038 386 2091 est
414 2039 443 2091 et
470 2029 507 2091 ab
534 2040 657 2091 aeterno
686 2030 802 2108 genitus
831 2038 899 2090 ante
928 2048 995 2090 eum
1019 2029 1168 2102 emiout;“
1197 2046 1251 2106 par
1273 2046 1345 2090 sene

122 2131 172 2193 tm
191 2131 342 2193 neminem
364 2131 432 2192 talia
454 2132 491 2193 de
512 2131 563 2192 illo
586 2129 742 2210 suspicari.
785 2130 925 2210 Exempla
944 2149 1062 2210 qnoque
1084 2130 1176 2191 sontis
1199 2147 1234 2190 no
1254 2130 1345 2206 fluvii,
1399 2168 1402 2177 =

123 2233 223 2294 rudius
245 2240 277 2294 et
298 2232 452 2311 germinis,
474 2232 597 2311 spiritus
620 2240 650 2293 et
672 2231 791 2311 vaporis
806 2230 915 2292 Chmsti
937 2232 1053 2306 hostes,
1076 2231 1126 2310 qui
1148 2231 1295 2292 oontmniu
1310 2232 1347 2293 de
1402 2224 1405 2228 ’

125 2332 168 2394 ἰΙΙο
190 2334 396 2407 disseminant,
418 2334 534 2414 pudore
556 2332 740 2395 suffundunt

203 2639 252 2701 23.
297 2635 371 2698 Cum
393 2646 491 2699 autem
512 2637 601 2699 Arius
624 2637 659 2699 ad
682 2644 778 2697 cetere
802 2655 855 2696 sua
877 2637 953 2696 mala
974 2636 1052 2697 hene
1073 2654 1191 2715 quoque
1222 2645 1346 2697 seuten-

133 2737 189 2798 tiam
210 2739 294 2818 quasi
318 2756 354 2798 ex
375 2737 561 2816 sterquilinio
585 2739 642 2799 sibi
664 2737 878 2799 consummarit
905 2747 935 2799 et
964 2738 1037 2798 haec
1059 2737 1214 2798 adiecerit:
1249 2737 1345 2810 „Ver-

135 2837 215 2907 „bum
237 2857 298 2900 uon
321 2826 369 2899 est
387 2838 543 2917 proprium
565 2838 655 2911 Patri,
680 2838 732 2899 sed
756 2838 832 2899 aliud
856 2847 902 2899 est
918 2839 948 2899 iu
964 2837 1025 2898 Deo
1041 2837 1188 2909 Verbum;
1210 2838 1259 2900 hio
1274 2858 1345 2900 veno

136 2936 287 3009 „Dominus
319 2949 476 3000 extraneus
509 2939 630 3020 quidem
657 2948 687 3000 et
716 2939 829 3000 alienus
858 2948 904 3000 est
931 2959 947 3000 e
975 2938 1072 3000 Patris
1102 2938 1282 3012 substantia,
1318 2948 1347 3001 et

136 3039 284 3108 ‚omont
305 3039 468 3102 seeundum
491 3039 638 3120 cogitandi
660 3040 782 3102 modum
804 3040 911 3102 dicitnr
926 3040 1062 3113 Verbum,
1087 3050 1115 3101 et
1136 3058 1198 3101 uon
1220 3049 1268 3101 est
1294 3048 1431 3103 sot-too.

135 3141 274 3217 ,mnium
296 3149 432 3203 naturam
453 3161 488 3203 ao
509 3160 597 3202 uerus
618 3141 672 3202 Dei
694 3140 790 3213 iilins;
825 3141 876 3202 sed
905 3160 959 3220 per
986 3142 1175 3221 adoptionem
1198 3142 1247 3203 hio
1269 3161 1346 3222 quo-

136 3259 205 3318 „que
225 3242 307 3304 tilius
328 3234 464 3317 dicitur(
476 3251 581 3322 utpote
602 3246 780 3316 ereetum;“
803 3250 833 3302 et
854 3242 924 3303 dum
939 3243 1012 3304 haec
1026 3243 1067 3303 eit
1082 3243 1150 3322 [leg.
1166 3244 1248 3322 uisu,
1270 3245 1348 3323 apud

134 3357 188 3415 eos,
215 3343 267 3422 qui
297 3344 342 3404 rei
371 3343 524 3404 veritatem
554 3344 708 3423 ignorent,
737 3341 880 3421 gloriatur
910 3344 976 3422 [leg.
1000 3343 1173 3423 glorietur]‚
1203 3346 1287 3423 quasi
1317 3346 1347 3406 in

132 3438 178 3501 iou
196 3442 358 3522 Dionysius
381 3462 483 3505 senum
506 3443 632 3521 sentiut;
658 3452 721 3507 tute
750 3462 860 3522 quaeso
883 3444 1000 3518 videas,
1032 3464 1108 3524 quae
1135 3445 1172 3507 do
1199 3447 1236 3509 iis
1258 3447 1350 3508 tuerit

131 3539 248 3625 Dionysii
270 3545 363 3617 tides,
392 3552 423 3606 et
444 3564 500 3624 quo
522 3545 549 3606 ui
572 3514 721 3607 mosterii
745 3554 896 3623 oppugnet
917 3565 1057 3607 errores·
1091 3546 1125 3607 ln
1146 3548 1243 3625 primo
1267 3548 1347 3609 enim

129 3642 194 3707 libro
213 3647 259 3709 sio
281 3645 400 3707 scribit:
423 3646 560 3722 „Dictum
583 3657 629 3708 est
650 3645 789 3726 superius
804 3646 898 3708 Deum
914 3665 983 3708 esse
1006 3649 1117 3709 iontem
1141 3648 1271 3709 omnium
1286 3648 1344 3709 bo-

129 3766 270 3820 ,.norum‚
304 3747 396 3810 Filius
428 3766 499 3809 nero
528 3749 623 3810 dictus
653 3757 699 3809 est
727 3747 834 3809 fluvius
863 3747 899 3808 ab
931 3748 998 3826 ipso
1032 3765 1189 3809 emanans:
1223 3748 1347 3811 verbum

126 3927 704 4066 iiii‘iifflii‘ii0s³”i²q‘iiiis²⁸iii.ss
746 3934 854 4065 {2¹22}
880 3934 1004 4050 iiiiii
1022 3943 1107 4059 titt
1138 3933 1346 4053 ttttt‘itttt

125 4082 189 4132 supra
208 4084 267 4120 unm
289 4069 329 4119 15.
757 4071 813 4130 Res.
833 4069 931 4119 Tunrin.
949 4068 1019 4118 Coto.
1040 4069 1084 4117 ies.

152 4153 171 4185 e
189 4138 358 4187 Tertullianus
376 4137 619 4187 ednemustxoom
638 4133 705 4200 [cup.
792 4151 814 4198 g.
840 4137 918 4186 Haec:
953 4130 1000 4185 καὶ
1018 4125 1159 4202 ἇλλότριός
1176 4128 1234 4184 ἐστι
1258 4137 1347 4186 desunt

123 4202 182 4268 Dp.
200 4206 258 4256 out.
280 4206 320 4255 ed.
339 4199 442 4270 nisan]
461 4205 521 4254 bueo
538 4207 593 4268 ipss
612 4204 706 4267 protest
759 4207 783 4253 iu
803 4204 899 4253 Tauris.
920 4203 989 4253 Coti).
1009 4204 1055 4253 ies.
1075 4213 1098 4252 et
1117 4205 1154 4253 Fr.
1175 4204 1192 4253 Ι.
1229 4203 1276 4253 Sed
1302 4204 1346 4253 im·

124 4275 242 4337 exempla:
266 4274 314 4324 Neo
331 4276 427 4336 frutex,
447 4273 494 4332 eit,
512 4289 526 4322 a
544 4273 637 4333 radies,
666 4287 706 4322 neo
761 4273 848 4321 Dentur
866 4273 889 4321 in
908 4271 963 4334 fleg.
983 4279 1007 4320 et
1025 4272 1048 4321 in
1068 4272 1147 4320 oditis.

121 4341 198 4398 turim
216 4358 231 4392 a
248 4347 322 4406 sonte,
343 4340 480 4390 secretius
498 4357 513 4389 o
531 4341 580 4390 sote
594 4341 707 4390 discerni·
796 4340 819 4387 h.
838 4340 934 4388 Teurin.
954 4339 1015 4389 Coib
1035 4340 1081 4389 iesu
1101 4330 1190 4391 αὐτός.
1256 4397 1264 4415 Ι

122 4415 162 4467 ter,
181 4411 240 4460 sicet
259 4427 275 4459 o
293 4411 343 4459 Deo
364 4423 448 4457 sermo.
795 4408 810 4455 i.
843 4408 939 4457 Teurin.
966 4407 1035 4456 Colb.
1068 4408 1114 4457 les.
1138 4400 1184 4453 καὶ
1208 4399 1346 4455 iuuetur.

151 4478 167 4525 t
190 4478 247 4540 Dee.
276 4477 309 4527 de
337 4489 408 4524 mors
435 4470 615 4540 opototnoc.
657 4473 710 4525 iton
761 4473 814 4524 Mox
832 4468 863 4523 δέ
878 4483 937 4539 post
952 4466 1079 4540 ποταμός
1096 4474 1165 4524 deest
1183 4475 1206 4524 in
1225 4473 1295 4525 Cotb.

151 4564 276 4610 tinnitu
286 4574 343 4610 one.
352 4573 427 4607 noem.
440 4573 489 4606 ιιι.
1129 4558 1145 4608 9
