2948 5092
478 197 1013 275 mrsromnn'sanrsumnroursn.
1301 223 1361 286 135

136 378 232 441 trium
251 377 360 441 ermtit
379 376 541 458 ambasque
563 378 703 440 haereses
724 379 806 459 paris
825 379 985 460 impietatis
1001 381 1146 458 declarat3
1169 405 1265 465 neque
1281 390 1446 454 enimam.

135 479 258 543 Verbum
279 487 329 541 est
348 478 438 540 Verbi
459 485 560 558 paler,
592 498 689 558 neque
711 480 819 541 lactum
841 489 902 551 est,
936 484 1016 561 quod
1046 503 1081 545 ex
1100 484 1360 568 Patre-procedit,

132 581 180 642 sed
207 580 333 662 propria
359 578 425 641 eius
453 579 637 643 substantiae
664 581 776 660 proles.
821 581 1009 663 Rursumque
1037 584 1165 648 Verbum
1193 591 1360 667 procedens

131 701 188 743 non
210 689 260 744 est
280 680 387 753 Pater,
408 699 468 749 nec
488 679 614 771 Verbum
635 681 716 743 istud
738 701 829 744 unum
852 703 887 744 ex
909 685 1009 746 multis
1033 695 1096 760 est,
1131 689 1183 750 sed
1207 690 1290 751 solus
1313 699 1363 754 est

129 783 224 844 Patris
245 780 342 845 Filius
362 800 453 843 verus
476 789 508 844 et
526 787 631 845 natura
653 783 819 863 genuinus,
842 784 891 863 qui
914 794 944 848 et
964 804 1044 848 nunc
1065 787 1095 850 in
1118 788 1185 869 ipso
1209 792 1309 854 existit
1330 800 1361 856 et

128 884 157 944 in
177 890 334 945 aeternum
356 894 445 961 atque
465 880 684 947 indivisibiliter
705 902 741 945 ex
764 903 799 945 eo
822 895 878 947 est.
911 886 962 948 Sic
983 898 1013 949 et
1028 887 1179 968 Sapientia
1200 902 1231 955 et
1246 892 1359 956 Veritas

128 994 170 1046 est
191 984 353 1057 Dominus,
375 992 407 1046 et
427 1003 488 1045 non
510 990 557 1046 est
576 982 614 1044 ab
636 984 691 1045 alia
713 985 857 1064 sapientia
879 988 1046 1063 secundus;
1069 991 1123 1053 sed
1140 991 1222 1054 solus
1238 993 1286 1055 bie
1301 1003 1359 1070 est,

127 1104 177 1169 per
199 1104 290 1166 quem
313 1087 413 1147 omnia
436 1085 523 1146 Pater
542 1085 688 1159 condidit,
718 1085 749 1146 in
770 1086 897 1167 ipsoque
919 1088 1096 1170 multiplices
1119 1112 1220 1155 rerum
1243 1096 1359 1158 consti-

128 1187 180 1247 tnit
202 1177 406 1259 substantias,
429 1184 592 1266 perquem
614 1187 702 1248 etiam
724 1188 831 1267 quibus
855 1189 915 1251 vult
936 1190 1115 1267 innotescit,
1144 1193 1175 1255 in
1197 1194 1264 1275 ipso
1286 1197 1360 1260 item

127 1287 260 1350 omnium
282 1287 499 1368 providentiam
521 1288 612 1366 gerit,
646 1286 743 1348 omnia
766 1289 835 1368 agit.
878 1289 943 1352 iioc
964 1291 1043 1353 enim
1066 1292 1185 1356 unicum
1206 1295 1259 1358 Ilei
1281 1297 1358 1360 Ver-

126 1388 195 1450 bnm
217 1388 339 1468 agnorb
360 1397 391 1450 et
411 1387 581 1468 Dionysius.
625 1388 705 1450 Haec
733 1397 779 1451 est
799 1389 933 1470 Dionysii
961 1392 1045 1455 tides.
1090 1395 1186 1457 Pauca
1215 1399 1294 1459 enim
1321 1416 1358 1462 ex

127 1490 189 1552 eius
212 1490 350 1570 epistolis
373 1489 493 1552 collecta
515 1489 692 1569 conscripsi,
720 1507 794 1570 quae
817 1499 914 1551 tamen
936 1492 1021 1571 plura
1043 1495 1171 1558 addendi
1193 1498 1246 1559 tibi
1269 1519 1357 1562 occa·
1459 1487 1464 1495 ⁸

127 1591 242 1653 nonem
262 1591 440 1672 praebeant,
468 1591 593 1652 Arianos
624 1609 695 1653 vero
722 1591 850 1653 maximo
878 1592 994 1672 pudore
1017 1596 1191 1662 sullundant
1211 1600 1250 1661 ob
1267 1620 1359 1665 suam

127 1693 269 1755 maerens
289 1692 474 1773 Episcopum
488 1691 680 1753 calumniam.
724 1692 757 1753 lu
782 1692 920 1754 omnibus
943 1695 1052 1776 quippe
1074 1699 1194 1782 scriptis
1217 1702 1279 1764 suis
1302 1723 1357 1766 ρο.

127 1812 190 1855 rnm
211 1793 354 1856 malitiam
367 1794 511 1873 'coarguit
532 1804 561 1854 et
582 1793 729 1856 baeresim
752 1793 890 1855 traduxit.

209 2200 262 2263 26.
305 2199 348 2261 lix
370 2201 419 2262 bis
441 2200 540 2279 itaque
560 2207 657 2280 patet,
689 2199 844 2279 epistolam
872 2201 908 2261 ad
930 2200 1154 2279 Euphranorem
1179 2212 1209 2264 et
1230 2205 1353 2266 Amniu-

130 2297 205 2360 nium
227 2299 283 2362 alia
304 2312 405 2363 mente
427 2313 513 2363 etex
536 2301 711 2364 oeconomia
732 2301 857 2379 quadam
880 2301 1000 2389 abipso
1016 2303 1157 2384 scriptam
1173 2323 1250 2379 esse,
1274 2307 1354 2386 quod

132 2398 195 2462 item
223 2420 261 2463 ex
293 2402 359 2465 eius
387 2402 523 2482 apologia
550 2402 770 2481 comprobatur.
822 2401 859 2464 Et
887 2412 934 2464 est
962 2422 1031 2465 vere
1059 2412 1126 2484 apta
1153 2392 1363 2487 persuadendi

132 2500 218 2563 torma
241 2503 278 2564 ad
300 2503 446 2565 insaniam
470 2503 587 2566 Sabellii
611 2503 810 2576 evertendam,
833 2512 866 2565 ut
886 2504 936 2583 qui
955 2523 1097 2585 sequaces
1114 2506 1177 2568 eius
1193 2507 1250 2568 cito
1266 2526 1353 2568 coar-

134 2617 213 2677 guere
235 2603 320 2677 velit,
354 2623 414 2666 non
443 2604 478 2665 ab
507 2605 688 2684 argumentis
722 2605 786 2666 eius
815 2604 995 2667 divinitatem
1017 2605 1214 2669 indicantibus
1237 2607 1354 2670 initium

134 2701 211 2763 ducat
232 2722 339 2785 nempe
362 2705 467 2767 Filium
490 2724 558 2767 esse
578 2706 717 2781 Verbum,
739 2704 920 2785 Sapientiam
943 2715 972 2767 et
986 2706 1140 2778 Virtutem,
1164 2708 1269 2769 neceb
1285 2708 1352 2771 illo:

135 2802 187 2882 dgo
208 2817 238 2866 et
259 2805 354 2868 Pater
375 2826 470 2868 cnam
492 2827 613 2880 samus,
636 2825 674 2868 ne
696 2805 748 2880 illi,
771 2826 846 2886 quae
868 2815 948 2868 recte
971 2807 1047 2869 dicta
1070 2817 1148 2881 suut,
1171 2809 1207 2869 ad
1230 2828 1353 2890 pravum
1451 2793 1455 2804 ⁵

135 2923 245 2968 sensum
267 2906 479 2986 detorquentes
501 2907 681 2986 impudentis
697 2908 896 2970 contentionis
913 2907 1099 2971 occasionem
1114 2909 1184 2971 binc
1198 2909 1352 2990 arripiant,

135 3005 193 3068 dum
215 3008 352 3070 audiunt:
384 3009 444 3088 Ego
467 3022 496 3073 ct
518 3009 727 3074 Paterninum
750 3029 862 3081 scmus,
885 3018 931 3071 et:
963 3009 1027 3084 Qua·
1046 3011 1121 3074 vidit
1141 3029 1202 3084 nte,
1227 3014 1302 3074 uidit
1323 3022 1353 3075 et

134 3106 246 3170 Patrem
267 3129 379 3180 mm,
415 3110 468 3172 sed
491 3110 653 3171 Salvatoris
683 3110 818 3189 exemplo
847 3110 1017 3189 praemittat
1039 3130 1090 3182 ca,
1119 3130 1193 3190 quae
1221 3112 1351 3175 humano

134 3227 205 3271 nore
226 3210 265 3271 de
287 3211 338 3271 illo
361 3210 438 3273 dicta
459 3210 621 3285 habentur,
651 3210 816 3273 cuiusmodi
840 3220 911 3273 suut
931 3212 1063 3286 esurire,
1091 3211 1240 3285 laborare,
1271 3214 1350 3293 quod

134 3309 189 3373 ritis
210 3311 266 3385 sit,
295 3311 376 3391 quod
405 3312 533 3374 oraverit
561 3323 590 3373 et
616 3330 724 3392 passus
752 3312 807 3385 sit3
839 3312 961 3392 quanto‘
979 3313 1058 3375 enim
1086 3314 1159 3376 baec
1180 3314 1258 3376 dictu
1281 3323 1352 3377 sunt

132 3410 296 3486 humiliora,
319 3420 401 3474 tauto
422 3413 562 3501 liquidius
585 3413 822 3488 demonstratur,
848 3413 965 3475 Patrem
988 3434 1050 3476 non
1072 3433 1139 3476 esse
1160 3417 1270 3478 lactum
1291 3415 1349 3476 bo-

131 3513 242 3576 minem.
287 3513 451 3594 Necessum
473 3523 521 3576 est
541 3515 630 3587 enim,
654 3535 720 3577 cum
743 3515 887 3577 Dominus
909 3515 977 3577 vitis
996 3515 1169 3596 appelletur,
1193 3516 1351 3596 agricolam

131 3625 249 3687 entare,
272 3622 304 3676 et
325 3633 391 3677 cum
415 3621 490 3687 uret,
519 3634 586 3677 esse
609 3616 660 3696 qui
682 3616 834 3689 exaudiat,
858 3635 923 3678 cum
947 3616 1074 3697 denique
1096 3625 1186 3697 petat,
1210 3636 1278 3680 csse
1299 3618 1348 3698 qui

128 3716 273 3779 concedat.
317 3716 497 3777 Huiusmodi
527 3717 636 3796 quippe
658 3717 735 3778 dicta
756 3718 845 3797 longe
866 3718 980 3780 lucilius
1003 3717 1238 3780 sabellianorum
1265 3715 1339 3781 insa·
1435 3741 1438 3747 ·

126 3816 200 3880 niam
220 3827 476 3892 commonstrant,
504 3819 584 3897 quod
612 3837 737 3881 necesse
759 3820 881 3880 omnino
904 3818 954 3892 sit,
976 3819 1065 3881 alium
1089 3838 1174 3892 esso,
1203 3821 1253 3900 qui
1276 3829 1349 3897 orat,

156 3971 178 4021 d.
198 3971 242 4021 Sic
265 3971 324 4033 lieg.
349 3970 424 4021 basil.
449 3979 473 4021 et
491 3972 563 4031 editi,
589 3981 660 4036 atque
679 3973 710 4021 ita
797 3987 819 4029 g.
838 3972 935 4021 Tauria.
954 3971 1023 4023 Colb.
1041 3972 1087 4021 les.
1105 3969 1186 4037 adop.
1223 3972 1275 4023 llox
1293 3973 1368 4036 nep,

123 4037 239 4089 danninm
271 4040 361 4101 legisse
388 4047 468 4103 patet,
496 4041 536 4103 qui
564 4041 634 4089 vertit
662 4042 711 4090 alic
761 4034 809 4087 καὶ
827 4031 956 4106 ἀμπέλου.
993 4041 1018 4090 ln
1038 4041 1135 4091 Tauria.
1153 4041 1222 4091 Cnlb.
1241 4041 1287 4091 les.
1305 4034 1352 4088 arci

122 4117 198 4157 neate.
235 4107 284 4157 Sed
303 4108 401 4158 Tauria.
421 4107 490 4157 Colb.
509 4108 555 4157 les.
575 4108 611 4156 Fr.
624 4108 641 4156 1.
660 4109 710 4157 sie:
763 4109 840 4157 dcest

121 4165 246 4234 buzam
263 4170 303 4240 μὴ
322 4167 416 4241 φαύλῃ
427 4168 554 4237 διανοίᾳ·
574 4166 709 4237 ἆλλᾶκᾷν.
797 4176 821 4224 b.
840 4174 909 4225 Colb.
926 4174 972 4224 les.
990 4175 1057 4225 rel.
1075 4166 1253 4224 inmodeste.
1286 4175 1349 4243 Editi

152 4261 172 4294 e
190 4234 237 4291 ὅτι
261 4245 332 4294 deest
358 4244 382 4293 in
408 4242 506 4293 Tauria.
531 4243 637 4293 colbert
663 4244 709 4292 les.
761 4251 787 4358 gt
817 4244 875 4306 tleg.
903 4233 1086 4293 ὑπακούοντα.
1139 4243 1193 4293 lior
1217 4244 1275 4305 lleg.
1309 4236 1349 4290 ds·

119 4310 156 4361 dr.
175 4313 194 4362 l.
780 4308 872 4360 oona,

150 4381 167 4429 t.
185 4380 245 4443 [teg.
265 4381 363 4430 Tauria.
384 4378 430 4428 les.
445 4375 547 4445 πεινῇν.
583 4378 710 4429 Voclan-
798 4380 813 4428 i.
838 4378 905 4430 Cnlb.
932 4379 977 4428 les.
1003 4379 1042 4428 Fr.
1059 4368 1245 4428 1.tnauodev.
1290 4379 1349 4441 lleg.

118 4447 162 4498 rin
181 4448 252 4501 colb.
271 4448 319 4499 les.
335 4439 384 4496 καὶ
401 4435 447 4495 ὅτι
463 4436 567 4512 ἔσχετο.
763 4446 861 4498 Tauria.
889 4455 913 4496 et
939 4446 997 4498 editi
1014 4436 1167 4495 ὑπακούων.
1205 4444 1259 4497 llos
1276 4445 1349 4498 'laun
