2948 5092
101 225 141 288 14
614 252 788 298 rasurarxo.

183 393 285 474 ltaque
306 398 442 459 recensui
459 417 573 474 omnes,
595 404 756 482 quaemihi
771 406 972 482 innotuerunt,
993 411 1189 499 bibliothecas
1205 430 1326 499 patrum

97 494 280 574 dogmaticas
295 515 330 558 ac
343 498 503 578 polemicas
520 510 549 563 et
563 504 674 567 diutius
689 524 775 585 mmm
787 509 817 568 in
833 510 930 572 auimo
943 512 1112 591 habueram,
1129 522 1253 598 negotio
1266 524 1327 588 boo

98 597 172 658 satis
194 598 321 660 molesto
344 618 391 661 me
413 619 519 679 passus
542 623 608 666 sutn
630 606 766 668 detineri.
809 609 868 671 Sed
900 630 959 674 non
980 617 1064 694 potui
1087 620 1159 697 quin
1181 622 1324 700 pluribus

95 699 198 761 verbis
208 718 410 773 commorarer
422 703 452 764 in
467 706 601 768 consiliis
615 708 762 770 editorum
775 710 953 789 explicandis
972 725 1003 778 et
1013 717 1210 785 describenda
1222 724 1323 788 libro·

95 818 163 863 rum
178 802 316 872 materia,
327 822 414 883 quam
433 806 462 865 in
477 807 627 888 plerisque
644 827 680 870 ex
698 811 772 872 solis
789 813 880 875 titulis
901 834 1080 895 cognoscere
1095 839 1187 883 nemo
1207 836 1323 904 potest.

94 905 158 969 lam
180 907 236 968 bae
255 906 360 967 notitia
382 907 543 969 lectoribus
564 909 695 973 subiecta
715 920 854 975 testatum
875 925 930 988 est,
951 919 1028 997 quod
1050 921 1131 984 volui
1153 927 1322 1003 testificari,

92 1008 253 1089 praecipua
274 1018 391 1088 patmm
403 1027 576 1089 graecorum
589 1030 666 1074 saec„
679 1012 726 1074 ll.
741 1021 771 1075 et
786 1016 819 1076 v.
835 1019 976 1096 opuscula
988 1019 1163 1100 dogmatica,
1186 1045 1321 1106 quorum

94 1111 272 1192 exemplaria
294 1128 386 1191 supra
407 1111 468 1173 dixi
489 1113 615 1175 maxime
635 1114 809 1190 desiderari,
830 1117 866 1179 ab
887 1119 944 1179 illis
965 1121 1192 1187 collectionibus
1208 1127 1322 1193 abesse

92 1230 192 1293 nque
212 1214 303 1293 igitur
324 1223 425 1275 extare
445 1214 533 1275 talem
554 1233 658 1276 conam
678 1215 832 1291 delectum,
855 1221 906 1299 qui
928 1221 1106 1285 desiderium
1129 1226 1319 1308 integrorum

93 1334 221 1396 operum
242 1314 462 1395 quodammodo
484 1315 608 1395 expleat.
650 1317 827 1397 Excipienda
855 1322 956 1401 utique
984 1331 1030 1385 est
1050 1325 1236 1392 bibliotheca
1260 1351 1317 1412 pa-

92 1428 171 1480 trum
186 1417 388 1493 ldoeslen'aoa,
411 1417 487 1478 sicut
508 1435 545 1477 ex
565 1416 704 1479 universa
725 1419 857 1482 eiusdem
880 1422 1065 1487 institutione
1086 1427 1176 1507 paulo
1201 1440 1275 1493 aute
1299 1452 1316 1494 a

91 1538 141 1583 me
162 1519 333 1581 adumbrata
355 1526 486 1598 apparet.
530 1518 666 1581 Continet
693 1520 773 1582 euim
799 1522 947 1585 volumine
975 1531 1080 1608 perlato
1108 1542 1249 1610 excerpta
1279 1553 1316 1598 ex

90 1621 243 1684 nonnullis
263 1620 413 1682 Athanasii
434 1620 597 1700 opusculis,
618 1639 654 1682 ex
675 1620 796 1684 Eusebii
817 1623 1043 1704 Praeparatione
1065 1636 1096 1690 et
1112 1629 1297 1697 Demonstro

89 1726 172 1787 tione
193 1723 358 1802 evangeliea
379 1730 467 1800 atque
488 1721 584 1784 tribus
604 1722 641 1783 do
663 1723 810 1803 theologia
833 1726 1029 1789 ecclesiastica
1050 1728 1145 1804 libris,
1161 1751 1198 1794 ex
1222 1734 1314 1799 Cate-

88 1824 229 1891 ebeslbus
250 1824 355 1889 xtttt.
377 1822 474 1903 Cyrilli
496 1823 771 1903 Hierosolymitani:
793 1838 880 1889 sexto
902 1846 937 1888 ex
959 1830 1104 1892 ducorato
1129 1842 1158 1913 et
1180 1833 1313 1898 Panario

86 1929 254 2011 Epiphanii.
285 1935 439 2008 praeterea
468 1944 504 1986 ea
526 1925 586 1987 'l'iti
607 1925 777 1988 bostrensis
804 1936 905 1989 eontra
927 1929 1112 1993 blauicbaeos
1141 1943 1171 1995 et
1192 1935 1313 2017 Didymi

85 2032 275 2097 Alexandrini
306 2029 345 2091 de
378 2028 485 2108 spiritu
518 2036 622 2089 sancto
653 2027 754 2090 libris:
789 2035 912 2110 septeno
945 2032 1091 2111 epitomas
1123 2036 1311 2115 scriptorum

85 2130 313 2219 praecipuorum
332 2130 433 2193 basilii
446 2131 541 2211 llagui
563 2137 593 2191 et
615 2131 769 2211 utriusque
785 2130 929 2209 Gregorii,
950 2131 1020 2193 item
1042 2133 1186 2198 historiae
1209 2140 1311 2203 eecle-

85 2238 223 2303 siastieae
254 2234 387 2314 liragrii:
421 2244 528 2296 oetaeo
559 2231 718 2294 summaria
751 2231 846 2311 Cprilli
878 2232 1064 2294 Alexandrini
1092 2235 1241 2300 librorum
1274 2243 1309 2305 V.

84 2350 188 2405 eontra
219 2337 391 2401 Nestorium
427 2346 457 2396 et
488 2333 577 2395 unius
608 2342 710 2395 contm
746 2333 1079 2413 Anthropomorpbitas,
1117 2338 1309 2418 dialogorum

84 2441 278 2509 'l'beodoreti
299 2439 428 2519 denique
440 2436 565 2498 loannis
581 2434 751 2497 bamasoeui
774 2435 811 2495 de
825 2433 988 2496 orthodoxa
1000 2436 1067 2498 lide.
1095 2438 1182 2518 Atqui
1203 2460 1308 2520 nemo,

82 2546 184 2612 medo.
206 2560 285 2605 nuuc
307 2542 374 2607 erit,
396 2540 446 2621 qui
468 2537 637 2607 arbitretur,
660 2536 854 2597 Roesleriano
874 2553 965 2614 opere
985 2537 1142 2600 desideriis
1165 2550 1196 2603 et
1218 2561 1307 2606 com-

82 2649 182 2715 mutis
214 2644 437 2723 mitigarem,
471 2639 577 2721 quibus
604 2638 654 2700 ille
688 2638 834 2700 inservire
868 2636 975 2710 uoluit,
1011 2639 1083 2700 satis
1120 2658 1189 2702 esse
1226 2663 1304 2723 pro-

82 2762 216 2835 spretum
238 2748 328 2827 idque
348 2746 437 2808 etiam
459 2744 518 2805 boe
537 2750 642 2804 nostro
663 2748 797 2820 tempore
814 2739 955 2801 historiae
970 2738 1137 2817 dogmatum
1153 2744 1304 2809 studiosis

80 2850 348 2921 ωιιιιιιιιιιιιιιιίιιιιι
370 2866 439 2910 esse
460 2856 599 2925 uuquam
620 2841 869 2905 accommodatum
891 2841 1025 2918 ipsorum
1047 2841 1152 2902 usibus
1176 2852 1207 2905 et
1234 2850 1302 2909 sul-

79 2960 192 3017 dta'eus.
238 2948 345 3023 titud?
375 2949 456 3027 qnid
489 2946 648 3007 lloeslertss
679 2943 745 3020 ipse
772 2942 881 3011 sensit,
916 2940 947 2998 iu
976 2940 1123 3003 eiusmodi
1152 2949 1301 3028 excerptis

76 3068 264 3129 „puppem
291 3064 352 3107 mitt
380 3062 486 3123 praese,
518 3043 569 3120 uni
599 3043 631 3103 iu
666 3039 888 3100 familiaritatem
921 3046 1038 3115 patrum
1070 3041 1183 3107 intrare
1210 3056 1300 3128 atque

75 3158 193 3239 pariture
215 3150 246 3211 iu
269 3146 446 3223 tlreolupiarn
469 3160 573 3203 uirum
594 3158 628 3202 se
650 3138 800 3200 insinuare
821 3137 919 3210 velint,
943 3147 972 3199 et
992 3151 1151 3220 propterea
1170 3151 1300 3226 graviter
1343 3220 1347 3229 ⁸

73 3260 104 3319 p,
127 3250 309 3333 perseeutione
331 3245 503 3305 attractatus
525 3250 571 3301 est
593 3237 758 3315 theologos,
781 3246 823 3310 ut,
854 3237 879 3298 si
902 3239 981 3300 vires
1003 3240 1116 3320 ingenii
1138 3259 1299 3329 suppetant

72 3364 101 3417 et
123 3354 217 3414 utiuau
240 3346 443 3423 liburniaeque
464 3340 565 3421 eopia,
595 3339 708 3417 integra
733 3347 849 3418 patrum
876 3340 986 3418 scripta
1014 3361 1119 3422 graece
1147 3358 1177 3409 et
1204 3349 1297 3415 latino

70 3452 168 3531 legarit
190 3465 286 3527 tangito
309 3446 365 3507 larse
386 3442 486 3505 labrire
508 3437 697 3519 supersederi
718 3456 810 3519 posse
832 3440 1000 3519 opinentur.
1046 3444 1162 3509 Etenim
1191 3452 1243 3531 qui
1258 3454 1296 3516 ad

68 3562 184 3635 patratio
198 3548 353 3611 lintiuuuu
365 3562 399 3605 su
413 3542 569 3605 turrileruut
584 3539 638 3601 bae
650 3548 758 3611 mente,
772 3550 804 3601 ut
816 3540 885 3602 inde
898 3546 1109 3607 accuratiorem
1122 3548 1295 3629 dogmatum

67 3662 204 3717 utitataaru
233 3648 383 3711 innutriunt,
417 3659 477 3705 aaran
506 3638 578 3701 satis
611 3638 721 3701 babent
747 3658 855 3713 nosse,
884 3644 953 3721 quid
981 3649 1145 3724 argumenti
1174 3652 1293 3733 singula

66 3760 175 3831 aranu
198 3748 334 3815 trabunt.
359 3745 388 3808 id
411 3742 490 3825 ottrid
513 3740 669 3803 rurratntode
691 3734 725 3803 ex
748 3743 916 3806 summariis
938 3744 1011 3806 disci
1033 3756 1150 3825 potest:
1186 3754 1241 3815 sed
1264 3757 1292 3818 si

64 3863 143 3919 nanu
166 3850 264 3911 ulllrio
287 3866 344 3909 sarri
386 3846 562 3923 diriguntur,
594 3841 682 3903 etiotu
714 3843 743 3903 in
772 3844 924 3923 propriam
952 3856 1105 3909 auctorum
1126 3854 1290 3931 cogitandi,

61 3950 296 4033 arprnuuunnu.
320 3944 560 4029 pbilrunplnuuli.
589 3944 764 4024 scripturam
787 3964 900 4008 sacratu
922 3947 1146 4028 interpretandi,
1168 3954 1290 4021 dicendi

61 4052 246 4119 antulunuluo
269 4050 413 4113 rutiunetu
435 4056 524 4127 aliptae
546 4046 575 4107 iu
600 4046 768 4109 tiatirersnnr
790 4047 976 4122 methodum,
1001 4070 1056 4129 qua
1079 4053 1110 4113 in
1132 4056 1289 4133 explican-

60 4152 106 4221 nt·
136 4150 322 4229 ttrrpiuurtnu
351 4150 397 4215 usi
427 4157 513 4217 nutat,
541 4146 710 4225 diligentius
744 4149 905 4228 inquirunt.
948 4150 1026 4212 llaec
1057 4162 1154 4215 autem
1177 4165 1208 4217 et
1230 4158 1289 4222 alia

59 4256 191 4321 eutition
215 4256 371 4317 ronirrurtu
392 4250 585 4315 artitrtodrorti
608 4257 636 4312 et
660 4251 787 4330 perspici
809 4269 869 4312 non
902 4262 1047 4330 possunt,
1079 4255 1136 4315 nisi
1168 4256 1288 4338 integra

58 4366 167 4437 anrtpta
190 4356 324 4435 ligarum
346 4364 375 4417 ol
397 4352 574 4431 inlegentur.
619 4351 735 4415 decedit
757 4352 837 4432 qttod
860 4353 909 4431 qui
932 4354 1078 4434 excerptis
1100 4357 1144 4418 vel
1161 4358 1286 4423 selectis

56 4458 204 4543 tuprrtttun
226 4456 263 4523 ab
284 4456 343 4522 aliti
365 4454 531 4539 pruipositis
553 4452 655 4528 utitur,
676 4452 809 4516 rationes
832 4472 994 4535 suspensas
1016 4455 1105 4517 habet
1125 4476 1161 4518 ex
1183 4459 1285 4535 alieno
