2948 5092
187 253 247 314 114
471 275 478 293 =
584 264 611 308 ο.
626 262 780 308 numen
794 260 1017 306 ικιεπναοεντ

98 418 241 503 νακτῆς
268 414 301 481 ἐν
324 415 462 499 Χριστῷ
489 418 636 491 πίστεως
655 387 722 499 ’τήν
750 406 856 499 ὀρθήν
876 433 941 494 μου
963 408 1133 497 φρόνησιν.
1178 410 1247 478 ἔδει
1267 413 1329 496 μέν
1350 402 1408 480 οῦν

182 515 239 584 καὶ
259 514 337 594 τοὺς
354 509 555 600 Ἀρειανοός,
578 513 674 598 εἴπερ
697 506 783 595 εἶχον
804 506 994 596 ὑγιαίνοντα
1015 511 1072 577 τὸν
1087 513 1174 591 νοῦν,
1197 516 1339 580 τοιαῦτα
1352 516 1410 581 λο-

182 617 338 704 γίζεσθαι
358 618 413 683 καί
436 619 570 704 φρονεῖν
592 616 744 700 περὶτοῦ
760 611 966 680 ἐπισκόπου
988 611 1101 680 πάντα
1113 613 1177 699 γαρ
1193 612 1325 682 ἐνώπια
1337 627 1411 696 τοῖς

184 721 353 786 σονιοῦσίν
376 717 522 785 ἐστικαὶ
545 710 636 803 ὀρθὰ
656 726 729 795 τοῖς
750 709 938 801 εὑρίσκωσι
957 717 1079 800 γνῶσφ
1087 717 1118 795 ¹).
1164 713 1281 803 ἐπειδὴ
1305 717 1342 784 δὲ
1363 719 1408 806 μὴ

183 819 352 904 μαθόντες
378 817 453 905 ’τήν
481 825 597 886 πίστιν
625 821 685 905 τῆς
711 817 891 902 καθολινῆς
922 811 1094 902 ἐκκλησίας
1119 816 1339 885 πεπτώκασιν
1362 821 1410 900 είς

29 939 36 959 ε
99 939 176 984 ενοι.
186 915 349 1007 ἀσέβειαν,
372 919 428 988 καὶ
450 921 569 987 λοιπὸν
591 918 650 987 τὸν
671 921 748 986 νοῦν
770 922 1008 1005 πεπηρωμένοι
1022 917 1212 1000 νομίζουσιν
1225 913 1316 987 εἶναι
1335 925 1408 989 ι’καί

183 1021 226 1089 τὰ
249 1016 339 1107 ὀρθὰ
360 1021 510 1108 στρεβλά,
533 1023 587 1088 καί
610 1023 742 1106 λέγουσι
762 1019 802 1085 τὸ
823 1020 893 1104 μέν,
906 1021 981 1105 φῶς
1002 1016 1128 1098 σκότος,
1152 1017 1208 1085 ιτὸ
1232 1021 1269 1087 δὲ
1290 1021 1409 1104 σκότος

183 1125 373 1209 νομίζουσιν
396 1118 481 1190 εἶναι
503 1127 585 1212 φώς,
608 1117 784 1207 ἀναγκαίαν
805 1123 860 1186 καί
881 1119 924 1186 τὰ
945 1119 980 1187 ἐκ
1000 1122 1067 1186 τών
1088 1117 1198 1186 ἀλλων
1220 1120 1409 1192 ἐπιστολῶν

182 1228 243 1291 τοῦ
271 1232 450 1291 Διονυσίου
479 1228 704 1311 παραθέσθαι
731 1220 851 1288 καὶτὸ
879 1222 988 1288 α’ίτιον
1016 1216 1123 1287 αι’ντών
1152 1221 1240 1307 πρὸς
1267 1227 1410 1294 πλείονα

183 1326 387 1412 κατάγνωσιν
419 1328 485 1392 τῶν
518 1326 697 1411 αἱρετικών.
743 1322 779 1404 ἐξ
809 1320 919 1390 αὐτῶν
946 1321 1006 1408 γὰρ
1035 1321 1090 1388 καὶ
1117 1317 1212 1410 ἡμεῖς
1239 1325 1409 1408 μαθόντες

184 1423 270 1493 οῦτιο
294 1429 371 1511 περὶ
393 1430 451 1493 τοῦ
475 1421 594 1510 ἀνδρὸς
616 1427 800 1514 φρονοῦμεν
822 1427 876 1491 καὶ
898 1423 1076 1511 γράφομεν.

271 1533 319 1594 13.
364 1523 423 1592 “H
452 1528 489 1594 δὲ
517 1527 704 1616 πρόφασις,
739 1520 780 1594 δι’
803 1524 843 1615 ἢν
866 1526 992 1612 ἐ’γραψε
1010 1525 1071 1604 τὰς
1092 1523 1196 1605 ἀλλος
1217 1526 1407 1610 ἐπιστολάς,

183 1627 290 1695 ίέστιν
324 1625 415 1716 αῦτη.
459 1634 640 1702 Διονυσίου
668 1631 727 1696 τοῦ
759 1627 946 1722 ἐπισκόπου
973 1626 1145 1710 μαθόντος
1171 1630 1249 1713 περὶ
1277 1633 1345 1696 τῶν
1374 1631 1408 1699 ἐν

183 1728 397 1797 Πενταπόλει
422 1733 476 1797 καί
506 1730 590 1818 ζήλῳ
612 1734 670 1820 τῆς
693 1725 860 1816 εὐσεβείας
881 1727 1086 1815 γράψαντος,
1116 1727 1208 1796 καθὰ
1230 1742 1408 1816 προεῖπον,

182 1829 267 1896 κατὰ
286 1833 345 1918 τῆς
367 1831 524 1918 αἱρέσεως
540 1835 721 1919 Σαβελλίου
742 1831 801 1918 τήν
823 1830 909 1916 πρὸς
923 1825 1124 1917 Εὐφράνορα
1143 1831 1198 1896 καί
1217 1824 1409 1916 Ἀμμώνιον

183 1929 372 2019 ἐπιστολήν,
395 1935 483 2012 τινές
503 1938 570 2000 τών
592 1930 661 2002 ἀπὸ
683 1939 742 2023 τῆς
757 1934 928 2019 ἐκκλησίας
949 1926 1120 2020 ῐἀδελφοῖν
1135 1935 1335 2019 φρονοῦντες
1347 1937 1409 2020 μὲν

183 2024 312 2118 ἀρθιῦς,
345 2033 389 2119 μή
419 2034 640 2123 ἐρωτήσαντες
663 2039 698 2104 δὲ
720 2031 819 2103 αὐτόν
826 2087 836 2118 ,
869 2034 926 2101 ίνα
947 2029 1025 2120 παρ’
1050 2028 1150 2100 αὐτοῦ
1171 2031 1313 2118 μάθωσι
1335 2041 1410 2116 πῶς

183 2132 336 2221 ἔγραψεν,
360 2129 507 2222 ἀνῆλθον
530 2138 577 2218 είς
598 2139 656 2225 τήν
674 2134 795 2225 Ῥώμην
817 2138 870 2203 καὶ
893 2135 1121 2224 κατειρήκασιν
1136 2130 1237 2201 αὐτοῦ
1252 2137 1348 2223 παρὰ
1362 2142 1409 2225 τῷ

184 2230 347 2323 δμωνόμφ
371 2232 472 2304 αὐτοῦ
494 2245 663 2326 Διονυσίῳ
685 2241 732 2317 τῷ
755 2237 930 2324 ἐπισκόπηι
950 2235 1079 2324 Ῥώμης.
1102 2230 1250 2323 κάκεῖνος
1265 2232 1410 2320 ἀκούσας
1456 2302 1462 2318 ,

183 2336 327 2423 ἔγραψεν
360 2334 443 2423 ὁμοῦ
472 2339 556 2408 κατά
576 2366 613 2408 τε
632 2343 700 2407 τών
721 2340 763 2407 τὰ
785 2342 966 2426 Σαβελλίου
989 2336 1208 2418 δοξαζόντων,
1242 2343 1298 2406 καί
1325 2342 1410 2408 κατὰ

181 2440 249 2504 τών
272 2439 483 2526 φρονούντων
504 2445 616 2521 ταῦτα,
642 2438 727 2527 ἅπερ
749 2444 804 2508 καί
820 2439 955 2528 ’Ἀρειος
976 2441 1078 2525 λέγων
1101 2437 1261 2527 ἐξεβλήθη
1284 2443 1343 2529 τῆς
1358 2443 1410 2509 ἐκ·

181 2541 327 2625 κλησίας,
350 2542 425 2630 ἰ’σην
447 2541 607 2610 καὶκατὰ
629 2543 804 2628 διάμετρον
827 2538 980 2628 ἀσέβειαν
1004 2536 1089 2608 εἶναι
1103 2541 1204 2626 λέγων
1219 2541 1277 2627 τήν
1292 2568 1330 2611 τε
1343 2550 1410 2610 Σα-

181 2642 314 2726 βελλίου
342 2645 396 2708 καὶ
424 2644 482 2730 τήν
510 2647 576 2710 τών
604 2630 764 2731 λεγόντων
793 2649 914 2727 κτίσμα
942 2646 996 2710 καί
1027 2639 1158 2729 ποίημα
1178 2646 1252 2710 ῑκαί
1273 2646 1409 2732 γενητὸν

185 2736 271 2825 εἶναι
298 2742 355 2809 τὸν
382 2749 442 2810 τοῦ
470 2749 554 2813 θεοῦ
578 2746 683 2832 λόγον.
729 2746 899 2813 ἐπέστειλε
934 2746 970 2812 δέ
991 2748 1045 2811 καὶ
1067 2750 1236 2830 Διονυσίῳ
1260 2745 1409 2833 δηλῶσαι

182 2842 262 2928 περὶ
290 2834 336 2911 ών
365 2847 512 2934 εἰρήκασι
534 2843 602 2915 κατ’
628 2843 737 2915 αὐτοῦ.
783 2849 837 2913 καὶ
860 2842 1063 2932 ἀντέγραψεν
1086 2842 1187 2924 εὐθὺς
1208 2841 1326 2929 αάτός,
1354 2852 1409 2916 καί

183 2943 353 3031 ἐπέγραψε
374 2948 417 3014 τὰ
436 2950 551 3034 βιβλία
574 2950 703 3037 ἐλέγχου
725 2954 779 3016 καὶ
801 2944 993 3034 ἀπολογίας.
1032 2947 1179 3014 ἐνταῦθα
1200 2946 1239 3012 τὸ
1259 2949 1408 3037 μυσαρὸν

183 3043 396 3134 ἐργαστήριον
417 3054 484 3116 τῶν
506 3052 753 3136 ΙΙγριστομάχων
774 3047 928 3116 κατανόει
948 3049 1004 3115 καὶ
1026 3053 1099 3127 πῶς
1121 3045 1214 3114 αὐτοὶ
1237 3045 1315 3115 καθ’
1330 3050 1408 3141 ἐαυ-

181 3149 248 3213 τών
270 3147 328 3235 τήν
350 3149 504 3238 αἰσχύνην
527 3152 694 3240 ἐκίνησαν·
716 3156 898 3218 Διονυσίου
918 3149 980 3237 γὰρ
1002 3153 1060 3216 τοῦ
1083 3147 1270 3216 ἐπισκόπου
1289 3146 1408 3241 Ῥώμης

181 3248 373 3334 γράψαντος
405 3255 459 3318 καὶ
491 3252 575 3320 κατὰ
602 3256 668 3320 τῶν
697 3251 858 3339 λεγόντων
884 3259 1005 3338 κτίσμα
1026 3249 1082 3319 καὶ
1103 3257 1234 3337 ποίημα
1255 3250 1314 3319 τὸν
1336 3254 1407 3321 υίὸν

181 3352 241 3415 τοῦ
270 3354 371 3432 θεοῦ,
402 3354 566 3421 δείκνυται
592 3353 637 3440 μή
660 3357 718 3421 νῦν
740 3357 874 3440 πρώτον
897 3349 966 3422 ἀλλ’
992 3353 1136 3421 ἔκπαλαι
1156 3352 1251 3437 παρὰ
1272 3354 1407 3423 πάντων

183 3444 498 3535 ἀναθεματισθείσα
518 3460 584 3523 τών
608 3454 845 3543 ῐχριστομάχων
864 3451 1044 3543 Ἀρειανών
1065 3450 1085 3540 ἡ
1109 3454 1244 3540 αἵρεσις.
1290 3457 1407 3525 ἔπειτα

181 3551 363 3620 Διονυσίου
391 3559 450 3622 τοῦ
480 3556 668 3624 ἐπισκόπου
691 3560 749 3646 τής
767 3552 1017 3644 Ἀλεξανδρείας
1038 3551 1307 3640 ἀπολογουμένου
1329 3563 1407 3646 περὶ

182 3641 385 3745 ἦςὲγραψεν
409 3656 603 3746 ἐπιστολῆς,
635 3660 864 3748 φαίνεταικαὶ
887 3653 986 3736 αὐτὸς
1006 3656 1089 3743 μήτε
1111 3652 1217 3735 οότως
1239 3658 1407 3748 φρονήσας

182 3748 229 3832 ώς
249 3750 365 3825 ιαὐτοὶ
387 3759 527 3844 λέγουσι,
550 3759 633 3848 μήτε
656 3756 742 3840 ὅλως
762 3758 820 3847 τήν
840 3754 971 3845 Ἀρείου
994 3758 1189 3837 κακοδοξίαν
1211 3756 1362 3845 ἐσχηκώς.

253 3944 276 4005 ¹)
295 3946 360 3996 Prov.
380 3946 404 4010 8,
422 3949 447 3999 9.

216 4093 236 4127 ³·
255 4071 306 4138 τόν
323 4081 391 4133 deest
410 4085 432 4133 in
452 4085 507 4146 fleg.
527 4092 550 4134 ει
569 4086 592 4135 in
611 4084 682 4135 editis
700 4085 766 4134 desi·
852 4085 875 4134 d.
895 4084 959 4134 Ηιεο
976 4085 1062 4134 verba:
1086 4077 1095 4096 ‘
1115 4078 1145 4133 δὲ
1161 4076 1305 4151 πρόφασινΙ
1322 4074 1407 4144 δι’·ήν

181 4145 288 4209 demur,
307 4149 409 4201 habetur
427 4160 506 4201 nutem
525 4153 548 4202 in
567 4153 666 4202 Τεισία.
684 4152 732 4203 les.
744 4161 767 4202 ει
818 4144 981 4224 ἔγροψετὰς
993 4143 1073 4205 ἄλλος
1080 4100 1235 4207 ἐπιστολάς,
1253 4143 1331 4200 ἔστιν
1339 4143 1406 4211 αῦτη

182 4214 221 4264 Fr.
239 4215 256 4264 Ι.
819 4221 849 4270 εδ
869 4221 967 4270 modum
986 4220 1047 4270 tituli
1066 4221 1145 4269 iacent
1162 4221 1186 4269 in
1204 4220 1317 4269 omuibus
1336 4221 1406 4270 editis

215 4283 239 4331 b.
256 4278 374 4335 atalante
400 4279 434 4335 τό
451 4287 519 4337 deest
537 4289 561 4338 in
580 4288 678 4337 Tauria.
697 4288 766 4338 Colb.
819 4296 843 4337 et
861 4288 1041 4351 manuscriptis,
1060 4289 1129 4351 quasi
1149 4303 1209 4351 quae
1224 4288 1406 4351 subsequuntur

182 4347 230 4398 les.
241 4350 289 4401 Sed
305 4353 423 4416 legiturin
436 4355 548 4405 omnibus
560 4355 664 4405 εδίιίοοι
677 4357 767 4417 inneg.
820 4356 892 4405 alium
925 4357 1100 4405 constituerent
1129 4363 1264 4405 tractatum.
1306 4356 1405 4430 Τεκνία.

216 4416 767 4474 c.ranriu.c01b.10s.wamm-
819 4438 875 4473 vero
900 4424 936 4473 sic
958 4424 989 4473 ad
1013 4425 1144 4485 marginem
1170 4423 1255 4472 habet:
1285 4415 1407 4486 λογοςβ

180 4493 228 4536 τοι
246 4483 308 4549 φώτ
325 4489 423 4540 ominis
441 4490 600 4543 intermediis.
819 4488 869 4540 τοῦ
885 4482 1007 4556 μεγάλου
1026 4481 1200 4540 maalon.
1233 4489 1312 4553 Ιοροι·
1333 4492 1405 4541 Λιλα-
