<?xml version="1.0" encoding="UTF-8"?>
<!DOCTYPE html PUBLIC "-//W3C//DTD XHTML 1.0 Transitional//EN"
    "http://www.w3.org/TR/xhtml1/DTD/xhtml1-transitional.dtd">
<html xmlns="http://www.w3.org/1999/xhtml" xml:lang="en" lang="en">
 <head>
  <title>
</title>
<meta http-equiv="Content-Type" content="text/html;charset=utf-8" />
  <meta name='ocr-system' content='tesseract 3.04.00' />
  <meta name='ocr-capabilities' content='ocr_page ocr_carea ocr_par ocr_line ocrx_word'/>
</head>
<body>
  <div class='ocr_page' id='page_1' title='image "./sanctiathanasii02athagoog_0092.png"; bbox 0 0 2948 5092; ppageno 0'>
   <div class='ocr_carea' id='block_1_1' title="bbox 352 260 1290 340">
    <p class='ocr_par' dir='ltr' id='par_1_1' title="bbox 352 260 1290 340">
     <span class='ocr_line' id='line_1_1' title="bbox 352 260 1290 340; baseline 0.001 -26"><span class='ocrx_word' id='word_1_1' title='bbox 352 268 500 317; x_wconf 73' lang='lat' dir='ltr'><strong>mussent</strong></span> <span class='ocrx_word' id='word_1_2' title='bbox 512 268 553 315; x_wconf 75' lang='grc' dir='ltr'><strong>ιι</strong></span> <span class='ocrx_word' id='word_1_3' title='bbox 565 269 709 315; x_wconf 71' lang='lat' dir='ltr'><strong>necessus</strong></span> <span class='ocrx_word' id='word_1_4' title='bbox 722 270 868 317; x_wconf 73' lang='lat' dir='ltr'><strong>ulmum</strong></span> <span class='ocrx_word' id='word_1_5' title='bbox 882 270 1002 316; x_wconf 79' lang='lat' dir='ltr'><strong>ennom.</strong></span> <span class='ocrx_word' id='word_1_6' title='bbox 1209 336 1212 340; x_wconf 80' lang='lat'>.</span> <span class='ocrx_word' id='word_1_7' title='bbox 1249 260 1290 327; x_wconf 62' lang='lat'><strong>32</strong></span> 
     </span>
    </p>
   </div>
   <div class='ocr_carea' id='block_1_2' title="bbox 41 414 1415 1249">
    <p class='ocr_par' dir='ltr' id='par_1_2' title="bbox 68 414 1415 809">
     <span class='ocr_line' id='line_1_2' title="bbox 77 414 1415 506; baseline 0.007 -24"><span class='ocrx_word' id='word_1_8' title='bbox 77 440 155 503; x_wconf 79' lang='lat' dir='ltr'><strong>prose</strong></span> <span class='ocrx_word' id='word_1_9' title='bbox 180 420 410 500; x_wconf 67' lang='lat' dir='ltr'><strong>intelligendm</strong></span> <span class='ocrx_word' id='word_1_10' title='bbox 435 428 500 495; x_wconf 86' lang='lat' dir='ltr'><strong>est;</strong></span> <span class='ocrx_word' id='word_1_11' title='bbox 517 420 642 501; x_wconf 65' lang='lat' dir='ltr'><strong>quippe</strong></span> <span class='ocrx_word' id='word_1_12' title='bbox 669 438 737 482; x_wconf 90' lang='lat' dir='ltr'><strong>cum</strong></span> <span class='ocrx_word' id='word_1_13' title='bbox 765 421 823 500; x_wconf 87' lang='lat' dir='ltr'><strong>ipsi</strong></span> <span class='ocrx_word' id='word_1_14' title='bbox 851 422 940 484; x_wconf 89' lang='lat' dir='ltr'><strong>etiam</strong></span> <span class='ocrx_word' id='word_1_15' title='bbox 968 423 1106 485; x_wconf 88' lang='lat' dir='ltr'><strong>homines</strong></span> <span class='ocrx_word' id='word_1_16' title='bbox 1134 426 1378 506; x_wconf 74' lang='lat' dir='ltr'><strong>propriumnne</strong></span> <span class='ocrx_word' id='word_1_17' title='bbox 1411 414 1415 418; x_wconf 57' lang='grc'><strong>’</strong></span> 
     </span>
     <span class='ocr_line' id='line_1_3' title="bbox 75 506 1374 608; baseline 0.004 -22"><span class='ocrx_word' id='word_1_18' title='bbox 75 522 183 587; x_wconf 70' lang='lat' dir='ltr'><strong>ubam</strong></span> <span class='ocrx_word' id='word_1_19' title='bbox 214 522 291 585; x_wconf 82' lang='lat' dir='ltr'><strong>eitra</strong></span> <span class='ocrx_word' id='word_1_20' title='bbox 323 522 502 585; x_wconf 82' lang='lat' dir='ltr'><strong>divisionem</strong></span> <span class='ocrx_word' id='word_1_21' title='bbox 534 539 569 582; x_wconf 80' lang='lat' dir='ltr'><strong>ec</strong></span> <span class='ocrx_word' id='word_1_22' title='bbox 597 521 672 583; x_wconf 86' lang='lat' dir='ltr'>nihil</span> <span class='ocrx_word' id='word_1_23' title='bbox 703 520 845 605; x_wconf 82' lang='lat' dir='ltr'><strong>patiendo</strong></span> <span class='ocrx_word' id='word_1_24' title='bbox 870 524 1048 602; x_wconf 79' lang='lat' dir='ltr'>producant:</span> <span class='ocrx_word' id='word_1_25' title='bbox 1080 525 1173 588; x_wconf 82' lang='lat' dir='ltr'><strong>multo</strong></span> <span class='ocrx_word' id='word_1_26' title='bbox 1202 527 1292 608; x_wconf 74' lang='lat' dir='ltr'><strong>igitur</strong></span> <span class='ocrx_word' id='word_1_27' title='bbox 1370 506 1374 512; x_wconf 37' lang='lat'><strong>¹</strong></span> 
     </span>
     <span class='ocr_line' id='line_1_4' title="bbox 71 600 1290 705; baseline 0.005 -19"><span class='ocrx_word' id='word_1_28' title='bbox 71 624 153 704; x_wconf 66' lang='lat' dir='ltr'><strong>aps</strong></span> <span class='ocrx_word' id='word_1_29' title='bbox 173 622 258 686; x_wconf 69' lang='lat' dir='ltr'><strong>nens</strong></span> <span class='ocrx_word' id='word_1_30' title='bbox 279 642 369 686; x_wconf 74' lang='lat' dir='ltr'><strong>suum</strong></span> <span class='ocrx_word' id='word_1_31' title='bbox 391 621 519 684; x_wconf 71' lang='lat' dir='ltr'><strong>vonum</strong></span> <span class='ocrx_word' id='word_1_32' title='bbox 540 621 633 703; x_wconf 77' lang='lat' dir='ltr'><strong>gignit</strong></span> <span class='ocrx_word' id='word_1_33' title='bbox 654 600 765 701; x_wconf 69' lang='lat' dir='ltr'><strong>aliqu</strong></span> <span class='ocrx_word' id='word_1_34' title='bbox 787 623 845 684; x_wconf 78' lang='lat' dir='ltr'><strong>uua</strong></span> <span class='ocrx_word' id='word_1_35' title='bbox 861 624 1006 687; x_wconf 78' lang='lat' dir='ltr'><strong>divisione</strong></span> <span class='ocrx_word' id='word_1_36' title='bbox 1020 625 1153 705; x_wconf 82' lang='lat' dir='ltr'><strong>nihilque</strong></span> <span class='ocrx_word' id='word_1_37' title='bbox 1168 628 1290 692; x_wconf 76' lang='lat' dir='ltr'><strong>omnmo</strong></span> 
     </span>
     <span class='ocr_line' id='line_1_5' title="bbox 68 722 1290 809; baseline 0.003 -20"><span class='ocrx_word' id='word_1_38' title='bbox 68 724 213 809; x_wconf 68' lang='lat' dir='ltr'><strong>puato.</strong></span> <span class='ocrx_word' id='word_1_39' title='bbox 257 724 337 789; x_wconf 83' lang='lat' dir='ltr'><strong>ilinc</strong></span> <span class='ocrx_word' id='word_1_40' title='bbox 363 742 436 786; x_wconf 87' lang='lat' dir='ltr'><strong>sane</strong></span> <span class='ocrx_word' id='word_1_41' title='bbox 462 723 529 803; x_wconf 89' lang='lat' dir='ltr'><strong>ipse</strong></span> <span class='ocrx_word' id='word_1_42' title='bbox 556 732 590 785; x_wconf 91' lang='lat' dir='ltr'><strong>ut</strong></span> <span class='ocrx_word' id='word_1_43' title='bbox 610 722 738 786; x_wconf 78' lang='lat' dir='ltr'>Verbum</span> <span class='ocrx_word' id='word_1_44' title='bbox 759 724 796 785; x_wconf 88' lang='lat' dir='ltr'><strong>ad</strong></span> <span class='ocrx_word' id='word_1_45' title='bbox 818 725 950 788; x_wconf 81' lang='lat' dir='ltr'><strong>dextram</strong></span> <span class='ocrx_word' id='word_1_46' title='bbox 972 726 1068 788; x_wconf 85' lang='lat' dir='ltr'><strong>Patris</strong></span> <span class='ocrx_word' id='word_1_47' title='bbox 1091 729 1194 803; x_wconf 89' lang='lat' dir='ltr'><strong>sedet;</strong></span> <span class='ocrx_word' id='word_1_48' title='bbox 1221 748 1290 795; x_wconf 87' lang='lat' dir='ltr'><strong>uam</strong></span> 
     </span>
    </p>

    <p class='ocr_par' dir='ltr' id='par_1_3' title="bbox 67 823 1289 908">
     <span class='ocr_line' id='line_1_6' title="bbox 67 823 1289 908; baseline -0.007 -19"><span class='ocrx_word' id='word_1_49' title='bbox 67 826 111 889; x_wconf 83' lang='lat' dir='ltr'><strong>ubi</strong></span> <span class='ocrx_word' id='word_1_50' title='bbox 133 835 183 889; x_wconf 83' lang='lat' dir='ltr'><strong>est</strong></span> <span class='ocrx_word' id='word_1_51' title='bbox 201 824 311 901; x_wconf 83' lang='lat' dir='ltr'><strong>Pater,</strong></span> <span class='ocrx_word' id='word_1_52' title='bbox 333 825 395 887; x_wconf 93' lang='lat' dir='ltr'><strong>illic</strong></span> <span class='ocrx_word' id='word_1_53' title='bbox 416 831 447 886; x_wconf 88' lang='lat' dir='ltr'><strong>el</strong></span> <span class='ocrx_word' id='word_1_54' title='bbox 466 825 534 891; x_wconf 79' lang='lat' dir='ltr'><strong>eius</strong></span> <span class='ocrx_word' id='word_1_55' title='bbox 553 823 682 886; x_wconf 79' lang='lat' dir='ltr'>Verbum</span> <span class='ocrx_word' id='word_1_56' title='bbox 704 832 767 901; x_wconf 79' lang='lat' dir='ltr'><strong>est3</strong></span> <span class='ocrx_word' id='word_1_57' title='bbox 796 844 852 887; x_wconf 88' lang='lat' dir='ltr'><strong>nos</strong></span> <span class='ocrx_word' id='word_1_58' title='bbox 873 835 987 901; x_wconf 88' lang='lat' dir='ltr'><strong>autem,</strong></span> <span class='ocrx_word' id='word_1_59' title='bbox 1010 836 1147 908; x_wconf 61' lang='lat' dir='ltr'><strong>unquam</strong></span> <span class='ocrx_word' id='word_1_60' title='bbox 1170 849 1220 894; x_wconf 87' lang='lat' dir='ltr'><strong>res</strong></span> <span class='ocrx_word' id='word_1_61' title='bbox 1243 833 1289 895; x_wconf 89' lang='lat' dir='ltr'><strong>la.</strong></span> 
     </span>
    </p>

    <p class='ocr_par' dir='ltr' id='par_1_4' title="bbox 41 910 1311 1009">
     <span class='ocr_line' id='line_1_7' title="bbox 41 910 1311 1009; baseline 0.002 -18"><span class='ocrx_word' id='word_1_62' title='bbox 41 936 139 1009; x_wconf 49' lang='lat' dir='ltr'><strong>acteo,</strong></span> <span class='ocrx_word' id='word_1_63' title='bbox 161 910 267 991; x_wconf 78' lang='lat' dir='ltr'><strong>oonn&#39;t</strong></span> <span class='ocrx_word' id='word_1_64' title='bbox 288 944 328 989; x_wconf 84' lang='lat' dir='ltr'><strong>ee</strong></span> <span class='ocrx_word' id='word_1_65' title='bbox 351 934 464 1005; x_wconf 66' lang='lat' dir='ltr'><strong>stamus</strong></span> <span class='ocrx_word' id='word_1_66' title='bbox 487 924 643 987; x_wconf 90' lang='lat' dir='ltr'><strong>iudicandi.</strong></span> <span class='ocrx_word' id='word_1_67' title='bbox 687 925 740 987; x_wconf 92' lang='lat' dir='ltr'><strong>llle</strong></span> <span class='ocrx_word' id='word_1_68' title='bbox 761 925 917 1002; x_wconf 88' lang='lat' dir='ltr'><strong>adoratur,</strong></span> <span class='ocrx_word' id='word_1_69' title='bbox 939 929 1007 1008; x_wconf 88' lang='lat' dir='ltr'><strong>quia</strong></span> <span class='ocrx_word' id='word_1_70' title='bbox 1029 929 1171 993; x_wconf 89' lang='lat' dir='ltr'><strong>adorandi</strong></span> <span class='ocrx_word' id='word_1_71' title='bbox 1191 932 1311 1007; x_wconf 50' lang='lat' dir='ltr'><strong>Patris,</strong></span> 
     </span>
    </p>

    <p class='ocr_par' dir='ltr' id='par_1_5' title="bbox 61 1026 1290 1110">
     <span class='ocr_line' id='line_1_8' title="bbox 61 1026 1290 1110; baseline 0.001 -15"><span class='ocrx_word' id='word_1_72' title='bbox 61 1038 104 1095; x_wconf 69' lang='lat' dir='ltr'><strong>nt</strong></span> <span class='ocrx_word' id='word_1_73' title='bbox 121 1026 239 1105; x_wconf 68' lang='lat' dir='ltr'><strong>rrum</strong></span> <span class='ocrx_word' id='word_1_74' title='bbox 265 1046 325 1091; x_wconf 88' lang='lat' dir='ltr'><strong>nos</strong></span> <span class='ocrx_word' id='word_1_75' title='bbox 354 1044 426 1088; x_wconf 79' lang='lat' dir='ltr'><strong>vero</strong></span> <span class='ocrx_word' id='word_1_76' title='bbox 453 1026 628 1101; x_wconf 79' lang='lat' dir='ltr'><strong>adoramus,</strong></span> <span class='ocrx_word' id='word_1_77' title='bbox 659 1026 820 1089; x_wconf 87' lang='lat' dir='ltr'><strong>Dominum</strong></span> <span class='ocrx_word' id='word_1_78' title='bbox 848 1046 916 1091; x_wconf 89' lang='lat' dir='ltr'><strong>eum</strong></span> <span class='ocrx_word' id='word_1_79' title='bbox 939 1037 969 1089; x_wconf 92' lang='lat' dir='ltr'><strong>et</strong></span> <span class='ocrx_word' id='word_1_80' title='bbox 988 1028 1081 1091; x_wconf 85' lang='lat' dir='ltr'><strong>Deum</strong></span> <span class='ocrx_word' id='word_1_81' title='bbox 1104 1033 1290 1110; x_wconf 84' lang='lat' dir='ltr'><strong>confitentes,</strong></span> 
     </span>
    </p>

    <p class='ocr_par' dir='ltr' id='par_1_6' title="bbox 59 1108 903 1249">
     <span class='ocr_line' id='line_1_9' title="bbox 59 1127 903 1249; baseline -0.002 -57"><span class='ocrx_word' id='word_1_82' title='bbox 59 1128 124 1211; x_wconf 66' lang='grc' dir='ltr'><strong>μ’·</strong></span> <span class='ocrx_word' id='word_1_83' title='bbox 145 1128 264 1193; x_wconf 77' lang='lat' dir='ltr'><strong>seilicet</strong></span> <span class='ocrx_word' id='word_1_84' title='bbox 285 1128 377 1191; x_wconf 88' lang='lat' dir='ltr'><strong>creati</strong></span> <span class='ocrx_word' id='word_1_85' title='bbox 401 1127 569 1207; x_wconf 82' lang='lat' dir='ltr'><strong>diversique</strong></span> <span class='ocrx_word' id='word_1_86' title='bbox 591 1127 628 1189; x_wconf 87' lang='lat' dir='ltr'><strong>ab</strong></span> <span class='ocrx_word' id='word_1_87' title='bbox 649 1127 700 1189; x_wconf 89' lang='lat' dir='ltr'><strong>illo</strong></span> <span class='ocrx_word' id='word_1_88' title='bbox 724 1146 838 1190; x_wconf 85' lang='lat' dir='ltr'><strong>sumus.</strong></span> <span class='ocrx_word' id='word_1_89' title='bbox 858 1134 903 1249; x_wconf 42' lang='grc' dir='ltr'><strong><em>ᾗ</em></strong></span> 
     </span>
    </p>
   </div>
   <div class='ocr_carea' id='block_1_3' title="bbox 10 1531 1393 4229">
    <p class='ocr_par' dir='ltr' id='par_1_7' title="bbox 57 1531 1393 2014">
     <span class='ocr_line' id='line_1_10' title="bbox 144 1531 1287 1613; baseline 0 -15"><span class='ocrx_word' id='word_1_90' title='bbox 144 1537 196 1598; x_wconf 79' lang='lat'><strong>12.</strong></span> <span class='ocrx_word' id='word_1_91' title='bbox 243 1533 327 1606; x_wconf 75' lang='lat' dir='ltr'><strong>Quae</strong></span> <span class='ocrx_word' id='word_1_92' title='bbox 348 1550 417 1593; x_wconf 91' lang='lat' dir='ltr'><strong>cum</strong></span> <span class='ocrx_word' id='word_1_93' title='bbox 438 1531 478 1592; x_wconf 87' lang='lat' dir='ltr'><strong>ita</strong></span> <span class='ocrx_word' id='word_1_94' title='bbox 498 1531 569 1606; x_wconf 83' lang='lat' dir='ltr'><strong>sint,</strong></span> <span class='ocrx_word' id='word_1_95' title='bbox 591 1531 734 1605; x_wconf 84' lang='lat' dir='ltr'><strong>attendat,</strong></span> <span class='ocrx_word' id='word_1_96' title='bbox 753 1550 875 1613; x_wconf 86' lang='lat' dir='ltr'><strong>quaeso,</strong></span> <span class='ocrx_word' id='word_1_97' title='bbox 899 1533 949 1611; x_wconf 86' lang='lat' dir='ltr'><strong>qui</strong></span> <span class='ocrx_word' id='word_1_98' title='bbox 971 1532 1098 1596; x_wconf 88' lang='lat' dir='ltr'><strong>voluerit</strong></span> <span class='ocrx_word' id='word_1_99' title='bbox 1118 1535 1287 1611; x_wconf 90' lang='lat' dir='ltr'><strong>interillos,</strong></span> 
     </span>
     <span class='ocr_line' id='line_1_11' title="bbox 60 1631 1287 1714; baseline 0.002 -18"><span class='ocrx_word' id='word_1_100' title='bbox 60 1632 226 1714; x_wconf 72' lang='lat' dir='ltr'><strong>cristatum</strong></span> <span class='ocrx_word' id='word_1_101' title='bbox 255 1631 379 1712; x_wconf 85' lang='lat' dir='ltr'><strong>aliquis,</strong></span> <span class='ocrx_word' id='word_1_102' title='bbox 413 1632 463 1711; x_wconf 82' lang='lat' dir='ltr'><strong>qui</strong></span> <span class='ocrx_word' id='word_1_103' title='bbox 492 1639 525 1693; x_wconf 87' lang='lat' dir='ltr'><strong>ut</strong></span> <span class='ocrx_word' id='word_1_104' title='bbox 554 1651 608 1694; x_wconf 91' lang='lat' dir='ltr'><strong>eos</strong></span> <span class='ocrx_word' id='word_1_105' title='bbox 630 1632 744 1712; x_wconf 91' lang='lat' dir='ltr'><strong>pudore</strong></span> <span class='ocrx_word' id='word_1_106' title='bbox 766 1632 885 1704; x_wconf 81' lang='lat' dir='ltr'><strong>alliciat,</strong></span> <span class='ocrx_word' id='word_1_107' title='bbox 919 1633 956 1695; x_wconf 96' lang='lat' dir='ltr'><strong>ab</strong></span> <span class='ocrx_word' id='word_1_108' title='bbox 978 1633 1084 1695; x_wconf 90' lang='lat' dir='ltr'><strong>iisdem</strong></span> <span class='ocrx_word' id='word_1_109' title='bbox 1108 1635 1287 1713; x_wconf 75' lang='lat' dir='ltr'><strong>sciscitetur,</strong></span> 
     </span>
     <span class='ocr_line' id='line_1_12' title="bbox 59 1730 1393 1814; baseline 0.002 -19"><span class='ocrx_word' id='word_1_110' title='bbox 59 1742 158 1795; x_wconf 71' lang='lat' dir='ltr'><strong>mun</strong></span> <span class='ocrx_word' id='word_1_111' title='bbox 181 1735 229 1796; x_wconf 81' lang='lat' dir='ltr'><strong>ias</strong></span> <span class='ocrx_word' id='word_1_112' title='bbox 251 1733 292 1797; x_wconf 86' lang='lat' dir='ltr'><strong>sit</strong></span> <span class='ocrx_word' id='word_1_113' title='bbox 313 1733 354 1806; x_wconf 91' lang='lat' dir='ltr'><strong>id,</strong></span> <span class='ocrx_word' id='word_1_114' title='bbox 376 1732 457 1811; x_wconf 89' lang='lat' dir='ltr'><strong>quod</strong></span> <span class='ocrx_word' id='word_1_115' title='bbox 479 1753 513 1794; x_wconf 83' lang='lat' dir='ltr'><strong>ex</strong></span> <span class='ocrx_word' id='word_1_116' title='bbox 536 1733 599 1794; x_wconf 80' lang='lat' dir='ltr'><strong>lieo</strong></span> <span class='ocrx_word' id='word_1_117' title='bbox 623 1742 669 1795; x_wconf 89' lang='lat' dir='ltr'><strong>est</strong></span> <span class='ocrx_word' id='word_1_118' title='bbox 691 1740 721 1794; x_wconf 90' lang='lat' dir='ltr'><strong>et</strong></span> <span class='ocrx_word' id='word_1_119' title='bbox 741 1733 882 1814; x_wconf 87' lang='lat' dir='ltr'><strong>proprius</strong></span> <span class='ocrx_word' id='word_1_120' title='bbox 904 1733 969 1795; x_wconf 91' lang='lat' dir='ltr'><strong>eius</strong></span> <span class='ocrx_word' id='word_1_121' title='bbox 992 1744 1039 1795; x_wconf 91' lang='lat' dir='ltr'><strong>est</strong></span> <span class='ocrx_word' id='word_1_122' title='bbox 1061 1738 1156 1810; x_wconf 86' lang='lat' dir='ltr'><strong>letus,</strong></span> <span class='ocrx_word' id='word_1_123' title='bbox 1180 1755 1215 1798; x_wconf 81' lang='lat' dir='ltr'><strong>ex</strong></span> <span class='ocrx_word' id='word_1_124' title='bbox 1237 1737 1286 1798; x_wconf 93' lang='lat' dir='ltr'><strong>ni·</strong></span> <span class='ocrx_word' id='word_1_125' title='bbox 1382 1730 1393 1739; x_wconf 80' lang='grc'><strong>“</strong></span> 
     </span>
     <span class='ocr_line' id='line_1_13' title="bbox 57 1832 1287 1914; baseline 0.004 -19"><span class='ocrx_word' id='word_1_126' title='bbox 57 1832 118 1895; x_wconf 75' lang='lat' dir='ltr'><strong>tm</strong></span> <span class='ocrx_word' id='word_1_127' title='bbox 146 1852 216 1896; x_wconf 80' lang='lat' dir='ltr'><strong>esse</strong></span> <span class='ocrx_word' id='word_1_128' title='bbox 244 1832 362 1907; x_wconf 90' lang='lat' dir='ltr'><strong>dicere,</strong></span> <span class='ocrx_word' id='word_1_129' title='bbox 389 1849 426 1894; x_wconf 94' lang='lat' dir='ltr'><strong>an</strong></span> <span class='ocrx_word' id='word_1_130' title='bbox 459 1834 528 1896; x_wconf 87' lang='lat' dir='ltr'><strong>item</strong></span> <span class='ocrx_word' id='word_1_131' title='bbox 556 1835 653 1914; x_wconf 80' lang='lat' dir='ltr'><strong>possit</strong></span> <span class='ocrx_word' id='word_1_132' title='bbox 673 1835 719 1896; x_wconf 84' lang='lat' dir='ltr'><strong>rel</strong></span> <span class='ocrx_word' id='word_1_133' title='bbox 741 1834 839 1896; x_wconf 90' lang='lat' dir='ltr'><strong>solum</strong></span> <span class='ocrx_word' id='word_1_134' title='bbox 862 1835 892 1896; x_wconf 91' lang='lat' dir='ltr'><strong>in</strong></span> <span class='ocrx_word' id='word_1_135' title='bbox 915 1845 1045 1897; x_wconf 80' lang='lat' dir='ltr'><strong>mentem</strong></span> <span class='ocrx_word' id='word_1_136' title='bbox 1068 1837 1153 1898; x_wconf 85' lang='lat' dir='ltr'><strong>alicui</strong></span> <span class='ocrx_word' id='word_1_137' title='bbox 1175 1837 1287 1913; x_wconf 83' lang='lat' dir='ltr'><strong>venire,</strong></span> 
     </span>
     <span class='ocr_line' id='line_1_14' title="bbox 58 1933 1333 2014; baseline 0.003 -18"><span class='ocrx_word' id='word_1_138' title='bbox 58 1933 191 2014; x_wconf 80' lang='lat' dir='ltr'><strong>idquod</strong></span> <span class='ocrx_word' id='word_1_139' title='bbox 212 1952 251 1996; x_wconf 78' lang='lat' dir='ltr'><strong>cx</strong></span> <span class='ocrx_word' id='word_1_140' title='bbox 264 1933 327 1995; x_wconf 83' lang='lat' dir='ltr'><strong>Deo</strong></span> <span class='ocrx_word' id='word_1_141' title='bbox 349 1934 405 2007; x_wconf 78' lang='lat' dir='ltr'><strong>esi,</strong></span> <span class='ocrx_word' id='word_1_142' title='bbox 428 1933 524 1996; x_wconf 89' lang='lat' dir='ltr'><strong>eidem</strong></span> <span class='ocrx_word' id='word_1_143' title='bbox 546 1935 699 2008; x_wconf 87' lang='lat' dir='ltr'><strong>accidisse,</strong></span> <span class='ocrx_word' id='word_1_144' title='bbox 722 1935 761 1997; x_wconf 88' lang='lat' dir='ltr'><strong>ila</strong></span> <span class='ocrx_word' id='word_1_145' title='bbox 783 1945 817 1996; x_wconf 94' lang='lat' dir='ltr'><strong>ut</strong></span> <span class='ocrx_word' id='word_1_146' title='bbox 838 1935 935 1998; x_wconf 88' lang='lat' dir='ltr'><strong>dicere</strong></span> <span class='ocrx_word' id='word_1_147' title='bbox 957 1937 1072 2012; x_wconf 82' lang='lat' dir='ltr'><strong>audeat,</strong></span> <span class='ocrx_word' id='word_1_148' title='bbox 1095 1938 1202 2000; x_wconf 90' lang='lat' dir='ltr'><strong>Filium</strong></span> <span class='ocrx_word' id='word_1_149' title='bbox 1225 1956 1287 2000; x_wconf 93' lang='lat' dir='ltr'><strong>non</strong></span> <span class='ocrx_word' id='word_1_150' title='bbox 1327 1978 1333 1999; x_wconf 72' lang='grc'>.</span> 
     </span>
    </p>

    <p class='ocr_par' dir='ltr' id='par_1_8' title="bbox 29 2035 1391 2320">
     <span class='ocr_line' id='line_1_15' title="bbox 29 2035 1289 2119; baseline 0.002 -22"><span class='ocrx_word' id='word_1_151' title='bbox 29 2052 180 2119; x_wconf 32' lang='grc' dir='ltr'><strong>,πωροι</strong></span> <span class='ocrx_word' id='word_1_152' title='bbox 210 2054 291 2097; x_wconf 85' lang='lat' dir='ltr'><strong>esse.</strong></span> <span class='ocrx_word' id='word_1_153' title='bbox 335 2035 447 2115; x_wconf 86' lang='lat' dir='ltr'><strong>Nempe</strong></span> <span class='ocrx_word' id='word_1_154' title='bbox 480 2037 528 2097; x_wconf 92' lang='lat' dir='ltr'><strong>bic</strong></span> <span class='ocrx_word' id='word_1_155' title='bbox 560 2055 665 2098; x_wconf 88' lang='lat' dir='ltr'><strong>rursus</strong></span> <span class='ocrx_word' id='word_1_156' title='bbox 699 2037 853 2099; x_wconf 92' lang='lat' dir='ltr'><strong>bominum</strong></span> <span class='ocrx_word' id='word_1_157' title='bbox 882 2037 1075 2117; x_wconf 79' lang='lat' dir='ltr'><strong>cogitationes</strong></span> <span class='ocrx_word' id='word_1_158' title='bbox 1105 2047 1226 2118; x_wconf 88' lang='lat' dir='ltr'><strong>superat</strong></span> <span class='ocrx_word' id='word_1_159' title='bbox 1258 2045 1289 2100; x_wconf 85' lang='lat' dir='ltr'><strong>et</strong></span> 
     </span>
     <span class='ocr_line' id='line_1_16' title="bbox 58 2135 1286 2219; baseline 0.002 -20"><span class='ocrx_word' id='word_1_160' title='bbox 58 2135 243 2199; x_wconf 72' lang='lat' dir='ltr'><strong>transendit</strong></span> <span class='ocrx_word' id='word_1_161' title='bbox 265 2135 329 2197; x_wconf 83' lang='lat' dir='ltr'><strong>eun</strong></span> <span class='ocrx_word' id='word_1_162' title='bbox 357 2137 518 2215; x_wconf 75' lang='lat' dir='ltr'><strong>generatio.</strong></span> <span class='ocrx_word' id='word_1_163' title='bbox 560 2138 624 2198; x_wconf 86' lang='lat' dir='ltr'><strong>Nos</strong></span> <span class='ocrx_word' id='word_1_164' title='bbox 652 2138 730 2199; x_wconf 89' lang='lat' dir='ltr'><strong>enim</strong></span> <span class='ocrx_word' id='word_1_165' title='bbox 752 2138 942 2219; x_wconf 85' lang='lat' dir='ltr'><strong>propriorum</strong></span> <span class='ocrx_word' id='word_1_166' title='bbox 965 2139 1093 2200; x_wconf 83' lang='lat' dir='ltr'><strong>filiorum</strong></span> <span class='ocrx_word' id='word_1_167' title='bbox 1115 2148 1196 2201; x_wconf 88' lang='lat' dir='ltr'><strong>certo</strong></span> <span class='ocrx_word' id='word_1_168' title='bbox 1219 2147 1286 2200; x_wconf 91' lang='lat' dir='ltr'><strong>tan·</strong></span> 
     </span>
     <span class='ocr_line' id='line_1_17' title="bbox 57 2236 1391 2320; baseline 0.001 -21"><span class='ocrx_word' id='word_1_169' title='bbox 57 2246 119 2299; x_wconf 76' lang='lat' dir='ltr'><strong>tun</strong></span> <span class='ocrx_word' id='word_1_170' title='bbox 146 2246 287 2315; x_wconf 85' lang='lat' dir='ltr'><strong>tempore</strong></span> <span class='ocrx_word' id='word_1_171' title='bbox 313 2245 414 2316; x_wconf 85' lang='lat' dir='ltr'><strong>patres</strong></span> <span class='ocrx_word' id='word_1_172' title='bbox 443 2238 602 2312; x_wconf 87' lang='lat' dir='ltr'><strong>efficimur,</strong></span> <span class='ocrx_word' id='word_1_173' title='bbox 630 2238 737 2319; x_wconf 87' lang='lat' dir='ltr'><strong>quippe</strong></span> <span class='ocrx_word' id='word_1_174' title='bbox 766 2239 817 2320; x_wconf 87' lang='lat' dir='ltr'><strong>qni</strong></span> <span class='ocrx_word' id='word_1_175' title='bbox 846 2259 911 2301; x_wconf 90' lang='lat' dir='ltr'><strong>cum</strong></span> <span class='ocrx_word' id='word_1_176' title='bbox 941 2250 1027 2302; x_wconf 87' lang='lat' dir='ltr'><strong>antea</strong></span> <span class='ocrx_word' id='word_1_177' title='bbox 1055 2259 1117 2302; x_wconf 93' lang='lat' dir='ltr'><strong>non</strong></span> <span class='ocrx_word' id='word_1_178' title='bbox 1139 2236 1307 2314; x_wconf 88' lang='lat' dir='ltr'><strong>essemus‚&#39;</strong></span> <span class='ocrx_word' id='word_1_179' title='bbox 1388 2255 1391 2260; x_wconf 87' lang='lat'>·</span> 
     </span>
    </p>

    <p class='ocr_par' dir='ltr' id='par_1_9' title="bbox 10 2324 1290 4229">
     <span class='ocr_line' id='line_1_18' title="bbox 10 2324 1288 2422; baseline 0.003 -23"><span class='ocrx_word' id='word_1_180' title='bbox 10 2324 14 2363; x_wconf 70' lang='lat'><em>⁵</em></span> <span class='ocrx_word' id='word_1_181' title='bbox 55 2346 163 2419; x_wconf 74' lang='lat' dir='ltr'><strong>poete·</strong></span> <span class='ocrx_word' id='word_1_182' title='bbox 185 2336 255 2399; x_wconf 84' lang='lat' dir='ltr'><strong>laeti</strong></span> <span class='ocrx_word' id='word_1_183' title='bbox 277 2337 440 2415; x_wconf 83' lang='lat' dir='ltr'><strong>luerimus3</strong></span> <span class='ocrx_word' id='word_1_184' title='bbox 468 2347 499 2400; x_wconf 89' lang='lat' dir='ltr'><strong>at</strong></span> <span class='ocrx_word' id='word_1_185' title='bbox 519 2338 615 2413; x_wconf 82' lang='lat' dir='ltr'><strong>Deus,</strong></span> <span class='ocrx_word' id='word_1_186' title='bbox 645 2359 710 2401; x_wconf 92' lang='lat' dir='ltr'><strong>cum</strong></span> <span class='ocrx_word' id='word_1_187' title='bbox 734 2359 852 2419; x_wconf 83' lang='lat' dir='ltr'><strong>semper</strong></span> <span class='ocrx_word' id='word_1_188' title='bbox 875 2341 929 2415; x_wconf 86' lang='lat' dir='ltr'><strong>sit,</strong></span> <span class='ocrx_word' id='word_1_189' title='bbox 959 2361 1078 2422; x_wconf 81' lang='lat' dir='ltr'><strong>semper</strong></span> <span class='ocrx_word' id='word_1_190' title='bbox 1100 2361 1217 2421; x_wconf 86' lang='lat' dir='ltr'><strong>quoque</strong></span> <span class='ocrx_word' id='word_1_191' title='bbox 1239 2348 1288 2403; x_wconf 85' lang='lat' dir='ltr'><strong>est</strong></span> 
     </span>
     <span class='ocr_line' id='line_1_19' title="bbox 55 2437 1284 2523; baseline 0.001 -22"><span class='ocrx_word' id='word_1_192' title='bbox 55 2437 121 2501; x_wconf 73' lang='lat' dir='ltr'><strong>Filii</strong></span> <span class='ocrx_word' id='word_1_193' title='bbox 141 2439 245 2500; x_wconf 81' lang='lat' dir='ltr'><strong>Pater.</strong></span> <span class='ocrx_word' id='word_1_194' title='bbox 288 2438 367 2501; x_wconf 90' lang='lat' dir='ltr'><strong>Sane</strong></span> <span class='ocrx_word' id='word_1_195' title='bbox 393 2456 492 2502; x_wconf 90' lang='lat' dir='ltr'><strong>rerum</strong></span> <span class='ocrx_word' id='word_1_196' title='bbox 521 2448 685 2502; x_wconf 89' lang='lat' dir='ltr'><strong>creatarum</strong></span> <span class='ocrx_word' id='word_1_197' title='bbox 714 2443 865 2520; x_wconf 81' lang='lat' dir='ltr'><strong>generatio</strong></span> <span class='ocrx_word' id='word_1_198' title='bbox 893 2463 928 2504; x_wconf 83' lang='lat' dir='ltr'><strong>ex</strong></span> <span class='ocrx_word' id='word_1_199' title='bbox 958 2443 1149 2504; x_wconf 82' lang='lat' dir='ltr'><strong>similitudine</strong></span> <span class='ocrx_word' id='word_1_200' title='bbox 1172 2461 1284 2523; x_wconf 82' lang='lat' dir='ltr'><strong>cogno-</strong></span> 
     </span>
     <span class='ocr_line' id='line_1_20' title="bbox 56 2532 1286 2625; baseline 0.002 -22"><span class='ocrx_word' id='word_1_201' title='bbox 56 2540 166 2613; x_wconf 65' lang='lat' dir='ltr'><strong>neom</strong></span> <span class='ocrx_word' id='word_1_202' title='bbox 195 2540 266 2621; x_wconf 88' lang='lat' dir='ltr'><strong>quia</strong></span> <span class='ocrx_word' id='word_1_203' title='bbox 293 2534 479 2604; x_wconf 77' lang='lat' dir='ltr'><strong>rero²Nemo</strong></span> <span class='ocrx_word' id='word_1_204' title='bbox 507 2547 593 2604; x_wconf 79' lang='lat' dir='ltr'><strong>novit</strong></span> <span class='ocrx_word' id='word_1_205' title='bbox 615 2542 725 2604; x_wconf 81' lang='lat' dir='ltr'><strong>Filium</strong></span> <span class='ocrx_word' id='word_1_206' title='bbox 747 2532 809 2604; x_wconf 74' lang='lat' dir='ltr'><strong>nisi</strong></span> <span class='ocrx_word' id='word_1_207' title='bbox 830 2543 936 2616; x_wconf 78' lang='lat' dir='ltr'><strong>Potor,</strong></span> <span class='ocrx_word' id='word_1_208' title='bbox 960 2563 1054 2625; x_wconf 82' lang='lat' dir='ltr'><strong>neque</strong></span> <span class='ocrx_word' id='word_1_209' title='bbox 1076 2544 1198 2606; x_wconf 84' lang='lat' dir='ltr'><strong>Putrem</strong></span> <span class='ocrx_word' id='word_1_210' title='bbox 1220 2546 1286 2624; x_wconf 79' lang='lat' dir='ltr'><strong>ouis</strong></span> 
     </span>
     <span class='ocr_line' id='line_1_21' title="bbox 56 2641 1287 2723; baseline -0.002 -16"><span class='ocrx_word' id='word_1_211' title='bbox 56 2646 142 2707; x_wconf 72' lang='lat' dir='ltr'><strong>uvel</strong></span> <span class='ocrx_word' id='word_1_212' title='bbox 163 2646 230 2705; x_wconf 75' lang='lat' dir='ltr'><strong>nisi</strong></span> <span class='ocrx_word' id='word_1_213' title='bbox 250 2641 348 2704; x_wconf 76' lang='lat' dir='ltr'><strong>Filius</strong></span> <span class='ocrx_word' id='word_1_214' title='bbox 377 2655 405 2705; x_wconf 88' lang='lat' dir='ltr'><strong>et</strong></span> <span class='ocrx_word' id='word_1_215' title='bbox 428 2648 477 2705; x_wconf 79' lang='lat' dir='ltr'><strong>cei</strong></span> <span class='ocrx_word' id='word_1_216' title='bbox 497 2643 594 2706; x_wconf 80' lang='lat' dir='ltr'><strong>Filios</strong></span> <span class='ocrx_word' id='word_1_217' title='bbox 618 2644 817 2713; x_wconf 82' lang='lat' dir='ltr'><strong>revelaverit.</strong></span> <span class='ocrx_word' id='word_1_218' title='bbox 849 2644 958 2705; x_wconf 90' lang='lat' dir='ltr'><strong>idcirco</strong></span> <span class='ocrx_word' id='word_1_219' title='bbox 982 2644 1097 2717; x_wconf 85' lang='lat' dir='ltr'><strong>Sancti,</strong></span> <span class='ocrx_word' id='word_1_220' title='bbox 1127 2643 1234 2723; x_wconf 90' lang='lat' dir='ltr'><strong>quibus</strong></span> <span class='ocrx_word' id='word_1_221' title='bbox 1257 2642 1287 2704; x_wconf 88' lang='lat' dir='ltr'><strong>id</strong></span> 
     </span>
     <span class='ocr_line' id='line_1_22' title="bbox 55 2740 1286 2823; baseline -0.002 -18"><span class='ocrx_word' id='word_1_222' title='bbox 55 2740 149 2805; x_wconf 63' lang='lat' dir='ltr'><strong>ntia</strong></span> <span class='ocrx_word' id='word_1_223' title='bbox 171 2742 329 2816; x_wconf 80' lang='lat' dir='ltr'><strong>revelarit,</strong></span> <span class='ocrx_word' id='word_1_224' title='bbox 351 2743 507 2822; x_wconf 75' lang='lat' dir='ltr'><strong>imaginem</strong></span> <span class='ocrx_word' id='word_1_225' title='bbox 530 2745 674 2823; x_wconf 85' lang='lat' dir='ltr'><strong>quandam</strong></span> <span class='ocrx_word' id='word_1_226' title='bbox 698 2765 731 2806; x_wconf 82' lang='lat' dir='ltr'><strong>en</strong></span> <span class='ocrx_word' id='word_1_227' title='bbox 754 2745 844 2805; x_wconf 88' lang='lat' dir='ltr'><strong>rebus</strong></span> <span class='ocrx_word' id='word_1_228' title='bbox 867 2744 1096 2823; x_wconf 86' lang='lat' dir='ltr'><strong>aspectabilibus</strong></span> <span class='ocrx_word' id='word_1_229' title='bbox 1119 2743 1206 2804; x_wconf 88' lang='lat' dir='ltr'><strong>nobis</strong></span> <span class='ocrx_word' id='word_1_230' title='bbox 1229 2743 1286 2804; x_wconf 92' lang='lat' dir='ltr'><strong>bu·</strong></span> 
     </span>
     <span class='ocr_line' id='line_1_23' title="bbox 56 2842 1288 2929; baseline -0.002 -21"><span class='ocrx_word' id='word_1_231' title='bbox 56 2844 190 2908; x_wconf 71' lang='lat' dir='ltr'><strong>hemodi</strong></span> <span class='ocrx_word' id='word_1_232' title='bbox 217 2842 318 2905; x_wconf 81' lang='lat' dir='ltr'><strong>verbis</strong></span> <span class='ocrx_word' id='word_1_233' title='bbox 346 2845 544 2924; x_wconf 85' lang='lat' dir='ltr'><strong>reliquenmt:</strong></span> <span class='ocrx_word' id='word_1_234' title='bbox 576 2844 639 2929; x_wconf 74' lang='lat' dir='ltr'><strong>Qui</strong></span> <span class='ocrx_word' id='word_1_235' title='bbox 667 2865 732 2908; x_wconf 86' lang='lat' dir='ltr'><strong>cum</strong></span> <span class='ocrx_word' id='word_1_236' title='bbox 761 2851 801 2908; x_wconf 83' lang='lat' dir='ltr'><strong>sit</strong></span> <span class='ocrx_word' id='word_1_237' title='bbox 830 2846 976 2927; x_wconf 80' lang='lat' dir='ltr'><strong>splendor</strong></span> <span class='ocrx_word' id='word_1_238' title='bbox 996 2845 1113 2926; x_wconf 76' lang='lat' dir='ltr'><strong>plorioe</strong></span> <span class='ocrx_word' id='word_1_239' title='bbox 1136 2857 1165 2906; x_wconf 85' lang='lat' dir='ltr'><strong>et</strong></span> <span class='ocrx_word' id='word_1_240' title='bbox 1185 2845 1288 2925; x_wconf 78' lang='lat' dir='ltr'><strong>fiporo</strong></span> 
     </span>
     <span class='ocr_line' id='line_1_24' title="bbox 57 2930 1286 3028; baseline -0.002 -19"><span class='ocrx_word' id='word_1_241' title='bbox 57 2948 252 3009; x_wconf 68' lang='lat' dir='ltr'><strong>ubstantiae</strong></span> <span class='ocrx_word' id='word_1_242' title='bbox 273 2949 355 3015; x_wconf 56' lang='lat' dir='ltr'><strong>cium</strong></span> <span class='ocrx_word' id='word_1_243' title='bbox 380 2947 553 3007; x_wconf 90' lang='lat' dir='ltr'><strong>etiterum:</strong></span> <span class='ocrx_word' id='word_1_244' title='bbox 579 2930 731 3021; x_wconf 60' lang='lat' dir='ltr'><strong>Q&#39;oooicm</strong></span> <span class='ocrx_word' id='word_1_245' title='bbox 754 2949 835 3028; x_wconf 86' lang='lat' dir='ltr'><strong>opud</strong></span> <span class='ocrx_word' id='word_1_246' title='bbox 858 2960 885 3012; x_wconf 82' lang='lat' dir='ltr'><strong>te</strong></span> <span class='ocrx_word' id='word_1_247' title='bbox 908 2956 952 3008; x_wconf 84' lang='lat' dir='ltr'><strong>cst</strong></span> <span class='ocrx_word' id='word_1_248' title='bbox 973 2947 1045 3026; x_wconf 80' lang='lat' dir='ltr'><strong>sons</strong></span> <span class='ocrx_word' id='word_1_249' title='bbox 1069 2950 1158 3018; x_wconf 85' lang='lat' dir='ltr'><strong>vitoe,</strong></span> <span class='ocrx_word' id='word_1_250' title='bbox 1181 2950 1214 3007; x_wconf 80' lang='lat' dir='ltr'><strong>in</strong></span> <span class='ocrx_word' id='word_1_251' title='bbox 1237 2945 1286 3007; x_wconf 82' lang='lat' dir='ltr'><strong>lu-</strong></span> 
     </span>
     <span class='ocr_line' id='line_1_25' title="bbox 56 3046 1285 3126; baseline -0.002 -17"><span class='ocrx_word' id='word_1_252' title='bbox 56 3052 133 3109; x_wconf 75' lang='lat' dir='ltr'><strong>niu</strong></span> <span class='ocrx_word' id='word_1_253' title='bbox 166 3057 222 3109; x_wconf 76' lang='lat' dir='ltr'><strong>teo</strong></span> <span class='ocrx_word' id='word_1_254' title='bbox 256 3048 420 3110; x_wconf 76' lang='lat' dir='ltr'><strong>videbimus</strong></span> <span class='ocrx_word' id='word_1_255' title='bbox 453 3048 563 3110; x_wconf 74' lang='lat' dir='ltr'><strong>tenen.</strong></span> <span class='ocrx_word' id='word_1_256' title='bbox 607 3046 735 3109; x_wconf 84' lang='lat' dir='ltr'><strong>Verbum</strong></span> <span class='ocrx_word' id='word_1_257' title='bbox 766 3048 836 3109; x_wconf 91' lang='lat' dir='ltr'><strong>item</strong></span> <span class='ocrx_word' id='word_1_258' title='bbox 865 3048 1005 3109; x_wconf 77' lang='lat' dir='ltr'><strong>lsraelem</strong></span> <span class='ocrx_word' id='word_1_259' title='bbox 1037 3047 1197 3126; x_wconf 80' lang='lat' dir='ltr'><strong>obiurgans</strong></span> <span class='ocrx_word' id='word_1_260' title='bbox 1230 3046 1285 3107; x_wconf 89' lang='lat' dir='ltr'><strong>ait:</strong></span> 
     </span>
     <span class='ocr_line' id='line_1_26' title="bbox 57 3146 1286 3235; baseline 0 -26"><span class='ocrx_word' id='word_1_261' title='bbox 57 3146 260 3229; x_wconf 73' lang='lat' dir='ltr'><strong>bereltpcr&#39;ert</strong></span> <span class='ocrx_word' id='word_1_262' title='bbox 278 3148 394 3226; x_wconf 75' lang='lat' dir='ltr'><strong>sontem</strong></span> <span class='ocrx_word' id='word_1_263' title='bbox 415 3153 595 3228; x_wconf 81' lang='lat' dir='ltr'><strong>sopientioe;</strong></span> <span class='ocrx_word' id='word_1_264' title='bbox 617 3148 683 3228; x_wconf 91' lang='lat' dir='ltr'><strong>ipse</strong></span> <span class='ocrx_word' id='word_1_265' title='bbox 697 3167 797 3235; x_wconf 27' lang='lat' dir='ltr'><strong>,porro</strong></span> <span class='ocrx_word' id='word_1_266' title='bbox 820 3156 866 3209; x_wconf 92' lang='lat' dir='ltr'><strong>est</strong></span> <span class='ocrx_word' id='word_1_267' title='bbox 888 3150 966 3221; x_wconf 90' lang='lat' dir='ltr'><strong>lons,</strong></span> <span class='ocrx_word' id='word_1_268' title='bbox 989 3149 1039 3229; x_wconf 89' lang='lat' dir='ltr'><strong>qui</strong></span> <span class='ocrx_word' id='word_1_269' title='bbox 1061 3148 1145 3210; x_wconf 87' lang='lat' dir='ltr'><strong>dicit:</strong></span> <span class='ocrx_word' id='word_1_270' title='bbox 1169 3146 1217 3209; x_wconf 85' lang='lat' dir='ltr'><strong>Me</strong></span> <span class='ocrx_word' id='word_1_271' title='bbox 1234 3149 1286 3211; x_wconf 78' lang='lat' dir='ltr'><strong>cle-</strong></span> 
     </span>
     <span class='ocr_line' id='line_1_27' title="bbox 57 3246 1287 3343; baseline -0.001 -33"><span class='ocrx_word' id='word_1_272' title='bbox 57 3246 254 3343; x_wconf 56' lang='lat' dir='ltr'><strong>pliqermnt</strong></span> <span class='ocrx_word' id='word_1_273' title='bbox 273 3249 390 3333; x_wconf 67' lang='lat' dir='ltr'><strong>fontem</strong></span> <span class='ocrx_word' id='word_1_274' title='bbox 411 3268 505 3331; x_wconf 81' lang='lat' dir='ltr'><strong>oquae</strong></span> <span class='ocrx_word' id='word_1_275' title='bbox 526 3252 622 3311; x_wconf 79' lang='lat' dir='ltr'><strong>or&#39;ooe.</strong></span> <span class='ocrx_word' id='word_1_276' title='bbox 668 3248 747 3311; x_wconf 87' lang='lat' dir='ltr'><strong>Haec</strong></span> <span class='ocrx_word' id='word_1_277' title='bbox 768 3261 865 3311; x_wconf 83' lang='lat' dir='ltr'><strong>eutem</strong></span> <span class='ocrx_word' id='word_1_278' title='bbox 889 3250 1020 3330; x_wconf 85' lang='lat' dir='ltr'><strong>exempla</strong></span> <span class='ocrx_word' id='word_1_279' title='bbox 1041 3250 1111 3310; x_wconf 91' lang='lat' dir='ltr'><strong>licet</strong></span> <span class='ocrx_word' id='word_1_280' title='bbox 1131 3247 1203 3309; x_wconf 91' lang='lat' dir='ltr'><strong>levia</strong></span> <span class='ocrx_word' id='word_1_281' title='bbox 1227 3248 1287 3309; x_wconf 86' lang='lat' dir='ltr'><strong>sint</strong></span> 
     </span>
     <span class='ocr_line' id='line_1_28' title="bbox 55 3340 1286 3430; baseline -0.002 -19"><span class='ocrx_word' id='word_1_282' title='bbox 55 3344 218 3411; x_wconf 62' lang='lat' dir='ltr'><strong>Mum</strong></span> <span class='ocrx_word' id='word_1_283' title='bbox 241 3357 272 3408; x_wconf 87' lang='lat' dir='ltr'><strong>et</strong></span> <span class='ocrx_word' id='word_1_284' title='bbox 292 3340 419 3411; x_wconf 79' lang='lat' dir='ltr'><strong>oberarra</strong></span> <span class='ocrx_word' id='word_1_285' title='bbox 441 3350 478 3411; x_wconf 93' lang='lat' dir='ltr'><strong>ad</strong></span> <span class='ocrx_word' id='word_1_286' title='bbox 501 3350 529 3411; x_wconf 90' lang='lat' dir='ltr'><strong>id</strong></span> <span class='ocrx_word' id='word_1_287' title='bbox 553 3351 632 3430; x_wconf 93' lang='lat' dir='ltr'><strong>quod</strong></span> <span class='ocrx_word' id='word_1_288' title='bbox 655 3350 789 3428; x_wconf 90' lang='lat' dir='ltr'><strong>cupimus</strong></span> <span class='ocrx_word' id='word_1_289' title='bbox 813 3351 1046 3430; x_wconf 85' lang='lat' dir='ltr'><strong>exprimendum,</strong></span> <span class='ocrx_word' id='word_1_290' title='bbox 1069 3369 1104 3410; x_wconf 84' lang='lat' dir='ltr'><strong>ex</strong></span> <span class='ocrx_word' id='word_1_291' title='bbox 1126 3349 1173 3411; x_wconf 90' lang='lat' dir='ltr'><strong>bis</strong></span> <span class='ocrx_word' id='word_1_292' title='bbox 1189 3360 1286 3410; x_wconf 85' lang='lat' dir='ltr'><strong>tamen</strong></span> 
     </span>
     <span class='ocr_line' id='line_1_29' title="bbox 56 3432 1287 3530; baseline 0 -21"><span class='ocrx_word' id='word_1_293' title='bbox 56 3449 181 3528; x_wconf 73' lang='lat' dir='ltr'><strong>intelligi</strong></span> <span class='ocrx_word' id='word_1_294' title='bbox 211 3458 313 3527; x_wconf 81' lang='lat' dir='ltr'><strong>potest</strong></span> <span class='ocrx_word' id='word_1_295' title='bbox 343 3450 467 3530; x_wconf 87' lang='lat' dir='ltr'><strong>aliquid,</strong></span> <span class='ocrx_word' id='word_1_296' title='bbox 501 3451 581 3530; x_wconf 87' lang='lat' dir='ltr'><strong>quod</strong></span> <span class='ocrx_word' id='word_1_297' title='bbox 613 3451 654 3511; x_wconf 91' lang='lat' dir='ltr'><strong>sit</strong></span> <span class='ocrx_word' id='word_1_298' title='bbox 674 3468 764 3529; x_wconf 88' lang='lat' dir='ltr'><strong>supra</strong></span> <span class='ocrx_word' id='word_1_299' title='bbox 786 3432 938 3512; x_wconf 71' lang='lat' dir='ltr'><strong>hominnm</strong></span> <span class='ocrx_word' id='word_1_300' title='bbox 961 3459 1112 3522; x_wconf 88' lang='lat' dir='ltr'><strong>naturam,</strong></span> <span class='ocrx_word' id='word_1_301' title='bbox 1144 3467 1199 3510; x_wconf 91' lang='lat' dir='ltr'><strong>nec</strong></span> <span class='ocrx_word' id='word_1_302' title='bbox 1220 3448 1287 3509; x_wconf 84' lang='lat' dir='ltr'><strong>Filii</strong></span> 
     </span>
     <span class='ocr_line' id='line_1_30' title="bbox 55 3549 1285 3633; baseline -0.003 -20"><span class='ocrx_word' id='word_1_303' title='bbox 55 3549 283 3633; x_wconf 65' lang='lat' dir='ltr'><strong>mentionem</strong></span> <span class='ocrx_word' id='word_1_304' title='bbox 304 3559 426 3613; x_wconf 86' lang='lat' dir='ltr'><strong>nostrae</strong></span> <span class='ocrx_word' id='word_1_305' title='bbox 448 3570 515 3615; x_wconf 87' lang='lat' dir='ltr'><strong>esse</strong></span> <span class='ocrx_word' id='word_1_306' title='bbox 538 3552 676 3613; x_wconf 87' lang='lat' dir='ltr'><strong>similem.</strong></span> <span class='ocrx_word' id='word_1_307' title='bbox 722 3550 796 3622; x_wconf 83' lang='lat' dir='ltr'><strong>Quis</strong></span> <span class='ocrx_word' id='word_1_308' title='bbox 819 3551 898 3612; x_wconf 90' lang='lat' dir='ltr'><strong>enim</strong></span> <span class='ocrx_word' id='word_1_309' title='bbox 920 3552 966 3612; x_wconf 87' lang='lat' dir='ltr'><strong>vel</strong></span> <span class='ocrx_word' id='word_1_310' title='bbox 988 3550 1164 3629; x_wconf 76' lang='lat' dir='ltr'><strong>cogitatione</strong></span> <span class='ocrx_word' id='word_1_311' title='bbox 1185 3550 1285 3629; x_wconf 76' lang='lat' dir='ltr'><strong>fingat,</strong></span> 
     </span>
     <span class='ocr_line' id='line_1_31' title="bbox 56 3650 1287 3732; baseline -0.005 -17"><span class='ocrx_word' id='word_1_312' title='bbox 56 3671 116 3715; x_wconf 76' lang='lat' dir='ltr'><strong>non</strong></span> <span class='ocrx_word' id='word_1_313' title='bbox 139 3671 214 3713; x_wconf 77' lang='lat' dir='ltr'><strong>esse</strong></span> <span class='ocrx_word' id='word_1_314' title='bbox 235 3650 391 3730; x_wconf 86' lang='lat' dir='ltr'><strong>aliquando</strong></span> <span class='ocrx_word' id='word_1_315' title='bbox 413 3652 618 3732; x_wconf 85' lang='lat' dir='ltr'><strong>splendorem,</strong></span> <span class='ocrx_word' id='word_1_316' title='bbox 651 3659 685 3712; x_wconf 92' lang='lat' dir='ltr'><strong>ut</strong></span> <span class='ocrx_word' id='word_1_317' title='bbox 712 3651 817 3712; x_wconf 88' lang='lat' dir='ltr'><strong>audeat</strong></span> <span class='ocrx_word' id='word_1_318' title='bbox 845 3651 1040 3725; x_wconf 88' lang='lat' dir='ltr'><strong>contendere,</strong></span> <span class='ocrx_word' id='word_1_319' title='bbox 1072 3670 1132 3712; x_wconf 94' lang='lat' dir='ltr'><strong>non</strong></span> <span class='ocrx_word' id='word_1_320' title='bbox 1167 3668 1287 3728; x_wconf 87' lang='lat' dir='ltr'><strong>semper</strong></span> 
     </span>
     <span class='ocr_line' id='line_1_32' title="bbox 56 3749 1287 3832; baseline -0.003 -16"><span class='ocrx_word' id='word_1_321' title='bbox 56 3755 153 3816; x_wconf 77' lang='lat' dir='ltr'><strong>inisse</strong></span> <span class='ocrx_word' id='word_1_322' title='bbox 175 3751 300 3825; x_wconf 84' lang='lat' dir='ltr'><strong>Filium,</strong></span> <span class='ocrx_word' id='word_1_323' title='bbox 327 3751 373 3812; x_wconf 82' lang='lat' dir='ltr'><strong>rel</strong></span> <span class='ocrx_word' id='word_1_324' title='bbox 395 3771 457 3814; x_wconf 92' lang='lat' dir='ltr'><strong>non</strong></span> <span class='ocrx_word' id='word_1_325' title='bbox 479 3754 589 3825; x_wconf 84' lang='lat' dir='ltr'><strong>luisse,</strong></span> <span class='ocrx_word' id='word_1_326' title='bbox 618 3752 793 3832; x_wconf 84' lang='lat' dir='ltr'><strong>priusquam</strong></span> <span class='ocrx_word' id='word_1_327' title='bbox 816 3760 898 3814; x_wconf 88' lang='lat' dir='ltr'><strong>esset</strong></span> <span class='ocrx_word' id='word_1_328' title='bbox 918 3750 1058 3830; x_wconf 76' lang='lat' dir='ltr'><strong>genitus?</strong></span> <span class='ocrx_word' id='word_1_329' title='bbox 1101 3751 1159 3813; x_wconf 78' lang='lat' dir='ltr'><strong>Aut</strong></span> <span class='ocrx_word' id='word_1_330' title='bbox 1180 3749 1245 3830; x_wconf 90' lang='lat' dir='ltr'><strong>quis</strong></span> <span class='ocrx_word' id='word_1_331' title='bbox 1269 3768 1287 3812; x_wconf 92' lang='lat' dir='ltr'><strong>a</strong></span> 
     </span>
     <span class='ocr_line' id='line_1_33' title="bbox 56 3851 1285 3934; baseline -0.006 -15"><span class='ocrx_word' id='word_1_332' title='bbox 56 3854 120 3919; x_wconf 74' lang='lat' dir='ltr'><strong>sole</strong></span> <span class='ocrx_word' id='word_1_333' title='bbox 142 3852 338 3934; x_wconf 85' lang='lat' dir='ltr'><strong>splendorem</strong></span> <span class='ocrx_word' id='word_1_334' title='bbox 360 3853 519 3933; x_wconf 86' lang='lat' dir='ltr'><strong>separabit,</strong></span> <span class='ocrx_word' id='word_1_335' title='bbox 541 3863 591 3916; x_wconf 87' lang='lat' dir='ltr'><strong>aut</strong></span> <span class='ocrx_word' id='word_1_336' title='bbox 612 3855 725 3915; x_wconf 85' lang='lat' dir='ltr'><strong>sontem</strong></span> <span class='ocrx_word' id='word_1_337' title='bbox 746 3853 804 3913; x_wconf 85' lang='lat' dir='ltr'><strong>rita</strong></span> <span class='ocrx_word' id='word_1_338' title='bbox 826 3853 982 3933; x_wconf 86' lang='lat' dir='ltr'><strong>aliquando</strong></span> <span class='ocrx_word' id='word_1_339' title='bbox 1005 3851 1178 3913; x_wconf 90' lang='lat' dir='ltr'><strong>destitutum</strong></span> <span class='ocrx_word' id='word_1_340' title='bbox 1202 3851 1285 3930; x_wconf 78' lang='lat' dir='ltr'><strong>cogi-</strong></span> 
     </span>
     <span class='ocr_line' id='line_1_34' title="bbox 55 3952 1288 4034; baseline -0.004 -16"><span class='ocrx_word' id='word_1_341' title='bbox 55 3954 137 4033; x_wconf 78' lang='lat' dir='ltr'><strong>rabit,</strong></span> <span class='ocrx_word' id='word_1_342' title='bbox 162 3963 198 4016; x_wconf 91' lang='lat' dir='ltr'><strong>ut</strong></span> <span class='ocrx_word' id='word_1_343' title='bbox 219 3954 373 4016; x_wconf 83' lang='lat' dir='ltr'><strong>insaniens</strong></span> <span class='ocrx_word' id='word_1_344' title='bbox 397 3954 483 4028; x_wconf 87' lang='lat' dir='ltr'><strong>dicat,</strong></span> <span class='ocrx_word' id='word_1_345' title='bbox 506 3973 541 4016; x_wconf 80' lang='lat' dir='ltr'><strong>ex</strong></span> <span class='ocrx_word' id='word_1_346' title='bbox 562 3953 655 4016; x_wconf 91' lang='lat' dir='ltr'><strong>nibilo</strong></span> <span class='ocrx_word' id='word_1_347' title='bbox 678 3972 747 4016; x_wconf 87' lang='lat' dir='ltr'><strong>esse</strong></span> <span class='ocrx_word' id='word_1_348' title='bbox 763 3953 879 4027; x_wconf 82' lang='lat' dir='ltr'><strong>Filium,</strong></span> <span class='ocrx_word' id='word_1_349' title='bbox 903 3954 952 4034; x_wconf 89' lang='lat' dir='ltr'><strong>qui</strong></span> <span class='ocrx_word' id='word_1_350' title='bbox 976 3953 1040 4032; x_wconf 91' lang='lat' dir='ltr'><strong>ipse</strong></span> <span class='ocrx_word' id='word_1_351' title='bbox 1063 3953 1118 4013; x_wconf 87' lang='lat' dir='ltr'><strong>ait:</strong></span> <span class='ocrx_word' id='word_1_352' title='bbox 1140 3952 1203 4032; x_wconf 78' lang='lat' dir='ltr'><strong>Epo</strong></span> <span class='ocrx_word' id='word_1_353' title='bbox 1219 3970 1288 4013; x_wconf 80' lang='lat' dir='ltr'><strong>sum</strong></span> 
     </span>
     <span class='ocr_line' id='line_1_35' title="bbox 55 4052 1290 4132; baseline -0.006 -14"><span class='ocrx_word' id='word_1_354' title='bbox 55 4064 126 4129; x_wconf 78' lang='lat' dir='ltr'><strong>cito,</strong></span> <span class='ocrx_word' id='word_1_355' title='bbox 151 4056 199 4117; x_wconf 74' lang='lat' dir='ltr'><strong>sel</strong></span> <span class='ocrx_word' id='word_1_356' title='bbox 223 4075 288 4117; x_wconf 67' lang='lat' dir='ltr'><strong>eur·</strong></span> <span class='ocrx_word' id='word_1_357' title='bbox 313 4078 329 4117; x_wconf 83' lang='lat' dir='ltr'><strong>a</strong></span> <span class='ocrx_word' id='word_1_358' title='bbox 354 4054 520 4118; x_wconf 88' lang='lat' dir='ltr'><strong>substantia</strong></span> <span class='ocrx_word' id='word_1_359' title='bbox 541 4055 638 4116; x_wconf 87' lang='lat' dir='ltr'><strong>Patris</strong></span> <span class='ocrx_word' id='word_1_360' title='bbox 662 4074 730 4117; x_wconf 87' lang='lat' dir='ltr'><strong>esso</strong></span> <span class='ocrx_word' id='word_1_361' title='bbox 753 4055 917 4127; x_wconf 87' lang='lat' dir='ltr'><strong>diversum,</strong></span> <span class='ocrx_word' id='word_1_362' title='bbox 940 4055 990 4132; x_wconf 89' lang='lat' dir='ltr'><strong>qui</strong></span> <span class='ocrx_word' id='word_1_363' title='bbox 1014 4054 1092 4114; x_wconf 89' lang='lat' dir='ltr'><strong>idern</strong></span> <span class='ocrx_word' id='word_1_364' title='bbox 1115 4053 1200 4113; x_wconf 91' lang='lat' dir='ltr'><strong>dicit:</strong></span> <span class='ocrx_word' id='word_1_365' title='bbox 1226 4052 1290 4123; x_wconf 78' lang='lat' dir='ltr'><strong>Qut</strong></span> 
     </span>
     <span class='ocr_line' id='line_1_36' title="bbox 52 4150 1286 4229; baseline -0.009 -8"><span class='ocrx_word' id='word_1_366' title='bbox 52 4178 98 4221; x_wconf 78' lang='lat' dir='ltr'><strong>ne</strong></span> <span class='ocrx_word' id='word_1_367' title='bbox 119 4159 211 4229; x_wconf 76' lang='lat' dir='ltr'><strong>videt,</strong></span> <span class='ocrx_word' id='word_1_368' title='bbox 237 4165 317 4220; x_wconf 53' lang='lat' dir='ltr'><strong>odet</strong></span> <span class='ocrx_word' id='word_1_369' title='bbox 340 4168 368 4220; x_wconf 84' lang='lat' dir='ltr'><strong>et</strong></span> <span class='ocrx_word' id='word_1_370' title='bbox 384 4154 529 4220; x_wconf 73' lang='lat' dir='ltr'><strong>Patren?</strong></span> <span class='ocrx_word' id='word_1_371' title='bbox 573 4154 718 4217; x_wconf 88' lang='lat' dir='ltr'><strong>Nimirum</strong></span> <span class='ocrx_word' id='word_1_372' title='bbox 740 4175 807 4218; x_wconf 92' lang='lat' dir='ltr'><strong>cum</strong></span> <span class='ocrx_word' id='word_1_373' title='bbox 820 4155 918 4217; x_wconf 84' lang='lat' dir='ltr'><strong>Sancti</strong></span> <span class='ocrx_word' id='word_1_374' title='bbox 942 4155 1015 4216; x_wconf 91' lang='lat' dir='ltr'><strong>hacc</strong></span> <span class='ocrx_word' id='word_1_375' title='bbox 1037 4172 1093 4214; x_wconf 92' lang='lat' dir='ltr'><strong>nos</strong></span> <span class='ocrx_word' id='word_1_376' title='bbox 1116 4154 1155 4214; x_wconf 84' lang='lat' dir='ltr'><strong>ita</strong></span> <span class='ocrx_word' id='word_1_377' title='bbox 1176 4150 1286 4212; x_wconf 87' lang='lat' dir='ltr'><strong>intelli·</strong></span> 
     </span>
    </p>
   </div>
   <div class='ocr_carea' id='block_1_4' title="bbox 53 4326 1286 4549">
    <p class='ocr_par' dir='ltr' id='par_1_10' title="bbox 53 4326 1286 4549">
     <span class='ocr_line' id='line_1_37' title="bbox 85 4326 1283 4409; baseline -0.01 -14"><span class='ocrx_word' id='word_1_378' title='bbox 85 4364 106 4395; x_wconf 83' lang='lat' dir='ltr'><strong>a.</strong></span> <span class='ocrx_word' id='word_1_379' title='bbox 124 4347 241 4409; x_wconf 68' lang='lat' dir='ltr'><strong>Siclless.</strong></span> <span class='ocrx_word' id='word_1_380' title='bbox 278 4345 324 4395; x_wconf 79' lang='lat' dir='ltr'><strong>dlii</strong></span> <span class='ocrx_word' id='word_1_381' title='bbox 352 4357 409 4393; x_wconf 81' lang='lat' dir='ltr'><strong>tero</strong></span> <span class='ocrx_word' id='word_1_382' title='bbox 436 4350 460 4392; x_wconf 89' lang='lat' dir='ltr'><strong>et</strong></span> <span class='ocrx_word' id='word_1_383' title='bbox 488 4343 545 4394; x_wconf 85' lang='lat' dir='ltr'><strong>editi</strong></span> <span class='ocrx_word' id='word_1_384' title='bbox 563 4333 648 4391; x_wconf 70' lang='grc' dir='ltr'><strong><em>αὐτόν</em></strong></span> <span class='ocrx_word' id='word_1_385' title='bbox 700 4342 810 4404; x_wconf 74' lang='lat' dir='ltr'><strong>legerunt</strong></span> <span class='ocrx_word' id='word_1_386' title='bbox 827 4342 981 4405; x_wconf 82' lang='lat' dir='ltr'><strong>interpretes.</strong></span> <span class='ocrx_word' id='word_1_387' title='bbox 1018 4339 1097 4388; x_wconf 85' lang='lat' dir='ltr'><strong>Ceteri</strong></span> <span class='ocrx_word' id='word_1_388' title='bbox 1109 4336 1197 4387; x_wconf 78' lang='lat' dir='ltr'><strong>crediti</strong></span> <span class='ocrx_word' id='word_1_389' title='bbox 1210 4326 1283 4400; x_wconf 76' lang='grc' dir='ltr'><strong><em>ὑμῖν.</em></strong></span> 
     </span>
     <span class='ocr_line' id='line_1_38' title="bbox 53 4395 1286 4472; baseline -0.014 -7"><span class='ocrx_word' id='word_1_390' title='bbox 53 4419 172 4465; x_wconf 76' lang='lat' dir='ltr'><strong>oniunnt.</strong></span> <span class='ocrx_word' id='word_1_391' title='bbox 737 4426 756 4458; x_wconf 81' lang='lat' dir='ltr'><strong>e</strong></span> <span class='ocrx_word' id='word_1_392' title='bbox 776 4410 816 4459; x_wconf 88' lang='lat' dir='ltr'><strong>Sic</strong></span> <span class='ocrx_word' id='word_1_393' title='bbox 840 4424 900 4461; x_wconf 85' lang='lat' dir='ltr'><strong>mss.</strong></span> <span class='ocrx_word' id='word_1_394' title='bbox 920 4419 944 4459; x_wconf 87' lang='lat' dir='ltr'><strong>et</strong></span> <span class='ocrx_word' id='word_1_395' title='bbox 961 4409 1094 4472; x_wconf 81' lang='lat' dir='ltr'><strong>Scriptum.</strong></span> <span class='ocrx_word' id='word_1_396' title='bbox 1129 4406 1190 4455; x_wconf 82' lang='lat' dir='ltr'><strong>Editi</strong></span> <span class='ocrx_word' id='word_1_397' title='bbox 1208 4395 1286 4467; x_wconf 73' lang='grc' dir='ltr'><strong><em>ἐγκα-</em></strong></span> 
     </span>
     <span class='ocr_line' id='line_1_39' title="bbox 83 4465 827 4549; baseline -0.015 -13"><span class='ocrx_word' id='word_1_398' title='bbox 83 4486 182 4548; x_wconf 67' lang='lat' dir='ltr'><strong>blteg.</strong></span> <span class='ocrx_word' id='word_1_399' title='bbox 201 4465 302 4549; x_wconf 65' lang='grc' dir='ltr'><strong><em>φ’ἰᾶν.</em></strong></span> <span class='ocrx_word' id='word_1_400' title='bbox 343 4479 400 4530; x_wconf 80' lang='grc' dir='ltr'><strong>Ιοι</strong></span> <span class='ocrx_word' id='word_1_401' title='bbox 424 4477 455 4529; x_wconf 84' lang='lat' dir='ltr'><strong>id.</strong></span> <span class='ocrx_word' id='word_1_402' title='bbox 474 4469 555 4544; x_wconf 71' lang='grc' dir='ltr'><strong><em>ἡμῖν,</em></strong></span> <span class='ocrx_word' id='word_1_403' title='bbox 582 4486 610 4530; x_wconf 78' lang='grc' dir='ltr'><strong>ιι</strong></span> <span class='ocrx_word' id='word_1_404' title='bbox 627 4484 651 4530; x_wconf 86' lang='lat' dir='ltr'><strong>ct</strong></span> <span class='ocrx_word' id='word_1_405' title='bbox 701 4471 827 4529; x_wconf 79' lang='grc' dir='ltr'><strong><em>τελίπετε.</em></strong></span> 
     </span>
    </p>
   </div>
   <div class='ocr_carea' id='block_1_5' title="bbox 0 0 1478 5092">
    <p class='ocr_par' dir='ltr' id='par_1_11' title="bbox 0 0 1478 5092">
     <span class='ocr_line' id='line_1_40' title="bbox 0 0 1478 5092; baseline 0 2"><span class='ocrx_word' id='word_1_406' title='bbox 0 0 1478 5092; x_wconf 95' lang='lat' dir='ltr'><strong> </strong></span> 
     </span>
    </p>
   </div>
  </div>
 </body>
</html>
