2934 5078
338 280 713 329 numunianum
725 282 870 329 ιιιιιιιιιι
885 283 1004 328 amona.
1249 270 1293 337 37

99 432 139 497 lii
163 442 243 497 suut
273 435 473 508 montisel
493 432 572 497 neus
600 453 706 514 expers
728 443 776 496 eet
797 436 938 498 materiae
959 445 992 498 ct
1012 437 1159 517 emporia.
1203 436 1378 512 Quodnam.

99 534 207 597 υιειιι
240 534 420 599 dictiones
440 535 506 599 nea
533 543 562 596 et
582 534 754 597 hominibus
775 535 806 597 in
829 536 936 601 divitaie
957 537 1120 616 scalpturis
1142 538 1292 602 interdum

99 636 252 710 namur,
276 636 454 701 hominum
476 644 524 699 eet
543 637 769 719 perspicacium,
790 644 824 698 ut
844 637 984 700 admouet
997 639 1117 713 Paulus,
1139 639 1292 703 attendere

106 736 274 812 ltdionem,
298 754 438 819 nmque
459 738 661 819 perpendere,
683 758 717 800 ac
738 757 793 819 pro
816 746 920 801 nauum
941 758 1040 803 remum
1061 740 1292 819 significatarum

99 858 125 901 ae
143 839 258 921 acu'ipla
281 844 364 901 sunl
379 836 566 913 diiudicare,
595 858 651 902 nec
672 858 793 903 aeneum
815 840 1012 913 contundere,
1041 840 1083 903 ita
1103 850 1137 903 ut
1157 861 1232 922 quae
1253 843 1292 905 ad
1387 843 1389 847 ’

162 947 318 1020 spectum,
341 940 479 1004 humano
501 939 592 1003 modo
614 959 675 1002 nou
696 940 906 1020 intelligantur,
927 960 984 1004 nec
1004 942 1135 1004 vicissim
1157 961 1232 1024 quae
1254 944 1292 1006 ad

99 1040 188 1103 daea
207 1042 386 1121 perunum,
416 1041 584 1121 cogitentur
611 1049 748 1121 tauquam
769 1041 822 1103 llei
843 1043 974 1122 propria.
1018 1043 1051 1105 ld
1073 1043 1154 1105 enim
1174 1053 1224 1106 eat
1243 1043 1291 1105 vi·

99 1159 127 1203 ιι
145 1160 214 1204 cum
235 1160 317 1223 aqua
337 1142 483 1217 miseere,
505 1142 689 1222 alienumque
711 1142 809 1222 ignem
831 1143 868 1205 ad
889 1142 1019 1206 divinum
1040 1144 1139 1223 iguem
1161 1144 1292 1207 inultam

99 1260 224 1309 novoe.

147 1552 197 1611 ll.
241 1547 364 1609 Scilicet
385 1555 417 1609 et
437 1547 517 1609 [leus
538 1554 629 1637 canat,
652 1556 681 1608 et
702 1547 740 1608 de
754 1546 925 1609 hominibus
940 1547 1018 1610 idem
1034 1566 1151 1627 quoque
1166 1546 1289 1622 dieitur3

99 1664 141 1709 eoa
159 1647 234 1709 item
255 1646 285 1709 ia
306 1657 355 1711 eat
375 1648 427 1729 qui
450 1656 508 1724 eat,
528 1646 666 1713 heminae
686 1648 823 1710 similiter
843 1649 981 1711 dicuntur
996 1667 1075 1722 esse,
1098 1649 1178 1728 quod
1191 1649 1291 1728 ipsum

99 1746 180 1811 idm
202 1768 219 1809 a
239 1748 305 1810 Deo
327 1758 515 1829 aeceperunt.
558 1732 603 1810 Aia
626 1768 697 1828 ergo
720 1749 758 1811 ita
773 1749 851 1811 [leus
873 1759 961 1823 creat,
984 1759 1017 1811 ut
1030 1748 1147 1811 humei
1174 1750 1220 1811 lln
1235 1768 1289 1811 eo-

99 1830 248 1913 finodo
278 1857 342 1925 eat,
369 1868 429 1929 quo
456 1849 571 1912 homo?
614 1851 734 1913 lliuime
757 1858 853 1923 eerte3
884 1850 936 1910 sed
960 1850 1044 1913 aliter
1064 1851 1118 1912 has
1140 1869 1229 1912 uoces
1253 1850 1290 1913 de

99 1962 128 2013 Ι
150 1950 361 2030 intelligimus,
389 1951 476 2013 aliter
503 1952 539 2013 de
567 1950 748 2013 hominibus.
791 1949 865 2013 Nam
886 1951 966 2014 licus
989 1951 1106 2033 quidem
1130 1960 1225 2025 creat,
1255 1970 1290 2014 ea

99 2032 227 2115 bnon
257 2061 345 2113 erant
372 2070 482 2113 vocans
510 2061 541 2114 ut
570 2053 644 2125 sint,
672 2052 810 2132 nullaque
837 2071 870 2113 re
898 2055 933 2114 ad
956 2054 1114 2115 creandum
1135 2053 1290 2131 indigens3

99 2152 199 2216 mines
220 2171 295 2214 vero
318 2171 381 2215 nou
405 2152 462 2214 nisi
487 2153 616 2215 subiecta
640 2161 762 2215 utuntur
776 2155 907 2228 materia,
930 2163 1087 2235 postquam
1110 2154 1217 2226 aileu,
1239 2152 1291 2232 qui

99 2253 160 2316 nia
178 2272 239 2335 per
259 2254 416 2335 proprium
439 2251 566 2315 Verbum
589 2255 714 2329 creauit,
736 2255 886 2317 seientiam
910 2264 1041 2317 autemve
1063 2256 1166 2334 agendi
1190 2253 1289 2334 preci-

99 2373 118 2417 ι
136 2352 346 2419 obtinuerunt
390 2354 546 2417 Praeterea
568 2355 723 2430 homines,
751 2357 801 2436 qui
828 2376 883 2436 per
904 2376 937 2419 se
959 2357 1016 2436 ipsi
1039 2376 1107 2418 esse
1130 2374 1190 2417 nou
1212 2374 1289 2436 pee-

99 2464 146 2533 Ι,
164 2450 240 2555 loco
260 2454 561 2529 circumscribuntur,
584 2457 724 2535 atquein
746 2457 798 2518 llei
822 2458 918 2519 Verbo
941 2459 1123 2530 consistunt;
1152 2457 1291 2529 alliena,

99 2548 192 2653 ipa·
208 2576 246 2621 ee
267 2574 339 2619 vere
354 2565 418 2631 est,
441 2556 540 2641 qmnia
562 2558 702 2631 eontinet,
726 2567 754 2620 el
776 2578 792 2619 a
815 2559 894 2620 nulla
915 2578 948 2621 re
970 2560 1036 2638 ipse
1059 2559 1238 2631 continetur,
1260 2557 1292 2618 in

99 2658 202 2723 flue
240 2666 293 2721 est
328 2677 382 2720 sua
414 2656 547 2720 bonitate
569 2668 599 2719 et
626 2660 774 2738 potentia,
806 2668 835 2720 at
863 2668 944 2721 extra
973 2661 1071 2721 omnia
1101 2669 1147 2721 est
1171 2657 1293 2738 propria

99 2740 173 2825 ln.
221 2759 483 2835 Quemadmodum
514 2778 583 2838 ergo
612 2779 672 2820 non
695 2761 911 2822 eodemmodo
935 2760 1209 2832 cleanthomines‚
1233 2776 1292 2837 quo

99 2858 140 2927 ἦ
158 2871 254 2935 meat,
279 2881 336 2922 nec
358 2862 463 2923 eodem
485 2861 574 2921 modo
595 2869 664 2922 suut
685 2880 743 2939 quo
766 2862 830 2935 ille3
853 2862 892 2922 ita
914 2861 998 2922 aliter
1018 2867 1213 2941 procreantur
1233 2859 1291 2919 ho-

99 2965 173 3057 ht,
196 2972 229 3026 et
253 2962 342 3024 aliter
363 2962 455 3022 Pilius
479 2982 515 3023 ex
536 2962 623 3024 Patre
646 2963 786 3024 nascitur.
831 2963 920 3023 Fetus
944 2962 1022 3023 enim
1044 2962 1198 3023 hominum
1220 2979 1290 3041 par-

99 3032 353 3146 iquouammouo
376 3073 445 3126 sunt
467 3065 657 3143 gignentium,
680 3062 788 3143 quippe
811 3082 877 3125 cum
900 3083 956 3125 nee
976 3064 1041 3143 ipsa
1063 3079 1221 3142 corporum
1235 3079 1291 3122 ua-

99 3186 127 3231 ιι
145 3167 279 3247 simplex
301 3166 357 3238 sit,
381 3165 434 3226 sed
456 3166 532 3227 fluxa
554 3174 641 3245 atque
663 3184 698 3226 ex
720 3164 853 3244 partibus
877 3166 1050 3246 composita
1095 3165 1167 3226 Nam
1191 3163 1290 3225 homi-

99 3287 116 3331 ι
133 3266 291 3349 gignendo
315 3267 454 3327 emittunt
475 3286 511 3327 ex
533 3285 566 3327 se
588 3266 707 3346 aliquid,
729 3266 930 3345 quaedamque
945 3286 1052 3327 rursus
1068 3288 1102 3328 ex
1118 3266 1200 3338 cibis,
1216 3282 1292 3344 quos

99 3371 225 3453 quiunt,
248 3368 282 3430 in
305 3387 359 3430 eos
382 3369 531 3441 delluunt3
559 3386 634 3447 quae
656 3366 774 3447 quidem
797 3386 885 3428 causa
908 3377 968 3437 est,
997 3388 1050 3428 cur
1071 3368 1231 3428 inultorum
1252 3365 1291 3425 li-

99 3488 201 3553 ιμιιιι
228 3474 608 3577 protemporeparentee
631 3469 711 3529 fiant.
755 3468 954 3530 nemaeum
978 3469 1228 3539 individuusest‚
1259 3485 1292 3528 aa

99 3572 186 3637 ahto
207 3546 336 3651 absque·
345 3568 494 3632 dvieione
515 3569 646 3649 nihilque
666 3570 805 3648 patiendo
823 3570 887 3630 Filii
911 3580 957 3632 est
971 3571 1067 3631 Pater.
1111 3569 1189 3630 Nihil
1212 3569 1324 3630 enimn.
1330 3585 1377 3628 ne.

99 3690 152 3737 re
172 3676 354 3752 incorporea
378 3670 511 3745 effluere,
533 3671 671 3733 nihilve
663 3690 695 3732 un
716 3690 797 3745 eam,
820 3671 861 3732 uti
884 3672 1054 3733 hominibus
1076 3670 1195 3742 accidit,
1219 3678 1289 3748 pot-

99 3776 264 3839 liulluere.
311 3772 461 3847 Quocirca
484 3772 644 3833 cumlleus
664 3771 829 3834 situatum
851 3773 985 3851 simplex,
1008 3773 1093 3834 unius
1117 3790 1235 3850 quoque
1257 3786 1292 3831 aa.

99 3876 158 3939 ιΙίιιι
177 3876 241 3937 Filii
264 3885 312 3939 est
333 3876 434 3937 Pater.
480 3872 590 3934 Idcirco
614 3873 693 3933 enim
715 3881 745 3934 et
766 3873 933 3952 unigenitus
957 3883 1011 3947 esi,
1036 3879 1067 3935 et
1087 3862 1170 3933 solue
1194 3871 1292 3931 estin

99 3996 134 4039 uo
152 3978 261 4053 Patris,
291 3994 426 4055 eumque
454 3974 552 4034 solum
582 3993 617 4035 ex
648 3977 748 4055 seipso
778 3995 846 4036 esse
868 3984 968 4054 aperte
990 3975 1077 4035 Pater
1099 3973 1225 4034 declarat
1245 3971 1292 4032 his

99 4078 174 4141 nbis:
198 4081 252 4144 llic
284 4091 333 4143 eat
356 4078 460 4140 Filius
488 4095 570 4137 meam
599 4077 739 4149 dilectus,
769 4082 800 4138 a'n
828 4095 884 4156 quo
908 4077 983 4137 mili
1004 4076 1178 4155 cemplacui.
1223 4074 1291 4152 lpse

99 4178 250 4244 ltl'erhum
273 4181 396 4251 Patris,
423 4194 511 4256 quem
528 4178 658 4256 'proinde
680 4186 713 4238 ut
734 4178 852 4238 Patrem
874 4196 928 4239 nec
950 4177 1019 4256 quid
1042 4176 1101 4255 pali
1123 4194 1179 4237 nec
1202 4174 1290 4234 dividi

114 4366 176 4413 asic
160 4370 240 4429 uella„
276 4372 323 4421 Alii
354 4379 415 4414 vero
437 4370 460 4411 et
480 4363 534 4412 editi
552 4377 588 4426 μη
608 4358 652 4410 καὶ
741 4364 764 4411 ιι.
784 4364 838 4420 lla
864 4354 924 4409 καθ’
945 4355 1043 4415 αὑτούς
1069 4372 1092 4413 et
1122 4361 1204 4425 paullo
1234 4367 1289 4423 post

99 4419 249 4497 ιιὸθριιποι.
706 4422 767 4479 καθ
787 4421 880 4478 αὑτόν.

684 4558 686 4563 ,
742 4514 762 4549 c.
781 4499 837 4560 Res.
856 4487 956 4547 elren.
