2948 5092
2 238 68 305 444
141 246 145 253 ’
407 247 434 295 ε.
448 244 603 292 mmm
616 245 844 292 ωισιεειιεοει

4 398 125 487 σαρκός
147 396 194 476 είς
216 392 320 482 ἀνδρα
340 394 465 462 τέλειον
486 391 746 477 καταντήσαντες
755 397 775 472 ¹)
798 388 968 461 ἀθάνατοι
989 398 1044 461 καί
1060 392 1236 483 ἀφθαρτοι

4 495 234 583 ῦιαμείνωμεν.
960 532 963 537 ·

91 608 140 670 75.
189 597 237 664 Τὸ
260 596 295 662 δὲ
317 594 384 680 πρὸ
406 597 464 660 τοῦ
488 593 609 671 αἰῶνος
630 595 685 660 καλ
708 592 775 678 πρὸ
797 597 857 660 τοῦ
873 595 1005 683 τῆνγῆν
1021 599 1235 682 ποιῆσαικαὶ

3 700 73 789 πρὸ
94 702 154 767 τοῦ
177 695 236 784 όρη
259 696 494 782 ἐδρασθῆναι’)
508 695 634 782 μηδένα
647 701 872 780 ’ταραττέτω
895 695 985 762 πάνυ
996 696 1059 782 γάρ
1071 700 1126 764 καὶ
1137 700 1236 764 τοῦτο

3 802 113 879 καλῶς
145 801 273 888 συνῆψε
304 799 351 882 τῶ
379 794 583 879 ἐθεμελίωσε
608 797 663 861 καί
688 798 737 881 τῷ
766 795 890 863 ἐ’κτισε.’
926 800 1025 863 τοῦτο
1047 797 1110 884 γὰρ
1134 799 1236 866 πάλιν

4 904 64 990 τῆς
85 898 169 968 κατὰ
189 898 294 984 σάρκα
316 897 505 980 οἰκονομίας
526 891 678 963 ἀπτεται,
716 892 735 980 ἡ
757 898 819 983 γάρ
842 898 936 984 παρὰ
950 901 1010 964 τοῦ
1025 902 1177 988 σωτῆρος
1190 899 1236 977 είς

5 996 93 1090 ῆμῦς
114 1004 269 1087 γενομένη
290 997 385 1084 χάρις
407 995 484 1083 ἀρτι
503 998 564 1082 μὲν
586 995 736 1085 ἐπεφάνη
743 1047 753 1078 ,
777 993 826 1076 ῶς·
845 993 938 1066 εἶπεν
961 994 981 1066 δ
1003 995 1233 1080 ἀπόστολοςἺ,

5 1104 59 1169 καλ
81 1105 213 1186 γέγονεν
234 1097 500 1187 ἐπιδημήσαντος
521 1093 632 1178 αῦτσῦ,
654 1105 906 1185 προητοίμαστο
929 1100 966 1166 δὲ
987 1095 1069 1186 αῦτη
1085 1103 1141 1167 καὶ
1156 1104 1234 1186 πρὶν

5 1205 166 1288 γενέσθαι
194 1196 295 1288 ῆμάς,
318 1200 464 1286 1’μῶλλον
491 1202 528 1267 δὲ
554 1197 611 1267 καὶ
637 1197 706 1284 πρὸ
733 1203 793 1286 τῆς
812 1200 997 1286 καταβολῆς
1017 1204 1078 1266 τοῦ
1100 1200 1234 1284 κόσμου.

6 1303 61 1369 καλ
90 1296 109 1387 ή
139 1302 233 1371 αίτία
256 1301 461 1391 χρηστῆκαλ
488 1299 667 1388 θαυμαστή
697 1299 771 1380 πῶς
797 1300 897 1370 ἐστιν.
941 1295 1001 1367 οῦκ
1028 1301 1159 1389 ἐπρεπε
1179 1300 1235 1368 τὸν

6 1399 90 1469 θεὸν
113 1399 251 1490 ῦοτερον
272 1401 352 1490 περὶ
371 1399 464 1489 ῆμῶν
485 1399 717 1488 βουλεύεσθαι,
741 1403 798 1470 ἵνα
817 1400 862 1488 μῆ
885 1396 931 1481 ῶς
952 1396 1082 1487 ἀγνοῶν
1102 1399 1233 1470 τάκαθ

5 1498 92 1591 ῆμῦς
120 1511 290 1593 φαίνηται.
337 1504 453 1584 κτίζων
479 1509 590 1570 τοίνυν
616 1497 704 1590 ῆμῦς
731 1503 789 1571 διὰ
814 1506 873 1570 τοῦ
895 1503 983 1571 ίδίου
1005 1503 1106 1589 λόγου
1130 1499 1149 1569 ὁ
1171 1506 1236 1570 τῶν

7 1598 94 1671 ὅλων
116 1602 200 1685 θεός
220 1606 277 1675 καὶ
296 1603 394 1683 είδῶς
414 1604 457 1671 τά
476 1600 569 1692 ἡμῶν
589 1598 675 1691 ῦπὲρ
689 1600 785 1694 ἡμᾶς,
808 1604 1045 1691 προγινώσκων
1059 1629 1097 1671 τε
1112 1599 1168 1670 ότι
1181 1629 1238 1670 κα-

7 1698 63 1773 λοί
82 1704 253 1791 γινόμενοι
274 1703 411 1792 ῦοτιρον
433 1702 628 1791 παραβάται
647 1708 707 1794 τῆς
730 1706 861 1791 ἐντολῆς
883 1704 1034 1790 ἐσόμεθα
1051 1707 1111 1784 ,καί
1127 1705 1164 1772 ἐκ
1178 1707 1237 1771 τοῦ

8 1802 215 1891 παραδείσου
237 1805 516 1894 ἐκβληθησόμιθα
537 1804 612 1873 οδιόι
630 1807 689 1895 τῆν
711 1806 892 1895 παρακοήν,
916 1805 1166 1894 φιλάνθρωπος
1184 1809 1238 1873 καὶ

8 1896 140 1993 ἀγαθός
169 1900 217 1975 ῶν
242 1905 480 1994 προετοιμάζει
500 1907 555 1975 ’ἐν
583 1910 631 1995 τηῦ
659 1908 735 1995 ἰδίην
764 1906 849 1994 λόγῳ
856 1958 865 1988 ,
900 1902 947 1974 δι’
970 1897 1009 1974 οῦ
1030 1911 1086 1975 καλ
1111 1908 1238 1976 ἔκτισεν

9 1996 104 2095 ήμῦε.
134 2004 192 2095 τήν
220 2010 298 2095 περί
325 2012 384 2096 τῆς
406 2016 570 2094 σωτηρίας
590 2005 682 2095 ήμῶν
705 2010 911 2093 οἰκονομίαν,
946 2009 1002 2075 ἵνα
1023 2002 1084 2096 κάν
1108 2003 1239 2096 ἀπατη-

10 2108 127 2185 mmo
148 2107 244 2195 παρὰ
263 2111 322 2176 τοῦ
339 2107 449 2197 όφεως
468 2110 666 2194 ἐκπέσωμεν,
681 2110 726 2198 μή
742 2111 853 2177 τέλεον
868 2104 1102 2194 ἀπομείνωμεν
1118 2117 1237 2195 νεκροί,

11 2198 79 2277 ἀλλ’
105 2205 233 2291 ίίχυντες
261 2209 295 2277 ἐν
322 2214 369 2290 τῶ
392 2211 478 2299 λόγῳ
500 2211 559 2299 τῆν
580 2216 892 2301 προητοιμασμέυην
913 2207 993 2297 ῆμῒν
1016 2210 1181 2295 λότρωσίν
1203 2237 1240 2280 τε

10 2307 64 2383 καλ
87 2316 253 2397 σωτηρίαν
275 2311 378 2380 πάλιν
401 2307 601 2393 ἀναστάντες
623 2307 792 2380 ἀθάνατοι
814 2313 1049 2396 διαμείνωμεν,
1074 2309 1156 2380 όταν
1179 2307 1239 2380 αῦ-

9 2407 68 2488 σδς
89 2403 174 2497 ῦπέρ
196 2409 288 2499 ἡμῶν
310 2408 390 2499 ἀρχὴ
412 2417 478 2480 τιῦν
500 2410 587 2481 ὁδῶν
608 2417 741 2501 κτισθῆ,
763 2416 817 2480 καλ
834 2409 1080 2497 δπρωτότοκος
1094 2417 1155 2500 τῆς
1171 2419 1240 2482 κτί-

11 2532 96 2589 σεως
117 2518 250 2601 γένηται
270 2514 488 2602 πρωτότοκος4
504 2510 668 2603 ἀδελφῶν,
690 2518 745 2582 καί
767 2510 866 2592 αῦτὸς
888 2509 1018 2599 ἀπαρχὴ
1034 2518 1102 2581 τῶν
1117 2519 1240 2601 νεκρῶν

12 2609 148 2700 ἀναστῇ.
184 2619 284 2682 τοῦτο
305 2617 441 2695 Παῦλος
462 2611 498 2681 ’ό
525 2615 687 2702 μακάρως
708 2611 899 2693 ἀπόστολος
918 2614 1056 2702 γράφων
1078 2615 1238 2684 διδάσκει

11 2713 51 2783 τὸ
79 2714 140 2801 γὰρ
169 2715 203 2783 ἐν
224 2727 299 2796 ταῖς
320 2724 519 2803 παροιμίαις
540 2716 608 2804 πρὸ
629 2720 688 2784 τοῦ
711 2716 833 2795 αίῶνος
854 2719 907 2782 καλ
929 2715 997 2800 πρὸ
1018 2719 1078 2780 τοῦ
1100 2715 1161 2803 τῆν
1183 2720 1241 2802 γῆν

11 2822 171 2903 γενέσθαι
199 2818 417 2906 διερμηνεόων
445 2816 532 2886 οῦτῶ
562 2821 644 2906 φησλ
667 2816 759 2904 πρὸς
779 2820 840 2901 μὲν
865 2816 1050 2901 Τιμόθεον·
1081 2840 1240 2902 συγκακο-

12 2918 172 3005 πάθησον
199 2922 246 3006 τῷ
278 2917 452 3007 εὐαγγελίῳ
459 2971 468 3000 ,
502 2920 586 2987 κατὰ
614 2919 752 3003 δύναμιν
774 2921 858 2987 θεοῦ
881 2922 938 2984 τοῦ
961 2918 1133 2998 σώσαντος
1155 2915 1242 3008 ήμᾶς

12 3022 67 3091 κοιλ
95 3022 292 3099 καλέσαντος
312 3021 425 3108 κλήσει
447 3016 540 3106 άγίᾳ,
568 3014 623 3087 λοῦ
645 3020 729 3087 κατὰ
750 3020 792 3086 τὰ
813 3021 891 3108 ἔργα
912 3016 1019 3108 ἡμῶν,
1050 3017 1137 3087 ἀλλὰ
1158 3020 1243 3088 κατά

12 3119 72 3210 τῆν
101 3121 188 3188 ἰδίαν
215 3122 384 3208 πρόθεσιν
408 3124 462 3190 καλ
483 3121 579 3209 χάριν
601 3121 659 3210 τῆν
681 3123 844 3189 δοθεῖσαν
866 3118 944 3207 ἡμῖν
967 3121 1000 3188 ἐν
1022 3124 1164 3207 Χριστῷ
1183 3118 1242 3208 Ἰη-

11 3226 74 3292 σοῦ
102 3223 171 3309 πρὸ
198 3223 323 3309 χρόνων
351 3225 510 3304 αίωνίων,
540 3229 795 3312 φανερωθεῖσαν
819 3225 855 3290 δὲ
877 3227 933 3289 νῦν
957 3223 1013 3291 διὰ
1033 3226 1092 3309 τῆς
1114 3222 1243 3312 ἐπιφα·

13 3330 103 3403 νείας
129 3328 188 3391 τοῦ
211 3328 359 3413 σωτῆρος
380 3322 472 3413 ήμῶν
491 3320 595 3412 Ἰησοῦ
618 3329 784 3412 Χριστοῦ,
813 3323 1077 3409 καταργήσαντος
1098 3326 1161 3407 μὲν
1184 3325 1241 3392 τὸν

13 3423 172 3505 θάνατον,
196 3432 405 3514 φωτίσαντος
426 3428 462 3494 δέ
483 3425 561 3514 ιτῆν
583 3425 708 3514 ζωήνῆ,
731 3425 817 3513 πρὸς
833 3427 869 3493 δὲ
883 3425 961 3504 τοὺς
978 3421 1166 3512 Ἐφεσίους·
1191 3420 1242 3494 εῦ-

11 3527 151 3615 λογητὸς
172 3524 190 3594 ὁ
212 3527 295 3606 θεὸς
316 3531 371 3595 καὶ
393 3527 502 3614 πατὴρ
524 3532 583 3594 τοῦ
604 3534 721 3616 κυρίου
742 3524 835 3616 ήμῶν
848 3522 951 3614 Ἰησοῦ
965 3529 1127 3614 Χριστοῦ,
1154 3522 1242 3595 όεῦ-

13 3629 156 3715 λογήσας
177 3624 263 3717 ῆμῦις
284 3629 318 3697 ἐν
341 3628 432 3716 πάσῃ
456 3624 588 3715 εὐλογίᾳ
609 3631 814 3716 πνευματική
837 3622 872 3695 ἐν
886 3638 958 3706 τοῖς
974 3626 1189 3711 ἐπουρανίοις
1208 3628 1241 3695 ἐν

13 3733 152 3816 Χριστῷ
175 3726 310 3818 Ι“Ἰησσῦ,
339 3728 455 3810 καθώς
481 3730 650 3811 ἐξελέξατο
677 3727 763 3818 ῆμάς
793 3728 827 3796 ἐν
857 3724 946 3815 αῦτῶ
968 3727 1035 3815 πρὸ
1057 3732 1243 3816 καταβολῆς

13 3828 154 3915 κόσμου,
184 3826 269 3899 εἶναι
296 3827 383 3917 ἡμᾶς
412 3827 525 3918 ἁγίους
546 3830 602 3901 καὶ
624 3829 782 3918 ἀμώμους
802 3825 870 3898 κατ’
897 3828 1041 3897 ἐνώπιον
1063 3825 1184 3910 αὐτοῦ,
1208 3830 1241 3898 ἐν

85 4055 108 4115 1)
127 4056 215 4119 Ephes.
234 4055 259 4114 4,
279 4056 318 4107 13.
371 4055 396 4117 2)
414 4055 482 4105 Ρτοτ.
501 4054 525 4115 8,
544 4012 644 4106 λΜῦ.
697 4053 722 4114 3)
742 4053 831 4115 Tm,
851 4055 890 4104 11.
938 4054 964 4114 4)
983 4052 1007 4104 2.
1027 4055 1088 4105 Tim.
1110 4054 1132 4117 1,
1150 4051 1260 4105 8-10.·

12 4240 15 4245 .
47 4207 72 4242 ι.
90 4191 181 4253 Ασςίἰι.
199 4184 414 4256 μηδίναμηδέν
432 4186 599 4256 ταραττέτω.
655 4202 714 4240 ωτι.
730 4184 835 4254 μᾶλλον
853 4183 882 4236 δὲ
899 4183 945 4236 καὶ
962 4180 1016 4254 πρό
1035 4198 1080 4239 etc.
1116 4189 1179 4240 lbid.
1198 4191 1243 4239 Se·

13 4259 89 4310 Paulo
107 4270 163 4325 ροιι
181 4260 280 4322 Seguer.
294 4267 318 4309 ει
335 4259 439 4309 Felckm.
458 4259 482 4308 4.
500 4252 547 4307 καὶ
563 4257 603 4323 τῷ
654 4271 720 4319 gaer.
740 4258 836 4308 Gobler.
856 4255 959 4306 Felckm.
972 4257 993 4305 1.
1006 4265 1030 4305 ει
1047 4257 1071 4306 4.
1089 4251 1144 4323 πρό
1162 4270 1243 4305 κατα-

14 4319 109 4375 zanoe.
147 4327 191 4375 Alii
210 4336 234 4376 et
251 4327 307 4377 edili
325 4321 370 4374 καὶ
384 4318 481 4376 ἔκτισε.
653 4320 740 4387 βολῆς.
777 4324 839 4374 Εδίιί
852 4332 875 4374 ει
887 4324 927 4373 alii
944 4315 998 4390 πρὸ
1017 4322 1066 4382 τῆς
1081 4320 1240 4388 καταβολῆς.

49 4394 73 4442 b.
92 4395 178 4457 Ηεςίσι
200 4388 352 4458 μᾶλλονδὲ
369 4387 423 4459 πρό
442 4402 487 4444 ιιι.
524 4394 603 4444 Editio
689 4408 710 4442 ε.
728 4393 770 4442 Sic
786 4393 885 4453 seguer.
904 4393 1003 4441 Gobler·
1022 4391 1127 4442 Felckm.
1149 4393 1171 4443 1.
1184 4392 1242 4443 είέ.

15 4461 160 4517 commoliu-
181 4456 287 4527 μᾶλλον
307 4455 355 4513 καί
369 4455 425 4536 πρό
443 4470 489 4513 ιιι.
515 4461 604 4521 ‚Gemi
654 4463 682 4511 Αι
696 4458 738 4523 alii
754 4451 1242 4526 οιεδίί.,ί1οωωεί.διάτιῖτταραινῆτ.
