2948 5092
436 283 440 290 ·
457 275 566 319 curro
582 276 603 319 ι.
619 275 736 320 ιοιιιιιι
748 275 885 321 amasos.
1210 263 1273 328 207

55 428 178 490 nondum
200 432 321 488 exstent
342 444 451 506 opera:
473 433 504 488 at
523 433 607 506 pater
628 445 685 488 nec
704 423 762 487 dici
785 444 839 487 nec
861 445 930 489 esse
943 434 1055 507 potest,
1078 429 1196 508 quando
1212 441 1359 492 nonem.

53 531 145 593 existit
167 528 258 591 tiburs.
304 527 393 601 Quod
416 527 442 590 si
465 527 588 590 scrutari
611 527 719 600 velint,
747 546 800 589 cur
828 546 894 588 cum
922 528 1001 591 Deus
1030 548 1150 610 semper
1176 532 1276 613 possit

54 650 135 712 opera
158 632 267 701 iacere,
290 648 353 691 nnn
374 648 494 709 semper
514 629 592 701 iacit,
619 648 691 691 sane
713 627 924 691 insanientium
946 630 1102 694 bominum
1124 635 1275 697 temeritas

54 735 99 795 ista
122 741 181 794 est.
230 732 308 806 Quis
336 735 415 794 enon
438 735 576 810 eopuoor't
598 749 721 793 sensnm
743 730 879 802 Domini,
908 744 962 795 out
991 738 1056 814 pur's
1080 735 1276 801 consiliarius

53 841 106 898 eins
127 833 223 916 snit?
254 834 313 895 Aut
333 834 480 914 quomodo
501 833 675 914 fipmentnm
697 833 773 895 dicet
793 831 905 894 fictori:
931 835 1013 908 Quid
1032 855 1079 899 me
1091 840 1196 917 serisii
1208 837 1277 902 nr'ei’

54 939 152 999 Verum
182 952 222 998 ne
250 936 295 998 vei
322 936 380 998 levi
408 934 521 998 obiecta
550 934 666 996 ratione
687 934 806 996 silentio
836 944 968 1008 utamur,
997 938 1117 1001 audiant
1137 940 1195 1015 itti,
1224 958 1276 1004 res

55 1044 135 1102 tactas
158 1047 298 1102 aeternas
320 1056 390 1099 esse
412 1055 472 1098 non
494 1035 642 1117 potuisse,
676 1035 790 1098 etiamsi
814 1055 864 1098 eas
888 1056 1007 1117 semper
1027 1041 1159 1118 potuerit
1179 1043 1277 1104 tacere

54 1143 132 1205 bens.
178 1141 250 1203 ibae
273 1141 354 1202 enim
376 1159 412 1201 ex
433 1139 525 1201 nibiio
548 1146 633 1214 sunt,
665 1157 722 1200 nec
749 1148 833 1200 erant
860 1147 1016 1219 antequam
1045 1142 1166 1215 tierent3
1199 1133 1372 1223 quaem*

54 1254 141 1306 antem
165 1262 228 1304 non
251 1250 338 1304 erant
358 1250 514 1321 antequam
529 1242 644 1312 fierent,
667 1239 817 1320 quomodo
840 1240 928 1302 simui
944 1248 1009 1302 cum
1026 1243 1097 1312 beo,
1121 1244 1171 1324 qui
1192 1264 1274 1307 sem·

55 1365 99 1426 per
120 1353 181 1418 est,
203 1345 327 1425 possint
347 1342 498 1407 existere?
542 1343 617 1404 Hinc
638 1343 717 1404 neus
739 1361 839 1404 rerum
861 1342 994 1422 ipsarum
1020 1346 1177 1406 commodo
1200 1357 1275 1424 pro·-

55 1448 177 1526 spiciens
200 1455 272 1508 tunc
293 1446 393 1507 omnia
416 1445 493 1518 iecit,
516 1464 582 1506 eum
604 1444 678 1506 vidit
697 1464 788 1525 posse
804 1446 878 1506 iacta
893 1462 1077 1524 permanere.
1112 1447 1154 1509 bc
1168 1466 1273 1526 quem·

55 1549 206 1612 admodum
228 1547 347 1609 tametsi
369 1545 405 1608 ab
427 1546 512 1608 initio
533 1546 636 1608 bdami
657 1556 708 1608 aut
721 1546 785 1607 Noe
807 1555 857 1608 aut
871 1547 981 1627 Moysis
997 1554 1131 1627 tempore
1146 1549 1276 1611 Verbum

56 1671 130 1713 surm
152 1650 254 1731 potuit
275 1649 403 1722 mittere,
426 1667 481 1711 nec
496 1659 591 1710 tamen
611 1648 694 1710 misit
715 1648 772 1710 nisi
795 1649 825 1709 in
847 1648 906 1710 tine
922 1657 1087 1729 temporum
1110 1650 1151 1722 (id
1166 1651 1277 1731 quippe

56 1754 202 1815 universae
225 1759 349 1813 naturae
371 1769 439 1812 esse
461 1750 532 1812 utile
553 1757 704 1828 noverat),
735 1751 775 1811 ita
798 1758 828 1810 et
850 1751 1010 1812 resiactas
1032 1750 1185 1831 produxit,
1209 1770 1277 1814 cum

59 1856 164 1934 etipse
184 1853 282 1916 roinit
303 1863 332 1914 et
353 1852 411 1913 iilis
434 1851 636 1914 conveniebat.
679 1852 716 1912 At
737 1870 808 1914 vero
824 1851 927 1925 Filius,
950 1871 1015 1913 cum
1039 1871 1099 1913 non
1123 1871 1199 1933 opus
1222 1853 1277 1917 sed

59 1966 169 2018 naturae
189 1956 288 2017 Patris
311 1955 352 2016 sit
372 1955 523 2035 proprius,
547 1972 666 2033 semper
688 1952 798 2015 idcirco
821 1963 877 2014 cst.
918 1955 990 2015 Cum
1007 1955 1085 2016 enim
1103 1973 1222 2035 semper
1238 1956 1278 2018 sit

61 2058 149 2132 Pater,
172 2076 294 2137 semper
315 2075 433 2136 quoque
454 2075 522 2118 esse
545 2063 678 2135 oportet,
712 2055 791 2134 qnod
814 2055 878 2116 eius
900 2063 1022 2116 naturae
1045 2064 1091 2117 est
1111 2057 1277 2136 proprium,

61 2161 128 2238 quod
156 2160 236 2222 idem
264 2167 296 2221 et
316 2158 445 2220 Verbum
474 2167 504 2221 et
531 2157 680 2238 Sapientia
711 2157 774 2218 eius
804 2166 859 2218 est.
912 2157 1048 2219 Ceterum
1080 2177 1129 2221 res
1151 2168 1276 2234 creatae,

61 2261 115 2323 lieet
134 2261 269 2323 nondum
292 2260 436 2334 existant,
465 2260 537 2321 nihil
561 2271 657 2321 tamen
679 2279 734 2320 suo
764 2259 924 2321 detrabunt
950 2260 1098 2334 effectori,
1128 2281 1194 2323 cum
1224 2280 1275 2324 eas

62 2382 103 2441 pro
124 2383 178 2425 sua
202 2363 354 2424 voluntate
375 2362 471 2442 possit
491 2363 673 2442 producere3
696 2372 725 2422 et
740 2365 816 2423 tetus
831 2362 888 2423 nisi
905 2381 1024 2442 semper
1039 2362 1126 2424 simul
1149 2364 1188 2425 sit
1209 2383 1276 2426 cum

62 2463 144 2538 Patre,
167 2464 362 2546 perfectionis
386 2464 450 2525 eius
471 2473 594 2526 naturae
616 2473 757 2544 sequetur
780 2464 957 2525 imminutio.
1002 2464 1078 2525 Hinc
1100 2483 1189 2543 opera
1207 2467 1276 2545 qui·

63 2565 126 2637 dem,
149 2585 217 2628 cum
239 2566 348 2639 voluit,
370 2584 533 2646 persuum
554 2566 694 2645 produxit
715 2565 861 2637 Verbum;
884 2565 975 2626 Filius
998 2585 1066 2627 vero
1091 2584 1210 2645 semper
1232 2576 1280 2628 est

62 2669 188 2746 proprius
210 2676 334 2728 naturae
356 2667 444 2728 setus.

133 2974 185 3036 30.
230 2970 268 3031 Et
288 2971 362 3032 baec
384 2971 500 3050 quidem
524 2970 659 3031 iideiibus
682 2969 838 3041 laetitiam,
873 2969 1006 3030 dolorem
1029 2971 1146 3049 pariunt
1168 2971 1277 3033 baere-

66 3072 128 3145 ticis,
151 3073 260 3152 quippe
283 3073 333 3152 qui
355 3081 534 3152 prostratam
557 3072 676 3152 penitus
700 3091 784 3133 suam
807 3072 924 3132 videant
945 3073 1103 3132 haeresim.
1135 3072 1207 3134 Nam
1223 3072 1279 3134 siin

65 3172 123 3235 haec
144 3175 262 3237 illorum
285 3175 488 3254 interrogatio,
511 3193 547 3236 an
570 3193 662 3235 unum
685 3175 724 3236 sit
745 3175 934 3234 non-iactum
951 3175 996 3234 vei
1013 3175 1082 3247 duo,
1106 3183 1278 3253 argumento

67 3286 177 3337 estnon
200 3289 311 3340 rectam
334 3297 403 3339 esse
425 3278 542 3338 illorum
565 3284 711 3349 mentem,
741 3277 794 3336 scd
818 3284 985 3354 suspectam
1010 3285 1039 3336 et
1061 3277 1128 3337 doio
1152 3278 1278 3356 plenam.

68 3372 218 3440 benonim
241 3379 277 3439 ad
298 3378 395 3441 Patris
417 3379 579 3450 bonorem,
604 3378 657 3438 sed
680 3377 715 3437 nei
739 3376 827 3437 Verbi
851 3376 978 3438 dedecus
1001 3378 1056 3438 ista
1079 3377 1277 3440 sciscitantur.

10 3504 13 3513 =
70 3475 150 3556 itaque
172 3481 198 3541 si
222 3483 289 3559 quis
311 3481 430 3541 iliorum
453 3481 568 3541 artificii
591 3481 711 3558 ignarus
735 3498 825 3540 unum
850 3497 916 3539 esse
939 3482 1127 3540 non-iactum
1148 3496 1278 3560 respon-

10 3564 15 3641 ἶ
71 3576 138 3652 derit,
159 3584 258 3642 statim
282 3601 369 3642 suum
392 3600 538 3642 venenum
561 3581 608 3641 bis
625 3581 724 3641 verbis
741 3581 909 3641 eiinndunt:
934 3580 1032 3656 „Ergo
1049 3580 1141 3640 Filius
1158 3581 1279 3641 erebus

73 3682 161 3746 ,iactis
184 3691 247 3757 est,
276 3692 414 3763 reeteque
443 3683 650 3745 contendimus
680 3702 740 3743 non
771 3683 865 3743 inisse
899 3691 1052 3759 aritequam
1074 3687 1278 3742 nasceretur.“

74 3779 158 3844 Omnia
181 3786 260 3847 enim
284 3786 461 3846 conturbant
483 3798 513 3847 et
534 3786 670 3859 miscent,
694 3805 730 3845 en
756 3793 867 3845 tarnum
891 3785 1000 3855 auimo,
1025 3794 1057 3845 ut
1072 3783 1198 3843 Verbum
1215 3783 1279 3844 dis·

94 3970 107 4016 t.
124 3971 260 4022 Veiekmb.
279 3966 313 4019 τὰ
331 3965 455 4037 γεννητά.
729 3973 752 4020 Ιι.
771 3973 811 4020 Sic
828 3972 926 4032 Seguer.
957 3973 984 4021 tr
1002 3971 1032 4020 ab
1051 3971 1105 4020 aiiis
1123 3971 1281 4021 creditisnb-

95 4048 225 4102 saegnrr.
250 4042 348 4091 Getieas
375 4052 397 4089 et
423 4041 525 4090 beicbrn.
540 4041 561 4089 t.
581 4029 640 4087 ιι’λλ
695 4049 731 4088 est
749 4031 841 4086 αἰτοῦ.

11 4142 15 4161 .
70 4092 147 4158 (ἴδιοι.
181 4111 231 4157 nor
257 4111 328 4157 ιιιιΙιιι
354 4108 440 4157 eren
437 4111 489 4157 ii.
501 4109 591 4168 Angiic
620 4116 643 4157 et
729 4109 743 4155 Ι.
769 4108 809 4155 Si
827 4108 898 4155 ussit.
918 4108 1043 4168 ειλιιιΙιι
1080 4107 1163 4156 blatii
1183 4115 1206 4155 ct
1226 4105 1283 4153 editi

10 4212 12 4217 .
68 4171 224 4226 λιλιιιιιιιηδ
243 4167 577 4255 τιῡπατρὸςιιεὶἰστιν
615 4176 641 4226 ln
693 4166 851 4240 ι’γὲννητιν.
889 4177 943 4224 Vide
967 4192 1028 4238 qrrae
1051 4190 1124 4238 snpra
1152 4192 1204 4238 pag.
1224 4173 1282 4222 not.

66 4242 109 4290 abrs
121 4255 142 4292 et
160 4248 229 4295 editis
248 4237 293 4293 ιιιῖ
310 4253 436 4294 omittitur.
693 4239 730 4306 [p
746 4243 782 4292 14
803 4244 873 4291 buiris
893 4242 945 4304 ed]
965 4243 1066 4292 num'i.
1086 4249 1129 4291 trac
1147 4246 1176 4290 de
1196 4259 1237 4290 ree
1231 4242 1282 4288 dis·

92 4314 111 4357 b
128 4314 166 4361 Sic
184 4315 325 4377 Segnerian.
351 4321 375 4362 et
401 4314 456 4374 neg.
499 4312 560 4360 Editi
585 4326 640 4360 rere
693 4315 822 4359 sernimns.
860 4313 933 4358 ΡιιιιιΙι
959 4320 1014 4372 post
1033 4312 1160 4360 retenens
1150 4325 1172 4358 ο,
1193 4299 1284 4360 ivios

61 4392 97 4425 ern
92 4373 171 4445 [ples
693 4378 750 4425 τῶν
766 4378 906 4442 γεννητῶν
923 4373 988 4429 ι’σιι

87 4451 100 4497 ι’
124 4452 280 4530 aieSegner.
315 4449 421 4501 Ateditt
439 4440 639 4512 ιιιΙίιίὰνμλ
728 4463 759 4495 m
779 4450 918 4508 degenerem.
939 4440 1066 4515 φέρουσι.
1101 4446 1190 4495 ibidem
1209 4447 1282 4507 idem,

58 4509 200 4578 σννξνιλιί.
638 4555 642 4576 2
694 4516 792 4567 Gobier
812 4524 835 4565 et
853 4515 957 4566 Fetcbm
971 4517 992 4566 t.
1010 4512 1144 4563 ιιυιιιῦσιν.
