<?xml version="1.0" encoding="UTF-8"?>
<!DOCTYPE html PUBLIC "-//W3C//DTD XHTML 1.0 Transitional//EN"
    "http://www.w3.org/TR/xhtml1/DTD/xhtml1-transitional.dtd">
<html xmlns="http://www.w3.org/1999/xhtml" xml:lang="en" lang="en">
 <head>
  <title>
</title>
<meta http-equiv="Content-Type" content="text/html;charset=utf-8" />
  <meta name='ocr-system' content='tesseract 3.04.00' />
  <meta name='ocr-capabilities' content='ocr_page ocr_carea ocr_par ocr_line ocrx_word'/>
</head>
<body>
  <div class='ocr_page' id='page_1' title='image "./sanctiathanasii02athagoog_0588.png"; bbox 0 0 2948 5092; ppageno 0'>
   <div class='ocr_carea' id='block_1_1' title="bbox 514 250 1343 319">
    <p class='ocr_par' dir='ltr' id='par_1_1' title="bbox 514 250 1343 319">
     <span class='ocr_line' id='line_1_1' title="bbox 514 250 1343 319; baseline 0 -14"><span class='ocrx_word' id='word_1_1' title='bbox 514 259 625 305; x_wconf 74' lang='lat' dir='ltr'>ouran</span> <span class='ocrx_word' id='word_1_2' title='bbox 638 261 684 305; x_wconf 91' lang='grc' dir='ltr'><strong><em>ιιι.</em></strong></span> <span class='ocrx_word' id='word_1_3' title='bbox 700 261 816 306; x_wconf 84' lang='lat' dir='ltr'>conreu</span> <span class='ocrx_word' id='word_1_4' title='bbox 830 261 965 307; x_wconf 82' lang='grc' dir='ltr'><strong><em>ιιιιιοι.</em></strong></span> <span class='ocrx_word' id='word_1_5' title='bbox 1279 250 1343 319; x_wconf 76' lang='lat' dir='ltr'>m.</span> 
     </span>
    </p>
   </div>
   <div class='ocr_carea' id='block_1_2' title="bbox 109 411 1429 2919">
    <p class='ocr_par' dir='ltr' id='par_1_2' title="bbox 112 411 1427 1201">
     <span class='ocr_line' id='line_1_2' title="bbox 112 411 1427 494; baseline 0.005 -18"><span class='ocrx_word' id='word_1_6' title='bbox 112 416 175 477; x_wconf 81' lang='lat' dir='ltr'>riae</span> <span class='ocrx_word' id='word_1_7' title='bbox 196 423 231 475; x_wconf 90' lang='lat' dir='ltr'>et</span> <span class='ocrx_word' id='word_1_8' title='bbox 249 413 393 494; x_wconf 87' lang='lat' dir='ltr'>lleiparae</span> <span class='ocrx_word' id='word_1_9' title='bbox 413 411 523 472; x_wconf 85' lang='lat' dir='ltr'>Mariae</span> <span class='ocrx_word' id='word_1_10' title='bbox 543 413 701 473; x_wconf 77' lang='lat' dir='ltr'>confessus</span> <span class='ocrx_word' id='word_1_11' title='bbox 723 420 779 473; x_wconf 88' lang='lat' dir='ltr'>eet.</span> <span class='ocrx_word' id='word_1_12' title='bbox 812 412 889 475; x_wconf 84' lang='lat' dir='ltr'>ilinc</span> <span class='ocrx_word' id='word_1_13' title='bbox 910 412 998 474; x_wconf 83' lang='lat' dir='ltr'>etiarn</span> <span class='ocrx_word' id='word_1_14' title='bbox 1021 413 1071 493; x_wconf 91' lang='lat' dir='ltr'>qui</span> <span class='ocrx_word' id='word_1_15' title='bbox 1091 414 1237 493; x_wconf 86' lang='lat' dir='ltr'><strong>Angelum</strong></span> <span class='ocrx_word' id='word_1_16' title='bbox 1258 415 1427 489; x_wconf 67' lang='lat' dir='ltr'>viditm.</span> 
     </span>
     <span class='ocr_line' id='line_1_3' title="bbox 114 500 1341 593; baseline 0.002 -17"><span class='ocrx_word' id='word_1_17' title='bbox 114 535 148 579; x_wconf 87' lang='lat' dir='ltr'>se</span> <span class='ocrx_word' id='word_1_18' title='bbox 167 514 315 593; x_wconf 76' lang='lat' dir='ltr'><strong>Angelum</strong></span> <span class='ocrx_word' id='word_1_19' title='bbox 337 531 398 575; x_wconf 92' lang='lat' dir='ltr'>non</span> <span class='ocrx_word' id='word_1_20' title='bbox 419 512 513 574; x_wconf 84' lang='lat' dir='ltr'>ileum</span> <span class='ocrx_word' id='word_1_21' title='bbox 535 512 647 574; x_wconf 84' lang='lat' dir='ltr'>vidisse</span> <span class='ocrx_word' id='word_1_22' title='bbox 669 512 760 574; x_wconf 83' lang='lat' dir='ltr'>norit.</span> <span class='ocrx_word' id='word_1_23' title='bbox 804 513 885 575; x_wconf 80' lang='lat' dir='ltr'>Vidit</span> <span class='ocrx_word' id='word_1_24' title='bbox 906 514 984 576; x_wconf 90' lang='lat' dir='ltr'>enim</span> <span class='ocrx_word' id='word_1_25' title='bbox 1007 515 1151 593; x_wconf 75' lang='lat' dir='ltr'>Angelum</span> <span class='ocrx_word' id='word_1_26' title='bbox 1173 500 1341 591; x_wconf 75' lang='lat' dir='ltr'>barbarian,</span> 
     </span>
     <span class='ocr_line' id='line_1_4' title="bbox 113 613 1341 696; baseline 0.001 -17"><span class='ocrx_word' id='word_1_27' title='bbox 113 616 186 679; x_wconf 84' lang='lat' dir='ltr'>ridit</span> <span class='ocrx_word' id='word_1_28' title='bbox 214 635 287 677; x_wconf 79' lang='lat' dir='ltr'>vero</span> <span class='ocrx_word' id='word_1_29' title='bbox 316 614 407 677; x_wconf 87' lang='lat' dir='ltr'>lsaias</span> <span class='ocrx_word' id='word_1_30' title='bbox 440 614 615 689; x_wconf 68' lang='lat' dir='ltr'>Dominum</span> <span class='ocrx_word' id='word_1_31' title='bbox 648 613 792 693; x_wconf 86' lang='lat' dir='ltr'><strong>Angelum</strong></span> <span class='ocrx_word' id='word_1_32' title='bbox 823 614 895 676; x_wconf 81' lang='lat' dir='ltr'>vidia</span> <span class='ocrx_word' id='word_1_33' title='bbox 926 615 1032 677; x_wconf 74' lang='lat' dir='ltr'>Manno</span> <span class='ocrx_word' id='word_1_34' title='bbox 1064 625 1148 696; x_wconf 87' lang='lat' dir='ltr'>pater</span> <span class='ocrx_word' id='word_1_35' title='bbox 1174 617 1341 692; x_wconf 76' lang='lat' dir='ltr'>Samnonis,</span> 
     </span>
     <span class='ocr_line' id='line_1_5' title="bbox 113 714 1342 796; baseline 0.004 -16"><span class='ocrx_word' id='word_1_36' title='bbox 113 719 208 780; x_wconf 79' lang='grc' dir='ltr'><strong><em>ὓιιιιιι</em></strong></span> <span class='ocrx_word' id='word_1_37' title='bbox 230 725 329 779; x_wconf 86' lang='lat' dir='ltr'>antem</span> <span class='ocrx_word' id='word_1_38' title='bbox 344 717 462 794; x_wconf 79' lang='lat' dir='ltr'>Moyses</span> <span class='ocrx_word' id='word_1_39' title='bbox 485 715 609 777; x_wconf 78' lang='lat' dir='ltr'>intuitus</span> <span class='ocrx_word' id='word_1_40' title='bbox 634 724 697 788; x_wconf 79' lang='lat' dir='ltr'>est3</span> <span class='ocrx_word' id='word_1_41' title='bbox 719 714 841 777; x_wconf 84' lang='lat' dir='ltr'>Gedeon</span> <span class='ocrx_word' id='word_1_42' title='bbox 857 715 1000 794; x_wconf 75' lang='lat' dir='ltr'><strong>Angelum</strong></span> <span class='ocrx_word' id='word_1_43' title='bbox 1015 718 1141 796; x_wconf 84' lang='lat' dir='ltr'>aspexit,</span> <span class='ocrx_word' id='word_1_44' title='bbox 1163 727 1193 780; x_wconf 89' lang='lat' dir='ltr'>at</span> <span class='ocrx_word' id='word_1_45' title='bbox 1207 719 1342 785; x_wconf 79' lang='lat' dir='ltr'>Abrabae</span> 
     </span>
     <span class='ocr_line' id='line_1_6' title="bbox 113 816 1343 897; baseline 0 -16"><span class='ocrx_word' id='word_1_46' title='bbox 113 820 191 881; x_wconf 83' lang='lat' dir='ltr'>lleus</span> <span class='ocrx_word' id='word_1_47' title='bbox 215 819 281 897; x_wconf 87' lang='lat' dir='ltr'>ipsc</span> <span class='ocrx_word' id='word_1_48' title='bbox 307 816 458 896; x_wconf 85' lang='lat' dir='ltr'>apparuit;</span> <span class='ocrx_word' id='word_1_49' title='bbox 491 828 579 895; x_wconf 84' lang='lat' dir='ltr'>atque</span> <span class='ocrx_word' id='word_1_50' title='bbox 606 817 681 877; x_wconf 88' lang='lat' dir='ltr'>adeo</span> <span class='ocrx_word' id='word_1_51' title='bbox 704 834 761 878; x_wconf 92' lang='lat' dir='ltr'>nec</span> <span class='ocrx_word' id='word_1_52' title='bbox 780 816 830 895; x_wconf 92' lang='lat' dir='ltr'>qni</span> <span class='ocrx_word' id='word_1_53' title='bbox 859 816 951 878; x_wconf 88' lang='lat' dir='ltr'>Deum</span> <span class='ocrx_word' id='word_1_54' title='bbox 983 817 1116 891; x_wconf 85' lang='lat' dir='ltr'>videbat,</span> <span class='ocrx_word' id='word_1_55' title='bbox 1148 819 1175 883; x_wconf 82' lang='lat' dir='ltr'>is</span> <span class='ocrx_word' id='word_1_56' title='bbox 1201 821 1343 889; x_wconf 84' lang='lat' dir='ltr'>cernebat</span> 
     </span>
     <span class='ocr_line' id='line_1_7' title="bbox 113 917 1342 999; baseline 0.004 -17"><span class='ocrx_word' id='word_1_57' title='bbox 113 921 274 999; x_wconf 88' lang='lat' dir='ltr'>Angelum,</span> <span class='ocrx_word' id='word_1_58' title='bbox 307 936 363 981; x_wconf 89' lang='lat' dir='ltr'>nec</span> <span class='ocrx_word' id='word_1_59' title='bbox 390 919 441 998; x_wconf 90' lang='lat' dir='ltr'>qui</span> <span class='ocrx_word' id='word_1_60' title='bbox 462 917 579 979; x_wconf 85' lang='lat' dir='ltr'>videbat</span> <span class='ocrx_word' id='word_1_61' title='bbox 605 917 765 996; x_wconf 75' lang='lat' dir='ltr'><strong>Angelum,</strong></span> <span class='ocrx_word' id='word_1_62' title='bbox 797 919 824 979; x_wconf 90' lang='lat' dir='ltr'>is</span> <span class='ocrx_word' id='word_1_63' title='bbox 854 936 887 980; x_wconf 90' lang='lat' dir='ltr'>se</span> <span class='ocrx_word' id='word_1_64' title='bbox 909 917 1001 980; x_wconf 87' lang='lat' dir='ltr'>Deum</span> <span class='ocrx_word' id='word_1_65' title='bbox 1023 918 1123 981; x_wconf 86' lang='lat' dir='ltr'>ridere</span> <span class='ocrx_word' id='word_1_66' title='bbox 1144 921 1342 987; x_wconf 83' lang='lat' dir='ltr'>existimabat.</span> 
     </span>
     <span class='ocr_line' id='line_1_8' title="bbox 115 1019 1341 1099; baseline 0.004 -15"><span class='ocrx_word' id='word_1_67' title='bbox 115 1022 238 1084; x_wconf 86' lang='lat' dir='ltr'>llultum</span> <span class='ocrx_word' id='word_1_68' title='bbox 260 1021 426 1099; x_wconf 86' lang='lat' dir='ltr'>siquidem,</span> <span class='ocrx_word' id='word_1_69' title='bbox 455 1019 516 1081; x_wconf 92' lang='lat' dir='ltr'>imo</span> <span class='ocrx_word' id='word_1_70' title='bbox 539 1037 573 1080; x_wconf 87' lang='lat' dir='ltr'>se</span> <span class='ocrx_word' id='word_1_71' title='bbox 595 1019 666 1080; x_wconf 88' lang='lat' dir='ltr'>totis</span> <span class='ocrx_word' id='word_1_72' title='bbox 689 1037 705 1079; x_wconf 88' lang='lat' dir='ltr'>a</span> <span class='ocrx_word' id='word_1_73' title='bbox 728 1019 791 1081; x_wconf 77' lang='lat' dir='ltr'>lieo</span> <span class='ocrx_word' id='word_1_74' title='bbox 813 1028 946 1080; x_wconf 77' lang='lat' dir='ltr'>creatore</span> <span class='ocrx_word' id='word_1_75' title='bbox 967 1038 1017 1082; x_wconf 90' lang='grc' dir='ltr'>ιιι</span> <span class='ocrx_word' id='word_1_76' title='bbox 1039 1023 1132 1083; x_wconf 88' lang='lat' dir='ltr'>laetae</span> <span class='ocrx_word' id='word_1_77' title='bbox 1154 1027 1261 1087; x_wconf 72' lang='lat' dir='ltr'>naturl</span> <span class='ocrx_word' id='word_1_78' title='bbox 1280 1025 1327 1089; x_wconf 87' lang='lat' dir='ltr'>dil</span> <span class='ocrx_word' id='word_1_79' title='bbox 1330 1060 1341 1075; x_wconf 94' lang='lat'><strong>·</strong></span> 
     </span>
     <span class='ocr_line' id='line_1_9' title="bbox 114 1119 1341 1201; baseline 0.002 -15"><span class='ocrx_word' id='word_1_80' title='bbox 114 1127 222 1186; x_wconf 86' lang='lat' dir='ltr'>lerunt.</span> <span class='ocrx_word' id='word_1_81' title='bbox 268 1121 357 1194; x_wconf 83' lang='lat' dir='ltr'>Quod</span> <span class='ocrx_word' id='word_1_82' title='bbox 386 1121 413 1183; x_wconf 89' lang='lat' dir='ltr'>si</span> <span class='ocrx_word' id='word_1_83' title='bbox 440 1119 597 1198; x_wconf 86' lang='lat' dir='ltr'>aliquando</span> <span class='ocrx_word' id='word_1_84' title='bbox 618 1129 779 1199; x_wconf 76' lang='lat' dir='ltr'>apparente</span> <span class='ocrx_word' id='word_1_85' title='bbox 799 1120 912 1198; x_wconf 87' lang='lat' dir='ltr'><strong>Angelo</strong></span> <span class='ocrx_word' id='word_1_86' title='bbox 940 1119 982 1191; x_wconf 89' lang='lat' dir='ltr'>is,</span> <span class='ocrx_word' id='word_1_87' title='bbox 1016 1121 1066 1200; x_wconf 92' lang='lat' dir='ltr'>qui</span> <span class='ocrx_word' id='word_1_88' title='bbox 1095 1131 1245 1201; x_wconf 86' lang='lat' dir='ltr'>spectator</span> <span class='ocrx_word' id='word_1_89' title='bbox 1266 1135 1341 1201; x_wconf 82' lang='lat' dir='ltr'>crat,</span> 
     </span>
    </p>

    <p class='ocr_par' dir='ltr' id='par_1_3' title="bbox 110 1220 1429 2111">
     <span class='ocr_line' id='line_1_10' title="bbox 113 1220 1340 1299; baseline 0.005 -14"><span class='ocrx_word' id='word_1_90' title='bbox 113 1225 165 1287; x_wconf 85' lang='lat' dir='ltr'>llei</span> <span class='ocrx_word' id='word_1_91' title='bbox 188 1223 284 1286; x_wconf 81' lang='lat' dir='ltr'>audiit</span> <span class='ocrx_word' id='word_1_92' title='bbox 304 1241 418 1292; x_wconf 84' lang='lat' dir='ltr'>rocem,</span> <span class='ocrx_word' id='word_1_93' title='bbox 442 1230 474 1282; x_wconf 86' lang='lat' dir='ltr'>ut</span> <span class='ocrx_word' id='word_1_94' title='bbox 494 1222 526 1282; x_wconf 91' lang='lat' dir='ltr'>in</span> <span class='ocrx_word' id='word_1_95' title='bbox 548 1220 624 1283; x_wconf 91' lang='lat' dir='ltr'>rubo</span> <span class='ocrx_word' id='word_1_96' title='bbox 647 1220 754 1294; x_wconf 85' lang='lat' dir='ltr'>evenit,</span> <span class='ocrx_word' id='word_1_97' title='bbox 776 1238 903 1299; x_wconf 87' lang='lat' dir='ltr'>namque</span> <span class='ocrx_word' id='word_1_98' title='bbox 925 1221 1057 1299; x_wconf 75' lang='lat' dir='ltr'>Angelus</span> <span class='ocrx_word' id='word_1_99' title='bbox 1081 1222 1205 1288; x_wconf 75' lang='lat' dir='ltr'>Domine·</span> <span class='ocrx_word' id='word_1_100' title='bbox 1225 1245 1241 1287; x_wconf 88' lang='lat' dir='ltr'>a</span> <span class='ocrx_word' id='word_1_101' title='bbox 1262 1227 1340 1291; x_wconf 76' lang='lat' dir='ltr'>rudo</span> 
     </span>
     <span class='ocr_line' id='line_1_11' title="bbox 113 1320 1341 1406; baseline -0.002 -17"><span class='ocrx_word' id='word_1_102' title='bbox 113 1328 262 1406; x_wconf 77' lang='lat' dir='ltr'>apperuit</span> <span class='ocrx_word' id='word_1_103' title='bbox 285 1329 386 1387; x_wconf 79' lang='grc' dir='ltr'><strong><em>ιἰιιιαι</em></strong></span> <span class='ocrx_word' id='word_1_104' title='bbox 408 1326 548 1403; x_wconf 75' lang='lat' dir='ltr'>{tumme</span> <span class='ocrx_word' id='word_1_105' title='bbox 568 1326 664 1401; x_wconf 78' lang='lat' dir='ltr'>ignis.</span> <span class='ocrx_word' id='word_1_106' title='bbox 693 1332 722 1384; x_wconf 85' lang='grc' dir='ltr'>ιι</span> <span class='ocrx_word' id='word_1_107' title='bbox 742 1326 861 1383; x_wconf 74' lang='lat' dir='ltr'>occavit</span> <span class='ocrx_word' id='word_1_108' title='bbox 882 1320 1030 1385; x_wconf 78' lang='lat' dir='ltr'>Dominus</span> <span class='ocrx_word' id='word_1_109' title='bbox 1052 1321 1183 1402; x_wconf 78' lang='lat' dir='ltr'>Moprem</span> <span class='ocrx_word' id='word_1_110' title='bbox 1205 1327 1242 1389; x_wconf 83' lang='lat' dir='ltr'>de</span> <span class='ocrx_word' id='word_1_111' title='bbox 1263 1328 1341 1391; x_wconf 69' lang='lat' dir='ltr'>mlo</span> 
     </span>
     <span class='ocr_line' id='line_1_12' title="bbox 112 1421 1343 1504; baseline 0.001 -15"><span class='ocrx_word' id='word_1_112' title='bbox 112 1429 230 1489; x_wconf 73' lang='grc' dir='ltr'><strong><em>ιιιιιιιι</em></strong></span> <span class='ocrx_word' id='word_1_113' title='bbox 252 1424 315 1504; x_wconf 72' lang='lat' dir='ltr'>Epo</span> <span class='ocrx_word' id='word_1_114' title='bbox 336 1443 405 1487; x_wconf 80' lang='lat' dir='ltr'>anm</span> <span class='ocrx_word' id='word_1_115' title='bbox 427 1423 507 1486; x_wconf 79' lang='lat' dir='ltr'>liena</span> <span class='ocrx_word' id='word_1_116' title='bbox 531 1422 632 1484; x_wconf 80' lang='lat' dir='ltr'>Petris</span> <span class='ocrx_word' id='word_1_117' title='bbox 656 1426 711 1494; x_wconf 82' lang='lat' dir='ltr'>tul,</span> <span class='ocrx_word' id='word_1_118' title='bbox 734 1421 815 1485; x_wconf 77' lang='lat' dir='ltr'>Dens</span> <span class='ocrx_word' id='word_1_119' title='bbox 831 1422 992 1495; x_wconf 80' lang='lat' dir='ltr'>Abrabam,</span> <span class='ocrx_word' id='word_1_120' title='bbox 1015 1422 1097 1486; x_wconf 79' lang='lat' dir='ltr'>Dens</span> <span class='ocrx_word' id='word_1_121' title='bbox 1113 1423 1201 1489; x_wconf 77' lang='lat' dir='ltr'>nm</span> <span class='ocrx_word' id='word_1_122' title='bbox 1215 1437 1244 1489; x_wconf 86' lang='grc' dir='ltr'>ιι</span> <span class='ocrx_word' id='word_1_123' title='bbox 1258 1426 1343 1491; x_wconf 77' lang='lat' dir='ltr'>Dente</span> 
     </span>
     <span class='ocr_line' id='line_1_13' title="bbox 112 1522 1353 1606; baseline -0.001 -16"><span class='ocrx_word' id='word_1_124' title='bbox 112 1527 214 1589; x_wconf 69' lang='lat' dir='ltr'>laceb.</span> <span class='ocrx_word' id='word_1_125' title='bbox 258 1524 346 1604; x_wconf 80' lang='lat' dir='ltr'>Atqui</span> <span class='ocrx_word' id='word_1_126' title='bbox 368 1542 429 1586; x_wconf 92' lang='lat' dir='ltr'>non</span> <span class='ocrx_word' id='word_1_127' title='bbox 452 1533 515 1585; x_wconf 87' lang='lat' dir='ltr'>erat</span> <span class='ocrx_word' id='word_1_128' title='bbox 535 1522 664 1601; x_wconf 86' lang='lat' dir='ltr'>Angelus</span> <span class='ocrx_word' id='word_1_129' title='bbox 685 1522 766 1587; x_wconf 85' lang='lat' dir='ltr'>llens</span> <span class='ocrx_word' id='word_1_130' title='bbox 787 1523 946 1596; x_wconf 87' lang='lat' dir='ltr'>Abrabam,</span> <span class='ocrx_word' id='word_1_131' title='bbox 968 1523 1021 1585; x_wconf 88' lang='lat' dir='ltr'>sed</span> <span class='ocrx_word' id='word_1_132' title='bbox 1037 1523 1116 1585; x_wconf 84' lang='lat' dir='ltr'>Deus</span> <span class='ocrx_word' id='word_1_133' title='bbox 1139 1534 1213 1599; x_wconf 82' lang='lat' dir='ltr'>erat,</span> <span class='ocrx_word' id='word_1_134' title='bbox 1235 1522 1353 1606; x_wconf 85' lang='lat' dir='ltr'>quiin</span> 
     </span>
     <span class='ocr_line' id='line_1_14' title="bbox 111 1622 1340 1707; baseline 0.002 -18"><span class='ocrx_word' id='word_1_135' title='bbox 111 1627 224 1707; x_wconf 85' lang='lat' dir='ltr'>Angclo</span> <span class='ocrx_word' id='word_1_136' title='bbox 247 1625 437 1707; x_wconf 74' lang='lat' dir='ltr'>loquebatur3</span> <span class='ocrx_word' id='word_1_137' title='bbox 465 1624 543 1686; x_wconf 88' lang='lat' dir='ltr'>unde</span> <span class='ocrx_word' id='word_1_138' title='bbox 564 1624 643 1704; x_wconf 91' lang='lat' dir='ltr'>quod</span> <span class='ocrx_word' id='word_1_139' title='bbox 666 1622 786 1702; x_wconf 86' lang='lat' dir='ltr'>quidem</span> <span class='ocrx_word' id='word_1_140' title='bbox 807 1623 982 1703; x_wconf 80' lang='lat' dir='ltr'>apparebat,</span> <span class='ocrx_word' id='word_1_141' title='bbox 1004 1625 1134 1703; x_wconf 85' lang='lat' dir='ltr'>Angelus</span> <span class='ocrx_word' id='word_1_142' title='bbox 1156 1633 1237 1701; x_wconf 80' lang='lat' dir='ltr'>erat,</span> <span class='ocrx_word' id='word_1_143' title='bbox 1260 1626 1340 1693; x_wconf 81' lang='lat' dir='ltr'>ilem</span> 
     </span>
     <span class='ocr_line' id='line_1_15' title="bbox 111 1725 1425 1810; baseline 0.003 -21"><span class='ocrx_word' id='word_1_144' title='bbox 111 1738 210 1795; x_wconf 89' lang='lat' dir='ltr'>autem</span> <span class='ocrx_word' id='word_1_145' title='bbox 239 1728 270 1789; x_wconf 89' lang='lat' dir='ltr'>in</span> <span class='ocrx_word' id='word_1_146' title='bbox 298 1727 349 1789; x_wconf 91' lang='lat' dir='ltr'>illo</span> <span class='ocrx_word' id='word_1_147' title='bbox 377 1726 562 1805; x_wconf 84' lang='lat' dir='ltr'>loquebatur.</span> <span class='ocrx_word' id='word_1_148' title='bbox 607 1725 645 1787; x_wconf 93' lang='lat' dir='ltr'>Ut</span> <span class='ocrx_word' id='word_1_149' title='bbox 673 1725 751 1787; x_wconf 91' lang='lat' dir='ltr'>enim</span> <span class='ocrx_word' id='word_1_150' title='bbox 780 1728 811 1788; x_wconf 90' lang='lat' dir='ltr'>in</span> <span class='ocrx_word' id='word_1_151' title='bbox 838 1725 1028 1789; x_wconf 86' lang='lat' dir='ltr'>tabernaculo</span> <span class='ocrx_word' id='word_1_152' title='bbox 1051 1727 1143 1806; x_wconf 82' lang='lat' dir='ltr'>Moysi</span> <span class='ocrx_word' id='word_1_153' title='bbox 1163 1727 1425 1810; x_wconf 74' lang='lat' dir='ltr'>loquebaturesu.</span> 
     </span>
     <span class='ocr_line' id='line_1_16' title="bbox 110 1826 1429 1912; baseline 0.002 -21"><span class='ocrx_word' id='word_1_154' title='bbox 110 1831 142 1891; x_wconf 91' lang='lat' dir='ltr'>in</span> <span class='ocrx_word' id='word_1_155' title='bbox 163 1829 303 1891; x_wconf 88' lang='lat' dir='ltr'>columna</span> <span class='ocrx_word' id='word_1_156' title='bbox 326 1827 430 1900; x_wconf 87' lang='lat' dir='ltr'>nubis,</span> <span class='ocrx_word' id='word_1_157' title='bbox 463 1828 502 1888; x_wconf 91' lang='lat' dir='ltr'>ita</span> <span class='ocrx_word' id='word_1_158' title='bbox 530 1826 618 1888; x_wconf 88' lang='lat' dir='ltr'>etiam</span> <span class='ocrx_word' id='word_1_159' title='bbox 643 1826 724 1888; x_wconf 85' lang='lat' dir='ltr'>llcus</span> <span class='ocrx_word' id='word_1_160' title='bbox 750 1827 782 1887; x_wconf 92' lang='lat' dir='ltr'>in</span> <span class='ocrx_word' id='word_1_161' title='bbox 809 1826 929 1905; x_wconf 77' lang='lat' dir='ltr'>Angelis</span> <span class='ocrx_word' id='word_1_162' title='bbox 957 1826 1082 1906; x_wconf 88' lang='lat' dir='ltr'>loquens</span> <span class='ocrx_word' id='word_1_163' title='bbox 1110 1841 1249 1910; x_wconf 63' lang='lat' dir='ltr'>appeten</span> <span class='ocrx_word' id='word_1_164' title='bbox 1280 1850 1340 1912; x_wconf 89' lang='lat' dir='ltr'>qua</span> <span class='ocrx_word' id='word_1_165' title='bbox 1420 1856 1429 1893; x_wconf 76' lang='grc' dir='ltr'>ι</span> 
     </span>
     <span class='ocr_line' id='line_1_17' title="bbox 111 1926 1341 2009; baseline 0.002 -17"><span class='ocrx_word' id='word_1_166' title='bbox 111 1930 234 2009; x_wconf 90' lang='lat' dir='ltr'>quidem</span> <span class='ocrx_word' id='word_1_167' title='bbox 266 1929 380 1991; x_wconf 89' lang='lat' dir='ltr'>ratione</span> <span class='ocrx_word' id='word_1_168' title='bbox 409 1948 474 1990; x_wconf 88' lang='lat' dir='ltr'>cum</span> <span class='ocrx_word' id='word_1_169' title='bbox 502 1929 571 1990; x_wconf 88' lang='lat' dir='ltr'>lesu</span> <span class='ocrx_word' id='word_1_170' title='bbox 600 1928 660 1989; x_wconf 87' lang='lat' dir='ltr'>lilio</span> <span class='ocrx_word' id='word_1_171' title='bbox 688 1926 768 1989; x_wconf 85' lang='lat' dir='ltr'>Nare</span> <span class='ocrx_word' id='word_1_172' title='bbox 789 1947 843 2008; x_wconf 89' lang='lat' dir='ltr'>per</span> <span class='ocrx_word' id='word_1_173' title='bbox 864 1929 1006 2007; x_wconf 89' lang='lat' dir='ltr'><strong>Angelum</strong></span> <span class='ocrx_word' id='word_1_174' title='bbox 1027 1929 1212 2009; x_wconf 82' lang='lat' dir='ltr'>loquebatur.</span> <span class='ocrx_word' id='word_1_175' title='bbox 1257 1931 1341 2005; x_wconf 79' lang='lat' dir='ltr'>Quae</span> 
     </span>
     <span class='ocr_line' id='line_1_18' title="bbox 113 2029 1340 2111; baseline 0.002 -18"><span class='ocrx_word' id='word_1_176' title='bbox 113 2051 206 2111; x_wconf 91' lang='lat' dir='ltr'>porro</span> <span class='ocrx_word' id='word_1_177' title='bbox 228 2030 361 2108; x_wconf 90' lang='lat' dir='ltr'>loquitur</span> <span class='ocrx_word' id='word_1_178' title='bbox 382 2029 478 2103; x_wconf 84' lang='lat' dir='ltr'>lleus,</span> <span class='ocrx_word' id='word_1_179' title='bbox 511 2029 699 2091; x_wconf 79' lang='lat' dir='ltr'>manifestum</span> <span class='ocrx_word' id='word_1_180' title='bbox 728 2037 777 2091; x_wconf 87' lang='lat' dir='ltr'>est</span> <span class='ocrx_word' id='word_1_181' title='bbox 798 2048 832 2091; x_wconf 92' lang='lat' dir='ltr'>ea</span> <span class='ocrx_word' id='word_1_182' title='bbox 855 2029 937 2091; x_wconf 94' lang='lat' dir='ltr'>illum</span> <span class='ocrx_word' id='word_1_183' title='bbox 959 2048 1013 2109; x_wconf 91' lang='lat' dir='ltr'>per</span> <span class='ocrx_word' id='word_1_184' title='bbox 1036 2030 1163 2095; x_wconf 81' lang='lat' dir='ltr'>Verbum</span> <span class='ocrx_word' id='word_1_185' title='bbox 1185 2050 1246 2094; x_wconf 91' lang='lat' dir='ltr'>non</span> <span class='ocrx_word' id='word_1_186' title='bbox 1268 2050 1340 2095; x_wconf 79' lang='lat' dir='ltr'>vero</span> 
     </span>
    </p>

    <p class='ocr_par' dir='ltr' id='par_1_4' title="bbox 111 2131 1340 2215">
     <span class='ocr_line' id='line_1_19' title="bbox 111 2131 1340 2215; baseline 0.002 -20"><span class='ocrx_word' id='word_1_187' title='bbox 111 2151 166 2212; x_wconf 91' lang='lat' dir='ltr'>per</span> <span class='ocrx_word' id='word_1_188' title='bbox 187 2133 279 2194; x_wconf 84' lang='lat' dir='ltr'>alium</span> <span class='ocrx_word' id='word_1_189' title='bbox 300 2132 427 2211; x_wconf 88' lang='lat' dir='ltr'>aliquem</span> <span class='ocrx_word' id='word_1_190' title='bbox 449 2131 541 2210; x_wconf 88' lang='lat' dir='ltr'>loqui.</span> <span class='ocrx_word' id='word_1_191' title='bbox 579 2131 706 2192; x_wconf 91' lang='lat' dir='ltr'>Verbum</span> <span class='ocrx_word' id='word_1_192' title='bbox 728 2138 836 2202; x_wconf 88' lang='lat' dir='ltr'>autem,</span> <span class='ocrx_word' id='word_1_193' title='bbox 859 2131 939 2209; x_wconf 93' lang='lat' dir='ltr'>quod</span> <span class='ocrx_word' id='word_1_194' title='bbox 953 2150 970 2192; x_wconf 89' lang='lat' dir='ltr'>a</span> <span class='ocrx_word' id='word_1_195' title='bbox 984 2132 1073 2193; x_wconf 86' lang='lat' dir='ltr'>Patre</span> <span class='ocrx_word' id='word_1_196' title='bbox 1093 2151 1150 2195; x_wconf 92' lang='lat' dir='ltr'>uec</span> <span class='ocrx_word' id='word_1_197' title='bbox 1171 2142 1340 2215; x_wconf 86' lang='lat' dir='ltr'>separatum</span> 
     </span>
    </p>

    <p class='ocr_par' dir='ltr' id='par_1_5' title="bbox 109 2232 1342 2919">
     <span class='ocr_line' id='line_1_20' title="bbox 112 2232 1339 2312; baseline 0.001 -15"><span class='ocrx_word' id='word_1_198' title='bbox 112 2243 161 2297; x_wconf 89' lang='grc' dir='ltr'>ιιι</span> <span class='ocrx_word' id='word_1_199' title='bbox 182 2252 239 2295; x_wconf 90' lang='lat' dir='ltr'>nec</span> <span class='ocrx_word' id='word_1_200' title='bbox 259 2234 354 2295; x_wconf 85' lang='lat' dir='ltr'>Patris</span> <span class='ocrx_word' id='word_1_201' title='bbox 377 2240 499 2294; x_wconf 89' lang='lat' dir='ltr'>naturae</span> <span class='ocrx_word' id='word_1_202' title='bbox 521 2232 667 2294; x_wconf 84' lang='lat' dir='ltr'>dissimile</span> <span class='ocrx_word' id='word_1_203' title='bbox 689 2241 736 2294; x_wconf 87' lang='lat' dir='ltr'>est</span> <span class='ocrx_word' id='word_1_204' title='bbox 756 2241 809 2293; x_wconf 87' lang='lat' dir='ltr'>aut</span> <span class='ocrx_word' id='word_1_205' title='bbox 828 2232 974 2305; x_wconf 88' lang='lat' dir='ltr'>alienum,</span> <span class='ocrx_word' id='word_1_206' title='bbox 1006 2232 1143 2312; x_wconf 88' lang='lat' dir='ltr'>quicquid</span> <span class='ocrx_word' id='word_1_207' title='bbox 1173 2234 1275 2308; x_wconf 83' lang='lat' dir='ltr'>efficit,</span> <span class='ocrx_word' id='word_1_208' title='bbox 1305 2255 1339 2297; x_wconf 82' lang='lat' dir='ltr'>ea</span> 
     </span>
     <span class='ocr_line' id='line_1_21' title="bbox 110 2332 1342 2415; baseline 0.002 -19"><span class='ocrx_word' id='word_1_209' title='bbox 110 2336 177 2415; x_wconf 87' lang='lat' dir='ltr'>ipsa</span> <span class='ocrx_word' id='word_1_210' title='bbox 200 2344 271 2396; x_wconf 85' lang='lat' dir='ltr'>sunt</span> <span class='ocrx_word' id='word_1_211' title='bbox 291 2334 387 2396; x_wconf 87' lang='lat' dir='ltr'>Patris</span> <span class='ocrx_word' id='word_1_212' title='bbox 409 2353 511 2413; x_wconf 89' lang='lat' dir='ltr'>opera,</span> <span class='ocrx_word' id='word_1_213' title='bbox 535 2334 573 2394; x_wconf 88' lang='lat' dir='ltr'>ita</span> <span class='ocrx_word' id='word_1_214' title='bbox 599 2342 631 2394; x_wconf 90' lang='grc' dir='ltr'>ιιι</span> <span class='ocrx_word' id='word_1_215' title='bbox 652 2332 730 2394; x_wconf 89' lang='lat' dir='ltr'>idem</span> <span class='ocrx_word' id='word_1_216' title='bbox 753 2344 783 2395; x_wconf 88' lang='grc' dir='ltr'>ιι</span> <span class='ocrx_word' id='word_1_217' title='bbox 803 2352 896 2395; x_wconf 91' lang='lat' dir='ltr'>unum</span> <span class='ocrx_word' id='word_1_218' title='bbox 919 2351 995 2412; x_wconf 89' lang='lat' dir='ltr'>opus</span> <span class='ocrx_word' id='word_1_219' title='bbox 1017 2334 1135 2408; x_wconf 85' lang='lat' dir='ltr'>elliciot,</span> <span class='ocrx_word' id='word_1_220' title='bbox 1157 2344 1188 2397; x_wconf 90' lang='lat' dir='ltr'>et</span> <span class='ocrx_word' id='word_1_221' title='bbox 1201 2355 1276 2414; x_wconf 89' lang='lat' dir='ltr'>qnae</span> <span class='ocrx_word' id='word_1_222' title='bbox 1291 2336 1342 2399; x_wconf 87' lang='lat' dir='ltr'>dat</span> 
     </span>
     <span class='ocr_line' id='line_1_22' title="bbox 109 2434 1341 2514; baseline 0.001 -17"><span class='ocrx_word' id='word_1_223' title='bbox 109 2437 217 2508; x_wconf 75' lang='lat' dir='ltr'>rinus,</span> <span class='ocrx_word' id='word_1_224' title='bbox 247 2436 344 2497; x_wconf 85' lang='lat' dir='ltr'>Patris</span> <span class='ocrx_word' id='word_1_225' title='bbox 373 2436 435 2496; x_wconf 81' lang='lat' dir='ltr'>sint</span> <span class='ocrx_word' id='word_1_226' title='bbox 456 2454 574 2514; x_wconf 90' lang='lat' dir='ltr'>quoquc</span> <span class='ocrx_word' id='word_1_227' title='bbox 595 2453 727 2496; x_wconf 86' lang='lat' dir='ltr'>munera.</span> <span class='ocrx_word' id='word_1_228' title='bbox 773 2434 831 2507; x_wconf 85' lang='lat' dir='ltr'>Qui</span> <span class='ocrx_word' id='word_1_229' title='bbox 853 2435 924 2496; x_wconf 91' lang='lat' dir='ltr'>item</span> <span class='ocrx_word' id='word_1_230' title='bbox 945 2434 1021 2497; x_wconf 87' lang='lat' dir='ltr'>ridit</span> <span class='ocrx_word' id='word_1_231' title='bbox 1040 2434 1161 2505; x_wconf 83' lang='lat' dir='ltr'>Filium,</span> <span class='ocrx_word' id='word_1_232' title='bbox 1191 2437 1274 2498; x_wconf 85' lang='lat' dir='ltr'>norit</span> <span class='ocrx_word' id='word_1_233' title='bbox 1295 2455 1341 2509; x_wconf 89' lang='lat' dir='ltr'>se,</span> 
     </span>
     <span class='ocr_line' id='line_1_23' title="bbox 110 2535 1339 2616; baseline -0.002 -16"><span class='ocrx_word' id='word_1_234' title='bbox 110 2557 179 2600; x_wconf 92' lang='lat' dir='ltr'>cum</span> <span class='ocrx_word' id='word_1_235' title='bbox 201 2537 285 2598; x_wconf 90' lang='lat' dir='ltr'>illum</span> <span class='ocrx_word' id='word_1_236' title='bbox 306 2537 392 2607; x_wconf 84' lang='lat' dir='ltr'>vidit,</span> <span class='ocrx_word' id='word_1_237' title='bbox 422 2556 482 2597; x_wconf 89' lang='lat' dir='ltr'>non</span> <span class='ocrx_word' id='word_1_238' title='bbox 504 2537 646 2614; x_wconf 77' lang='lat' dir='ltr'><strong>Angelum</strong></span> <span class='ocrx_word' id='word_1_239' title='bbox 669 2555 767 2615; x_wconf 90' lang='lat' dir='ltr'>neque</span> <span class='ocrx_word' id='word_1_240' title='bbox 788 2537 916 2616; x_wconf 86' lang='lat' dir='ltr'>aliquem</span> <span class='ocrx_word' id='word_1_241' title='bbox 936 2535 1056 2614; x_wconf 77' lang='lat' dir='ltr'><strong>Angelis</strong></span> <span class='ocrx_word' id='word_1_242' title='bbox 1078 2536 1222 2597; x_wconf 88' lang='lat' dir='ltr'>maiorem</span> <span class='ocrx_word' id='word_1_243' title='bbox 1244 2555 1339 2615; x_wconf 90' lang='lat' dir='ltr'>neque</span> 
     </span>
     <span class='ocr_line' id='line_1_24' title="bbox 109 2635 1339 2718; baseline 0 -17"><span class='ocrx_word' id='word_1_244' title='bbox 109 2658 236 2718; x_wconf 86' lang='lat' dir='ltr'>prorsus</span> <span class='ocrx_word' id='word_1_245' title='bbox 260 2657 323 2699; x_wconf 89' lang='lat' dir='ltr'>rem</span> <span class='ocrx_word' id='word_1_246' title='bbox 345 2639 470 2717; x_wconf 90' lang='lat' dir='ltr'>aliquam</span> <span class='ocrx_word' id='word_1_247' title='bbox 493 2648 621 2699; x_wconf 87' lang='lat' dir='ltr'>creatam</span> <span class='ocrx_word' id='word_1_248' title='bbox 644 2639 765 2711; x_wconf 83' lang='lat' dir='ltr'>vidisse,</span> <span class='ocrx_word' id='word_1_249' title='bbox 787 2639 840 2699; x_wconf 90' lang='lat' dir='ltr'>sed</span> <span class='ocrx_word' id='word_1_250' title='bbox 864 2638 992 2699; x_wconf 86' lang='lat' dir='ltr'>Patrem.</span> <span class='ocrx_word' id='word_1_251' title='bbox 1035 2635 1177 2699; x_wconf 88' lang='lat' dir='ltr'>Similiter</span> <span class='ocrx_word' id='word_1_252' title='bbox 1199 2639 1250 2717; x_wconf 92' lang='lat' dir='ltr'>qui</span> <span class='ocrx_word' id='word_1_253' title='bbox 1264 2638 1339 2701; x_wconf 85' lang='lat' dir='ltr'>Ver-</span> 
     </span>
     <span class='ocr_line' id='line_1_25' title="bbox 109 2737 1340 2818; baseline -0.001 -17"><span class='ocrx_word' id='word_1_254' title='bbox 109 2741 183 2803; x_wconf 91' lang='lat' dir='ltr'>bum</span> <span class='ocrx_word' id='word_1_255' title='bbox 205 2739 302 2812; x_wconf 87' lang='lat' dir='ltr'>andit,</span> <span class='ocrx_word' id='word_1_256' title='bbox 327 2759 360 2799; x_wconf 88' lang='lat' dir='ltr'>se</span> <span class='ocrx_word' id='word_1_257' title='bbox 381 2740 499 2801; x_wconf 89' lang='lat' dir='ltr'>Patrem</span> <span class='ocrx_word' id='word_1_258' title='bbox 520 2740 623 2801; x_wconf 87' lang='lat' dir='ltr'>andire</span> <span class='ocrx_word' id='word_1_259' title='bbox 645 2739 741 2810; x_wconf 85' lang='lat' dir='ltr'>novit,</span> <span class='ocrx_word' id='word_1_260' title='bbox 766 2758 825 2800; x_wconf 92' lang='lat' dir='ltr'>non</span> <span class='ocrx_word' id='word_1_261' title='bbox 849 2758 935 2800; x_wconf 87' lang='lat' dir='ltr'>secus</span> <span class='ocrx_word' id='word_1_262' title='bbox 957 2756 993 2800; x_wconf 83' lang='lat' dir='ltr'>nc</span> <span class='ocrx_word' id='word_1_263' title='bbox 1013 2737 1078 2810; x_wconf 90' lang='lat' dir='ltr'>ille,</span> <span class='ocrx_word' id='word_1_264' title='bbox 1107 2737 1156 2817; x_wconf 92' lang='lat' dir='ltr'>qui</span> <span class='ocrx_word' id='word_1_265' title='bbox 1178 2738 1340 2818; x_wconf 82' lang='lat' dir='ltr'>splendore</span> 
     </span>
     <span class='ocr_line' id='line_1_26' title="bbox 109 2840 889 2919; baseline -0.001 -17"><span class='ocrx_word' id='word_1_266' title='bbox 109 2841 293 2904; x_wconf 86' lang='lat' dir='ltr'>illuminatus</span> <span class='ocrx_word' id='word_1_267' title='bbox 314 2858 332 2901; x_wconf 89' lang='lat' dir='ltr'>a</span> <span class='ocrx_word' id='word_1_268' title='bbox 356 2840 420 2901; x_wconf 88' lang='lat' dir='ltr'>sole</span> <span class='ocrx_word' id='word_1_269' title='bbox 442 2859 476 2902; x_wconf 90' lang='lat' dir='ltr'>se</span> <span class='ocrx_word' id='word_1_270' title='bbox 498 2840 657 2902; x_wconf 87' lang='lat' dir='ltr'>illuminari</span> <span class='ocrx_word' id='word_1_271' title='bbox 680 2858 740 2900; x_wconf 90' lang='lat' dir='ltr'>non</span> <span class='ocrx_word' id='word_1_272' title='bbox 763 2840 889 2919; x_wconf 87' lang='lat' dir='ltr'>ignoret.</span> 
     </span>
    </p>
   </div>
   <div class='ocr_carea' id='block_1_3' title="bbox 108 3040 1339 3628">
    <p class='ocr_par' dir='ltr' id='par_1_6' title="bbox 108 3040 1339 3628">
     <span class='ocr_line' id='line_1_27' title="bbox 198 3040 1338 3121; baseline -0.004 -14"><span class='ocrx_word' id='word_1_273' title='bbox 198 3048 248 3107; x_wconf 88' lang='lat'>15.</span> <span class='ocrx_word' id='word_1_274' title='bbox 295 3042 408 3103; x_wconf 89' lang='lat' dir='ltr'>idcirco</span> <span class='ocrx_word' id='word_1_275' title='bbox 443 3043 521 3102; x_wconf 88' lang='lat' dir='ltr'>enim</span> <span class='ocrx_word' id='word_1_276' title='bbox 560 3041 657 3103; x_wconf 86' lang='lat' dir='ltr'>divina</span> <span class='ocrx_word' id='word_1_277' title='bbox 689 3041 841 3121; x_wconf 79' lang='lat' dir='ltr'>Scriptura</span> <span class='ocrx_word' id='word_1_278' title='bbox 873 3040 962 3103; x_wconf 81' lang='lat' dir='ltr'>nobis</span> <span class='ocrx_word' id='word_1_279' title='bbox 997 3040 1169 3103; x_wconf 81' lang='lat' dir='ltr'>huiusmodi</span> <span class='ocrx_word' id='word_1_280' title='bbox 1205 3042 1338 3121; x_wconf 79' lang='lat' dir='ltr'>exempla</span> 
     </span>
     <span class='ocr_line' id='line_1_28' title="bbox 108 3140 1339 3224; baseline -0.002 -18"><span class='ocrx_word' id='word_1_281' title='bbox 108 3143 324 3224; x_wconf 84' lang='lat' dir='ltr'>suppeditavit,</span> <span class='ocrx_word' id='word_1_282' title='bbox 359 3152 391 3205; x_wconf 90' lang='lat' dir='ltr'>ut</span> <span class='ocrx_word' id='word_1_283' title='bbox 418 3162 482 3205; x_wconf 88' lang='lat' dir='ltr'>rem</span> <span class='ocrx_word' id='word_1_284' title='bbox 505 3144 544 3203; x_wconf 86' lang='lat' dir='ltr'>ita</span> <span class='ocrx_word' id='word_1_285' title='bbox 571 3142 820 3220; x_wconf 88' lang='lat' dir='ltr'>intelligeremus,</span> <span class='ocrx_word' id='word_1_286' title='bbox 854 3140 943 3205; x_wconf 85' lang='lat' dir='ltr'>sicuti</span> <span class='ocrx_word' id='word_1_287' title='bbox 970 3158 1059 3221; x_wconf 89' lang='lat' dir='ltr'>supra</span> <span class='ocrx_word' id='word_1_288' title='bbox 1086 3141 1252 3203; x_wconf 77' lang='lat' dir='ltr'>docuimus.</span> <span class='ocrx_word' id='word_1_289' title='bbox 1295 3141 1339 3203; x_wconf 80' lang='lat' dir='ltr'>Ex</span> 
     </span>
     <span class='ocr_line' id='line_1_29' title="bbox 109 3241 1339 3327; baseline -0.002 -19"><span class='ocrx_word' id='word_1_290' title='bbox 109 3246 219 3327; x_wconf 88' lang='lat' dir='ltr'>quibus</span> <span class='ocrx_word' id='word_1_291' title='bbox 240 3254 320 3305; x_wconf 91' lang='lat' dir='ltr'>certe</span> <span class='ocrx_word' id='word_1_292' title='bbox 349 3264 416 3306; x_wconf 91' lang='lat' dir='ltr'>cum</span> <span class='ocrx_word' id='word_1_293' title='bbox 445 3245 614 3323; x_wconf 91' lang='lat' dir='ltr'>proditores</span> <span class='ocrx_word' id='word_1_294' title='bbox 635 3244 762 3306; x_wconf 85' lang='lat' dir='ltr'>ludaeos</span> <span class='ocrx_word' id='word_1_295' title='bbox 783 3245 937 3305; x_wconf 87' lang='lat' dir='ltr'>conlutare</span> <span class='ocrx_word' id='word_1_296' title='bbox 959 3250 1022 3306; x_wconf 89' lang='lat' dir='ltr'>tum</span> <span class='ocrx_word' id='word_1_297' title='bbox 1045 3242 1203 3305; x_wconf 83' lang='lat' dir='ltr'>Gentilium</span> <span class='ocrx_word' id='word_1_298' title='bbox 1224 3241 1339 3305; x_wconf 85' lang='lat' dir='ltr'>calum-</span> 
     </span>
     <span class='ocr_line' id='line_1_30' title="bbox 108 3343 1337 3424; baseline -0.002 -16"><span class='ocrx_word' id='word_1_299' title='bbox 108 3348 174 3411; x_wconf 87' lang='lat' dir='ltr'>nias</span> <span class='ocrx_word' id='word_1_300' title='bbox 197 3346 284 3407; x_wconf 85' lang='lat' dir='ltr'>lacile</span> <span class='ocrx_word' id='word_1_301' title='bbox 303 3356 349 3407; x_wconf 89' lang='lat' dir='ltr'>est</span> <span class='ocrx_word' id='word_1_302' title='bbox 374 3346 525 3417; x_wconf 88' lang='lat' dir='ltr'>relellere,</span> <span class='ocrx_word' id='word_1_303' title='bbox 560 3346 610 3424; x_wconf 90' lang='lat' dir='ltr'>qui</span> <span class='ocrx_word' id='word_1_304' title='bbox 639 3345 780 3424; x_wconf 90' lang='lat' dir='ltr'>qnoniam</span> <span class='ocrx_word' id='word_1_305' title='bbox 802 3344 976 3407; x_wconf 79' lang='lat' dir='ltr'>Trinitatem</span> <span class='ocrx_word' id='word_1_306' title='bbox 1008 3343 1151 3414; x_wconf 89' lang='lat' dir='ltr'>colimus,</span> <span class='ocrx_word' id='word_1_307' title='bbox 1183 3344 1294 3405; x_wconf 87' lang='lat' dir='ltr'>multos</span> <span class='ocrx_word' id='word_1_308' title='bbox 1321 3363 1337 3405; x_wconf 79' lang='lat' dir='ltr'>a</span> 
     </span>
     <span class='ocr_line' id='line_1_31' title="bbox 109 3444 1339 3524; baseline -0.002 -15"><span class='ocrx_word' id='word_1_309' title='bbox 109 3448 199 3509; x_wconf 88' lang='lat' dir='ltr'>nobis</span> <span class='ocrx_word' id='word_1_310' title='bbox 222 3447 298 3507; x_wconf 87' lang='lat' dir='ltr'>deos</span> <span class='ocrx_word' id='word_1_311' title='bbox 320 3446 441 3524; x_wconf 88' lang='lat' dir='ltr'>agnosci</span> <span class='ocrx_word' id='word_1_312' title='bbox 461 3447 545 3507; x_wconf 79' lang='lat' dir='ltr'>airant</span> <span class='ocrx_word' id='word_1_313' title='bbox 566 3454 597 3507; x_wconf 92' lang='lat' dir='ltr'>et</span> <span class='ocrx_word' id='word_1_314' title='bbox 617 3445 806 3509; x_wconf 83' lang='lat' dir='ltr'>arbitrantur.</span> <span class='ocrx_word' id='word_1_315' title='bbox 845 3445 907 3508; x_wconf 86' lang='lat' dir='ltr'>Nec</span> <span class='ocrx_word' id='word_1_316' title='bbox 927 3446 1017 3518; x_wconf 88' lang='lat' dir='ltr'>enim,</span> <span class='ocrx_word' id='word_1_317' title='bbox 1040 3451 1075 3505; x_wconf 90' lang='lat' dir='ltr'>ut</span> <span class='ocrx_word' id='word_1_318' title='bbox 1097 3444 1184 3506; x_wconf 90' lang='lat' dir='ltr'>etiam</span> <span class='ocrx_word' id='word_1_319' title='bbox 1200 3462 1235 3505; x_wconf 88' lang='grc' dir='ltr'>ιι</span> <span class='ocrx_word' id='word_1_320' title='bbox 1250 3444 1339 3507; x_wconf 78' lang='lat' dir='ltr'>allato</span> 
     </span>
     <span class='ocr_line' id='line_1_32' title="bbox 109 3544 1339 3628; baseline -0.004 -17"><span class='ocrx_word' id='word_1_321' title='bbox 109 3548 246 3628; x_wconf 75' lang='lat' dir='ltr'>exemplo</span> <span class='ocrx_word' id='word_1_322' title='bbox 270 3556 402 3619; x_wconf 86' lang='lat' dir='ltr'>constat,</span> <span class='ocrx_word' id='word_1_323' title='bbox 427 3547 482 3608; x_wconf 88' lang='lat' dir='ltr'>tria</span> <span class='ocrx_word' id='word_1_324' title='bbox 503 3546 648 3626; x_wconf 89' lang='lat' dir='ltr'>principia</span> <span class='ocrx_word' id='word_1_325' title='bbox 670 3546 715 3608; x_wconf 80' lang='lat' dir='ltr'>rel</span> <span class='ocrx_word' id='word_1_326' title='bbox 737 3554 799 3609; x_wconf 89' lang='lat' dir='ltr'>tres</span> <span class='ocrx_word' id='word_1_327' title='bbox 821 3556 923 3625; x_wconf 83' lang='lat' dir='ltr'>patres</span> <span class='ocrx_word' id='word_1_328' title='bbox 945 3544 1124 3617; x_wconf 88' lang='lat' dir='ltr'>inducimus,</span> <span class='ocrx_word' id='word_1_329' title='bbox 1147 3545 1189 3606; x_wconf 87' lang='lat' dir='ltr'>uti</span> <span class='ocrx_word' id='word_1_330' title='bbox 1212 3545 1339 3607; x_wconf 86' lang='lat' dir='ltr'>llarcio·</span> 
     </span>
    </p>
   </div>
   <div class='ocr_carea' id='block_1_4' title="bbox 103 3707 1341 4414">
    <p class='ocr_par' dir='ltr' id='par_1_7' title="bbox 103 3707 1341 4414">
     <span class='ocr_line' id='line_1_33' title="bbox 110 3707 1339 3797; baseline -0.004 -17"><span class='ocrx_word' id='word_1_331' title='bbox 110 3736 131 3783; x_wconf 88' lang='lat' dir='ltr'>l.</span> <span class='ocrx_word' id='word_1_332' title='bbox 152 3731 201 3780; x_wconf 75' lang='grc' dir='ltr'>τοῦ</span> <span class='ocrx_word' id='word_1_333' title='bbox 220 3724 326 3797; x_wconf 74' lang='grc' dir='ltr'><em>πατρός</em></span> <span class='ocrx_word' id='word_1_334' title='bbox 341 3707 391 3779; x_wconf 71' lang='lat' dir='ltr'>ooo</span> <span class='ocrx_word' id='word_1_335' title='bbox 405 3723 534 3796; x_wconf 72' lang='grc' dir='ltr'>Ἀβραὰμ,</span> <span class='ocrx_word' id='word_1_336' title='bbox 551 3721 641 3778; x_wconf 81' lang='grc' dir='ltr'>Ἰσαὰκ</span> <span class='ocrx_word' id='word_1_337' title='bbox 654 3726 699 3779; x_wconf 72' lang='grc' dir='ltr'>καὶ</span> <span class='ocrx_word' id='word_1_338' title='bbox 750 3721 765 3788; x_wconf 78' lang='grc' dir='ltr'><em>ἧ</em></span> <span class='ocrx_word' id='word_1_339' title='bbox 785 3720 869 3783; x_wconf 79' lang='grc' dir='ltr'><strong><em>δόσις.</em></strong></span> <span class='ocrx_word' id='word_1_340' title='bbox 906 3730 996 3779; x_wconf 86' lang='lat' dir='ltr'>lbldem</span> <span class='ocrx_word' id='word_1_341' title='bbox 1015 3728 1088 3778; x_wconf 85' lang='lat' dir='ltr'>editio</span> <span class='ocrx_word' id='word_1_342' title='bbox 1099 3730 1217 3779; x_wconf 85' lang='lat' dir='ltr'>Commel.</span> <span class='ocrx_word' id='word_1_343' title='bbox 1228 3722 1273 3777; x_wconf 75' lang='grc' dir='ltr'>καὶ</span> <span class='ocrx_word' id='word_1_344' title='bbox 1291 3722 1339 3776; x_wconf 74' lang='grc' dir='ltr'>ἓω-</span> 
     </span>
     <span class='ocr_line' id='line_1_34' title="bbox 103 3787 1260 3864; baseline -0.006 -15"><span class='ocrx_word' id='word_1_345' title='bbox 103 3793 211 3862; x_wconf 70' lang='grc' dir='ltr'><strong><em>ἰαιιόβ.</em></strong></span> <span class='ocrx_word' id='word_1_346' title='bbox 231 3792 285 3847; x_wconf 74' lang='grc' dir='ltr'>ἀλλ’</span> <span class='ocrx_word' id='word_1_347' title='bbox 297 3791 345 3847; x_wconf 78' lang='lat' dir='ltr'>ode</span> <span class='ocrx_word' id='word_1_348' title='bbox 355 3787 390 3859; x_wconf 76' lang='grc' dir='ltr'>ἦν</span> <span class='ocrx_word' id='word_1_349' title='bbox 401 3792 589 3864; x_wconf 72' lang='grc' dir='ltr'>ἄγγελοςθεὸς</span> <span class='ocrx_word' id='word_1_350' title='bbox 600 3792 698 3849; x_wconf 74' lang='grc' dir='ltr'><em>αὐτῶν,</em></span> <span class='ocrx_word' id='word_1_351' title='bbox 750 3791 847 3861; x_wconf 70' lang='grc' dir='ltr'><strong><em>ριιιιόι.</em></strong></span> <span class='ocrx_word' id='word_1_352' title='bbox 882 3797 938 3847; x_wconf 78' lang='lat' dir='ltr'>llas.</span> <span class='ocrx_word' id='word_1_353' title='bbox 957 3810 1013 3847; x_wconf 81' lang='lat' dir='ltr'>raro</span> <span class='ocrx_word' id='word_1_354' title='bbox 1029 3789 1076 3844; x_wconf 80' lang='lat' dir='ltr'>arei</span> <span class='ocrx_word' id='word_1_355' title='bbox 1093 3788 1107 3842; x_wconf 85' lang='lat' dir='ltr'>d</span> <span class='ocrx_word' id='word_1_356' title='bbox 1125 3789 1260 3862; x_wconf 67' lang='grc' dir='ltr'>ἑωρακώς.</span> 
     </span>
     <span class='ocr_line' id='line_1_35' title="bbox 106 3855 1338 3985; baseline -0.007 -65"><span class='ocrx_word' id='word_1_357' title='bbox 106 3883 169 3985; x_wconf 44' lang='lat' dir='ltr'>&amp;gi</span> <span class='ocrx_word' id='word_1_358' title='bbox 183 3869 226 3946; x_wconf 67' lang='lat' dir='ltr'>Sip</span> <span class='ocrx_word' id='word_1_359' title='bbox 245 3883 303 3984; x_wconf 57' lang='grc' dir='ltr'>Ἥ</span> <span class='ocrx_word' id='word_1_360' title='bbox 339 3874 367 3917; x_wconf 85' lang='lat' dir='ltr'>At</span> <span class='ocrx_word' id='word_1_361' title='bbox 384 3869 457 3918; x_wconf 78' lang='lat' dir='ltr'>erlino</span> <span class='ocrx_word' id='word_1_362' title='bbox 476 3868 594 3917; x_wconf 87' lang='lat' dir='ltr'>Commel.</span> <span class='ocrx_word' id='word_1_363' title='bbox 612 3857 700 3918; x_wconf 73' lang='grc' dir='ltr'><em>οὕτως</em></span> <span class='ocrx_word' id='word_1_364' title='bbox 770 3865 808 3980; x_wconf 80' lang='grc' dir='ltr'>ΙΙι.</span> <span class='ocrx_word' id='word_1_365' title='bbox 825 3864 892 3980; x_wconf 56' lang='lat' dir='ltr'>md</span> <span class='ocrx_word' id='word_1_366' title='bbox 904 3865 927 3913; x_wconf 87' lang='lat' dir='ltr'>l.</span> <span class='ocrx_word' id='word_1_367' title='bbox 945 3873 969 3913; x_wconf 87' lang='lat' dir='ltr'>et</span> <span class='ocrx_word' id='word_1_368' title='bbox 983 3866 1087 3943; x_wconf 64' lang='lat' dir='ltr'>§agnen</span> <span class='ocrx_word' id='word_1_369' title='bbox 1107 3855 1175 3918; x_wconf 79' lang='grc' dir='ltr'><strong><em>ὅλως</em></strong></span> <span class='ocrx_word' id='word_1_370' title='bbox 1192 3857 1255 3911; x_wconf 76' lang='grc' dir='ltr'><strong><em>τινὰ</em></strong></span> <span class='ocrx_word' id='word_1_371' title='bbox 1273 3861 1338 3911; x_wconf 69' lang='grc' dir='ltr'>τόν.</span> 
     </span>
     <span class='ocr_line' id='line_1_36' title="bbox 105 3935 1337 4066; baseline -0.006 -15"><span class='ocrx_word' id='word_1_372' title='bbox 105 3948 262 4064; x_wconf 55' lang='lat' dir='ltr'>sog-we</span> <span class='ocrx_word' id='word_1_373' title='bbox 282 3935 529 4066; x_wconf 36' lang='lat' dir='ltr'>dxlidduddtlebdn</span> <span class='ocrx_word' id='word_1_374' title='bbox 550 3935 608 3996; x_wconf 57' lang='lat' dir='ltr'><strong><em>m</em></strong></span> <span class='ocrx_word' id='word_1_375' title='bbox 629 3935 650 3983; x_wconf 45' lang='grc' dir='ltr'>ι·</span> <span class='ocrx_word' id='word_1_376' title='bbox 675 3943 699 3983; x_wconf 52' lang='grc' dir='ltr'>οι</span> <span class='ocrx_word' id='word_1_377' title='bbox 750 3935 801 4049; x_wconf 55' lang='lat' dir='ltr'>Ab.</span> <span class='ocrx_word' id='word_1_378' title='bbox 813 3939 943 4060; x_wconf 46' lang='lat' dir='ltr'>eStieeldle&#39;g.¹</span> <span class='ocrx_word' id='word_1_379' title='bbox 946 3940 1202 4061; x_wconf 44' lang='lat' dir='ltr'>qqospgreqpngqhm</span> <span class='ocrx_word' id='word_1_380' title='bbox 1220 4005 1244 4047; x_wconf 83' lang='lat' dir='ltr'>et</span> <span class='ocrx_word' id='word_1_381' title='bbox 1252 3997 1337 4046; x_wconf 81' lang='lat' dir='ltr'>Felclc·</span> 
     </span>
     <span class='ocr_line' id='line_1_37' title="bbox 141 4056 1339 4141; baseline -0.008 -22"><span class='ocrx_word' id='word_1_382' title='bbox 141 4071 166 4119; x_wconf 79' lang='grc' dir='ltr'>ιι.</span> <span class='ocrx_word' id='word_1_383' title='bbox 185 4067 236 4117; x_wconf 81' lang='grc' dir='ltr'>τοῦ</span> <span class='ocrx_word' id='word_1_384' title='bbox 251 4062 358 4141; x_wconf 71' lang='lat' dir='ltr'>neqpo&#39;s</span> <span class='ocrx_word' id='word_1_385' title='bbox 375 4068 569 4119; x_wconf 71' lang='lat' dir='ltr'>amorreobter.</span> <span class='ocrx_word' id='word_1_386' title='bbox 581 4067 699 4117; x_wconf 83' lang='lat' dir='ltr'>etFalck·</span> <span class='ocrx_word' id='word_1_387' title='bbox 751 4066 832 4115; x_wconf 83' lang='lat' dir='ltr'>manni</span> <span class='ocrx_word' id='word_1_388' title='bbox 854 4066 875 4115; x_wconf 91' lang='grc' dir='ltr'>Ι.</span> <span class='ocrx_word' id='word_1_389' title='bbox 908 4067 938 4116; x_wconf 84' lang='lat' dir='ltr'>At</span> <span class='ocrx_word' id='word_1_390' title='bbox 961 4067 1035 4115; x_wconf 82' lang='lat' dir='ltr'>ceteri</span> <span class='ocrx_word' id='word_1_391' title='bbox 1059 4074 1083 4115; x_wconf 88' lang='lat' dir='ltr'>at</span> <span class='ocrx_word' id='word_1_392' title='bbox 1107 4065 1164 4115; x_wconf 82' lang='lat' dir='ltr'>editi</span> <span class='ocrx_word' id='word_1_393' title='bbox 1182 4056 1220 4117; x_wconf 78' lang='lat' dir='ltr'>oie</span> <span class='ocrx_word' id='word_1_394' title='bbox 1236 4058 1282 4111; x_wconf 76' lang='lat' dir='ltr'>nol</span> <span class='ocrx_word' id='word_1_395' title='bbox 1299 4060 1339 4126; x_wconf 64' lang='grc' dir='ltr'>τᾷ</span> 
     </span>
     <span class='ocr_line' id='line_1_38' title="bbox 106 4124 1337 4202; baseline -0.007 -15"><span class='ocrx_word' id='word_1_396' title='bbox 106 4139 191 4187; x_wconf 74' lang='lat' dir='ltr'>mour</span> <span class='ocrx_word' id='word_1_397' title='bbox 204 4138 226 4187; x_wconf 86' lang='lat' dir='ltr'>l.</span> <span class='ocrx_word' id='word_1_398' title='bbox 243 4136 285 4202; x_wconf 85' lang='lat' dir='ltr'>qni</span> <span class='ocrx_word' id='word_1_399' title='bbox 295 4132 360 4187; x_wconf 83' lang='lat' dir='ltr'>&#39;&#39;mox</span> <span class='ocrx_word' id='word_1_400' title='bbox 376 4137 449 4187; x_wconf 84' lang='lat' dir='ltr'>iidem</span> <span class='ocrx_word' id='word_1_401' title='bbox 468 4137 581 4185; x_wconf 77' lang='lat' dir='ltr'>omittant</span> <span class='ocrx_word' id='word_1_402' title='bbox 598 4125 699 4193; x_wconf 63' lang='lat' dir='ltr'>risori-</span> <span class='ocrx_word' id='word_1_403' title='bbox 751 4124 950 4198; x_wconf 74' lang='grc' dir='ltr'><strong><em>ἄιιαιιγάσματι</em></strong></span> <span class='ocrx_word' id='word_1_404' title='bbox 966 4124 981 4180; x_wconf 73' lang='grc' dir='ltr'><strong>ὅ</strong></span> <span class='ocrx_word' id='word_1_405' title='bbox 998 4145 1050 4181; x_wconf 72' lang='grc' dir='ltr'>κατ</span> <span class='ocrx_word' id='word_1_406' title='bbox 1105 4126 1242 4197; x_wconf 67' lang='grc' dir='ltr'><strong><em>«ξάμενος.</em></strong></span> <span class='ocrx_word' id='word_1_407' title='bbox 1266 4130 1337 4181; x_wconf 84' lang='lat' dir='ltr'>Gobl.</span> 
     </span>
     <span class='ocr_line' id='line_1_39' title="bbox 103 4189 1281 4271; baseline -0.005 -19"><span class='ocrx_word' id='word_1_408' title='bbox 103 4198 171 4257; x_wconf 75' lang='grc' dir='ltr'><strong><em>σιάι·</em></strong></span> <span class='ocrx_word' id='word_1_409' title='bbox 193 4202 244 4253; x_wconf 74' lang='grc' dir='ltr'>τοῦ</span> <span class='ocrx_word' id='word_1_410' title='bbox 264 4195 378 4271; x_wconf 72' lang='grc' dir='ltr'><em>πατρός.</em></span> <span class='ocrx_word' id='word_1_411' title='bbox 413 4204 439 4253; x_wconf 87' lang='lat' dir='ltr'>lo</span> <span class='ocrx_word' id='word_1_412' title='bbox 457 4204 515 4263; x_wconf 84' lang='lat' dir='ltr'>llcg.</span> <span class='ocrx_word' id='word_1_413' title='bbox 536 4204 558 4251; x_wconf 94' lang='lat' dir='ltr'>l.</span> <span class='ocrx_word' id='word_1_414' title='bbox 577 4210 700 4251; x_wconf 82' lang='lat' dir='ltr'>autemst</span> <span class='ocrx_word' id='word_1_415' title='bbox 751 4208 775 4251; x_wconf 86' lang='lat' dir='ltr'>et</span> <span class='ocrx_word' id='word_1_416' title='bbox 794 4201 899 4251; x_wconf 82' lang='lat' dir='ltr'>l&#39;elclm.</span> <span class='ocrx_word' id='word_1_417' title='bbox 918 4201 941 4250; x_wconf 89' lang='lat' dir='ltr'>i.</span> <span class='ocrx_word' id='word_1_418' title='bbox 960 4201 1083 4251; x_wconf 83' lang='lat' dir='ltr'>ibidamo</span> <span class='ocrx_word' id='word_1_419' title='bbox 1111 4210 1142 4248; x_wconf 78' lang='grc' dir='ltr'>ιν</span> <span class='ocrx_word' id='word_1_420' title='bbox 1159 4189 1281 4246; x_wconf 61' lang='lat' dir='ltr'>dreini.</span> 
     </span>
     <span class='ocr_line' id='line_1_40' title="bbox 103 4261 1341 4336; baseline -0.008 -13"><span class='ocrx_word' id='word_1_421' title='bbox 103 4274 210 4333; x_wconf 67' lang='lat' dir='ltr'>Smer.</span> <span class='ocrx_word' id='word_1_422' title='bbox 229 4272 298 4322; x_wconf 81' lang='lat' dir='ltr'>deest</span> <span class='ocrx_word' id='word_1_423' title='bbox 316 4279 407 4320; x_wconf 86' lang='lat' dir='ltr'>tanturn</span> <span class='ocrx_word' id='word_1_424' title='bbox 427 4268 476 4317; x_wconf 81' lang='grc' dir='ltr'>ιιῦ</span> <span class='ocrx_word' id='word_1_425' title='bbox 493 4261 606 4336; x_wconf 78' lang='grc' dir='ltr'><em>πατρός.</em></span> <span class='ocrx_word' id='word_1_426' title='bbox 786 4281 818 4317; x_wconf 89' lang='lat' dir='ltr'>m.</span> <span class='ocrx_word' id='word_1_427' title='bbox 836 4268 942 4331; x_wconf 80' lang='lat' dir='ltr'>Siclieg.</span> <span class='ocrx_word' id='word_1_428' title='bbox 954 4269 976 4317; x_wconf 90' lang='lat' dir='ltr'>l.</span> <span class='ocrx_word' id='word_1_429' title='bbox 996 4276 1020 4317; x_wconf 86' lang='lat' dir='ltr'>et</span> <span class='ocrx_word' id='word_1_430' title='bbox 1037 4267 1177 4330; x_wconf 79' lang='lat' dir='ltr'>Saguerirn.</span> <span class='ocrx_word' id='word_1_431' title='bbox 1212 4267 1240 4315; x_wconf 86' lang='lat' dir='ltr'>lt</span> <span class='ocrx_word' id='word_1_432' title='bbox 1257 4264 1298 4313; x_wconf 82' lang='lat' dir='ltr'>elii</span> <span class='ocrx_word' id='word_1_433' title='bbox 1316 4272 1341 4314; x_wconf 87' lang='lat' dir='ltr'>et</span> 
     </span>
     <span class='ocr_line' id='line_1_41' title="bbox 140 4323 1341 4414; baseline -0.003 -26"><span class='ocrx_word' id='word_1_434' title='bbox 140 4341 157 4388; x_wconf 86' lang='lat' dir='ltr'>i.</span> <span class='ocrx_word' id='word_1_435' title='bbox 183 4337 283 4391; x_wconf 72' lang='lat' dir='ltr'>sotter.</span> <span class='ocrx_word' id='word_1_436' title='bbox 307 4346 331 4388; x_wconf 82' lang='lat' dir='ltr'>at</span> <span class='ocrx_word' id='word_1_437' title='bbox 356 4338 460 4387; x_wconf 81' lang='lat' dir='ltr'>Felebm.</span> <span class='ocrx_word' id='word_1_438' title='bbox 481 4338 502 4385; x_wconf 90' lang='lat' dir='ltr'>i.</span> <span class='ocrx_word' id='word_1_439' title='bbox 528 4330 574 4384; x_wconf 77' lang='lat' dir='ltr'>nol</span> <span class='ocrx_word' id='word_1_440' title='bbox 596 4334 650 4401; x_wconf 75' lang='grc' dir='ltr'>μιᾷ</span> <span class='ocrx_word' id='word_1_441' title='bbox 666 4332 700 4402; x_wconf 74' lang='grc' dir='ltr'>τῇ</span> <span class='ocrx_word' id='word_1_442' title='bbox 752 4334 808 4385; x_wconf 84' lang='lat' dir='ltr'>editi</span> <span class='ocrx_word' id='word_1_443' title='bbox 827 4333 942 4383; x_wconf 75' lang='grc' dir='ltr'><strong><em>τοιαῦτα</em></strong></span> <span class='ocrx_word' id='word_1_444' title='bbox 951 4328 1163 4414; x_wconf 69' lang='lat' dir='ltr'>nqpcdqupore</span> <span class='ocrx_word' id='word_1_445' title='bbox 1171 4325 1284 4382; x_wconf 77' lang='grc' dir='ltr'>ἔδωκεν·</span> <span class='ocrx_word' id='word_1_446' title='bbox 1303 4323 1341 4384; x_wconf 74' lang='lat' dir='ltr'>alt</span> 
     </span>
    </p>
   </div>
   <div class='ocr_carea' id='block_1_5' title="bbox 101 4395 1339 4538">
    <p class='ocr_par' dir='ltr' id='par_1_8' title="bbox 101 4395 1339 4538">
     <span class='ocr_line' id='line_1_42' title="bbox 102 4395 1339 4523; baseline -0.006 -68"><span class='ocrx_word' id='word_1_447' title='bbox 102 4400 285 4523; x_wconf 59' lang='lat' dir='ltr'>deplueqpa&#39;g</span> <span class='ocrx_word' id='word_1_448' title='bbox 321 4405 414 4480; x_wconf 76' lang='lat' dir='ltr'>lbidem</span> <span class='ocrx_word' id='word_1_449' title='bbox 439 4405 496 4463; x_wconf 82' lang='lat' dir='ltr'>llcg.</span> <span class='ocrx_word' id='word_1_450' title='bbox 517 4404 539 4452; x_wconf 90' lang='lat'>1.</span> <span class='ocrx_word' id='word_1_451' title='bbox 559 4404 700 4521; x_wconf 47' lang='lat' dir='ltr'>et&#39;Seqrner.</span> <span class='ocrx_word' id='word_1_452' title='bbox 751 4395 798 4451; x_wconf 75' lang='grc' dir='ltr'>καὶ</span> <span class='ocrx_word' id='word_1_453' title='bbox 814 4395 844 4452; x_wconf 77' lang='grc' dir='ltr'>ἒν</span> <span class='ocrx_word' id='word_1_454' title='bbox 863 4403 920 4456; x_wconf 76' lang='grc' dir='ltr'>τοῖς</span> <span class='ocrx_word' id='word_1_455' title='bbox 935 4416 991 4484; x_wconf 76' lang='lat' dir='ltr'>uqa</span> <span class='ocrx_word' id='word_1_456' title='bbox 1009 4414 1122 4450; x_wconf 79' lang='grc' dir='ltr'><em>τουτων.</em></span> <span class='ocrx_word' id='word_1_457' title='bbox 1151 4401 1209 4464; x_wconf 83' lang='lat' dir='ltr'><strong>lleg.</strong></span> <span class='ocrx_word' id='word_1_458' title='bbox 1227 4399 1252 4450; x_wconf 75' lang='lat'>2</span> <span class='ocrx_word' id='word_1_459' title='bbox 1270 4413 1339 4449; x_wconf 87' lang='lat' dir='ltr'><strong>men-</strong></span> 
     </span>
     <span class='ocr_line' id='line_1_43' title="bbox 101 4464 1039 4538; baseline -0.006 -15"><span class='ocrx_word' id='word_1_460' title='bbox 101 4464 190 4523; x_wconf 77' lang='lat' dir='ltr'>mc‘i</span> <span class='ocrx_word' id='word_1_461' title='bbox 225 4464 427 4529; x_wconf 58' lang='lat' dir='ltr'>montone,</span> <span class='ocrx_word' id='word_1_462' title='bbox 444 4468 495 4521; x_wconf 78' lang='grc' dir='ltr'>τοῦ</span> <span class='ocrx_word' id='word_1_463' title='bbox 511 4483 618 4538; x_wconf 71' lang='lat' dir='ltr'>nospes</span> <span class='ocrx_word' id='word_1_464' title='bbox 639 4482 703 4520; x_wconf 73' lang='grc' dir='ltr'><strong><em>στιν</em></strong></span> <span class='ocrx_word' id='word_1_465' title='bbox 753 4472 814 4522; x_wconf 81' lang='lat' dir='ltr'>doce</span> <span class='ocrx_word' id='word_1_466' title='bbox 831 4465 908 4538; x_wconf 76' lang='grc' dir='ltr'>παρὰ</span> <span class='ocrx_word' id='word_1_467' title='bbox 925 4482 1039 4520; x_wconf 80' lang='grc' dir='ltr'><em>τουτων.</em></span> 
     </span>
    </p>
   </div>
   <div class='ocr_carea' id='block_1_6' title="bbox 0 0 1478 5092">
    <p class='ocr_par' dir='ltr' id='par_1_9' title="bbox 0 0 1478 5092">
     <span class='ocr_line' id='line_1_44' title="bbox 0 0 1478 5092; baseline 0 1"><span class='ocrx_word' id='word_1_468' title='bbox 0 0 1478 5092; x_wconf 95' lang='lat' dir='ltr'> </span> 
     </span>
    </p>
   </div>
  </div>
 </body>
</html>
