2948 5092
466 238 664 285 ermannus
680 239 846 285 senrsnru
858 239 1000 291 mensu.
1287 231 1346 295 tlt)

127 410 174 470 qne
193 390 252 452 hac
272 389 307 452 in
327 397 414 470 parte
436 389 631 452 aemnlatores
654 398 733 464 suot,
755 410 772 453 a
793 391 900 471 quibus
922 392 1010 455 etiam
1026 392 1176 456 Christum
1199 395 1345 476 abnegare
1353 411 1432 457 aas.

124 493 298 557 didicerunt.
341 491 389 555 llli
410 490 568 571 siquidem,
590 499 747 571 postquam
768 500 827 555 tam
849 493 940 556 multa
961 503 1099 575 tantaque
1112 495 1257 560 Dominus
1279 497 1344 560 edi-

124 594 201 656 derat
230 610 341 674 opera,
369 591 478 672 quibus
505 591 603 672 palam
623 593 747 666 laceret,
777 612 811 655 se
834 593 983 657 Christum
1006 615 1074 658 esse
1095 595 1201 660 Filium
1222 599 1276 664 llei
1298 600 1345 661 vi-

120 694 231 768 rentis,
259 711 329 757 cum
357 692 396 754 ab
418 711 455 754 eo
476 693 603 755 convicti
624 693 721 756 omnia
743 695 884 776 deinceps
906 696 1062 758 adversum
1083 696 1250 777 Scripturas
1273 719 1345 763 sen·

122 796 209 857 drent
229 794 442 874 dicerentque,
464 812 521 858 nec
542 794 672 856 valerent
692 804 881 874 arguments,
904 796 1012 876 quibus
1035 798 1277 875 confutabuntur,
1299 800 1347 863 vel

119 896 273 978 paulisper
294 896 428 971 obtueri,
458 897 494 958 ad
515 895 714 958 Patriarcham
742 898 939 977 confugerunt
960 899 1108 962 dicentes:
1138 900 1202 963 Nos
1226 912 1347 981 petrem

120 999 262 1061 lehem
285 997 454 1070 Abrohom,
480 997 537 1059 rati
565 1016 599 1060 se
626 997 667 1059 ita
692 1015 785 1076 posse
806 998 958 1061 stultitiam
982 1000 1127 1062 occultare
1150 1019 1244 1062 suam.
1287 1000 1348 1064 Sed

119 1119 172 1162 nec
192 1099 255 1164 illis
277 1099 440 1180 quidquam
461 1099 609 1161 eiusmodi
631 1098 721 1160 cerba
742 1100 897 1179 proluere,
920 1117 1017 1179 neque
1039 1101 1070 1163 hi
1092 1101 1266 1180 Dionysium
1288 1119 1345 1163 no-

119 1202 260 1264 minando
289 1199 425 1263 eiusdem
451 1199 583 1262 criminis
609 1209 712 1262 notam
733 1201 862 1281 effugere
883 1201 1030 1263 valebunt
1073 1202 1147 1265 Nam
1169 1211 1199 1263 et
1220 1202 1288 1265 illos
1311 1222 1348 1264 ex

119 1302 190 1382 ipsis
221 1301 290 1364 suis
319 1300 482 1364 sceleribus
506 1302 638 1380 coarguit
658 1301 802 1364 Dominus
825 1303 872 1364 his
894 1303 1008 1364 verbis:
1031 1302 1096 1366 Hoc
1117 1305 1271 1366 Abrohom
1284 1323 1348 1367 aon

119 1406 206 1484 seda,
242 1411 274 1465 et
307 1403 365 1464 hos
398 1420 519 1464 rursum
546 1401 705 1482 impietatis
732 1403 935 1484 mendaciique
964 1405 1030 1484 ipsa
1056 1405 1164 1467 veritas
1193 1405 1349 1467 convincet

120 1504 336 1584 ostendatque,
364 1503 539 1584 Dionysium
567 1504 742 1584 episcopum
778 1522 832 1569 nec
862 1506 965 1567 eadem
993 1524 1069 1585 quae
1094 1506 1182 1568 briars
1213 1506 1348 1568 sensisse

122 1625 176 1668 nec
195 1607 357 1690 ignoraspe
379 1605 544 1667 veritatem.
588 1604 646 1668 Sed
675 1624 742 1669 cum
759 1607 874 1688 ¹antiqui
896 1606 937 1668 illi
960 1617 1023 1669 tum
1044 1606 1115 1669 nori
1136 1607 1187 1669 isti
1208 1606 1309 1669 ludaei
1331 1621 1373 1669 a·

119 1717 202 1788 patre
224 1725 283 1769 sno
306 1704 426 1767 diabolo
448 1706 620 1768 huiusmodi
643 1706 674 1768 in
689 1706 840 1769 Christum
861 1709 992 1771 lusorem
1013 1707 1176 1770 hereditate
1197 1727 1347 1789 accepere.

119 1808 215 1890 llapni
244 1816 326 1870 certe
352 1807 517 1886 argumenti
545 1816 608 1882 est,
637 1808 668 1869 in
689 1808 748 1869 hoc
769 1808 835 1870 illos
858 1828 928 1871 vere
949 1827 1010 1870 non
1032 1808 1145 1883 dicere,
1176 1809 1230 1871 sed
1251 1809 1349 1872 virtum

120 1908 308 1982 calumniari,
338 1908 419 1988 quod
439 1927 496 1970 nec
516 1909 565 1971 ille
587 1927 717 1987 uuquam
738 1910 775 1971 ab
797 1909 862 1971 aliis
883 1909 1041 1990 Episcopis
1064 1910 1267 1991 deprehensae
1288 1910 1347 1972 im-

120 2011 238 2091 pietatis
268 2010 427 2072 damnatus
448 2007 630 2090 Episcopatu
656 2010 761 2089 pulsus
789 2011 846 2085 sit,
874 2019 908 2073 ut
934 2011 976 2073 illi
1005 2030 1021 2071 e
1044 2010 1129 2073 Clero
1158 2010 1244 2072 eiecti
1267 2018 1347 2085 sunt,

120 2130 216 2192 usqne
237 2110 376 2174 haeresis
397 2112 629 2190 propugnandae
651 2130 740 2174 causa
761 2112 921 2174 secesserit
941 2111 978 2174 ab
999 2111 1148 2186 Ecclesia,
1170 2112 1224 2174 sed
1245 2111 1277 2173 in
1300 2111 1349 2173 illa

121 2213 168 2293 pie
188 2211 405 2286 obdormierit,
429 2212 553 2292 eiusque
574 2213 718 2275 memoria
739 2212 881 2275 hactenus
904 2231 972 2275 curn
993 2212 1129 2274 Patribus
1151 2211 1295 2275 celebrata
1319 2220 1350 2275 et

121 2333 176 2376 una
204 2315 236 2376 in
264 2313 366 2376 album
393 2312 485 2375 relata
513 2318 562 2375 sit
608 2314 640 2375 Si
669 2314 748 2376 enim
770 2315 873 2376 eadem
894 2333 969 2395 qnae
991 2314 1033 2375 illi
1056 2314 1219 2388 sensisset,
1249 2322 1301 2375 aut
1321 2312 1348 2375 si

122 2417 300 2495 scriptorum
330 2432 455 2477 suorum
475 2414 621 2476 rationem
643 2433 705 2476 non
727 2415 923 2490 reddidisset,
955 2415 1077 2477 minime
1105 2414 1243 2487 dubium,
1277 2413 1348 2494 quio

123 2518 220 2579 eadem
241 2517 355 2578 luisset
377 2535 432 2595 qua
454 2515 496 2578 illi
517 2534 615 2596 poena
637 2516 821 2595 plectendus.

201 2927 234 2986 4.
279 2901 318 2981 Et
339 2921 413 2982 haec
434 2919 553 3001 quidem
576 2918 648 2980 satis
671 2927 755 2981 erant
776 2920 812 2980 ad
836 2920 980 2998 integram
1001 2935 1147 2978 novorum
1170 2916 1348 2978 ludaeorum
1433 2956 1442 2963 -

124 3022 364 3096 confutationem,
388 3020 610 3102 quibominum
632 3020 788 3099 abnegant,
810 3019 915 3081 Patres
938 3018 1162 3092 calumniantur,
1185 3008 1348 3097 omnesque

125 3123 307 3185 Christianos
338 3124 474 3202 decipere
503 3129 658 3184 conantur.
703 3121 841 3183 Ceterum
864 3119 930 3200 quia
953 3120 1127 3182 occasiones
1150 3117 1347 3180 calumniandi

123 3223 262 3306 Episcopi
291 3243 328 3286 ex
355 3224 531 3304 quibusdam
560 3223 624 3284 eins
647 3221 790 3303 epistolae
812 3219 947 3301 partibus
971 3239 1004 3281 se
1027 3219 1136 3281 habere
1159 3218 1348 3291 arbitrantur,

124 3345 173 3405 age
194 3335 225 3388 et
246 3326 313 3388 illes
335 3325 546 3405 inspiciamus,
576 3335 607 3385 ut
630 3323 698 3385 inde
721 3341 825 3384 eornm
847 3320 1065 3400 vaniloquentia
1086 3327 1348 3391 commonstretur,

124 3437 210 3506 utque
237 3427 286 3488 vel
309 3445 378 3488 sero
402 3426 520 3487 tandem
541 3423 764 3505 blasphemandi
786 3421 946 3483 Dominum
968 3422 1056 3483 finem
1078 3421 1201 3493 saciant,
1231 3427 1347 3481 etcum

123 3529 264 3590 militibus
287 3527 393 3589 saltem
415 3533 574 3605 conspecto
598 3533 799 3586 creaturarum
822 3521 993 3585 testimonio
1009 3513 1165 3595 fateantur,
1188 3538 1256 3580 vare
1271 3518 1350 3581 bunc

123 3648 189 3691 esse
210 3629 319 3690 Filium
347 3628 398 3689 llei
433 3635 463 3688 et
495 3645 556 3688 non
589 3633 765 3687 creaturam.
809 3623 898 3684 Aiunt
932 3622 1021 3701 igitur
1053 3621 1156 3682 beatae
1188 3619 1349 3681 memoriae

121 3774 235 3831 ἑαυτῶν.
271 3781 336 3832 Editi
360 3787 384 3830 et
402 3779 435 3829 lle
453 3815 459 3827 .
478 3769 593 3842 ἀλογίαν
611 3769 711 3828 αὐτῶν.
763 3768 820 3826 τόν.
855 3775 907 3825 llos
925 3774 995 3825 Colb.
1020 3764 1065 3822 ὅτε
1104 3765 1157 3832 ἤτε.
1194 3772 1251 3821 Post
1268 3782 1349 3817 κατα-

123 3849 174 3899 llor
191 3848 263 3899 Colb.
282 3856 307 3897 et
324 3848 364 3896 l'r.
377 3847 394 3896 l.
440 3858 537 3910 yeme
555 3837 658 3926 ᾔνυσάν
676 3858 711 3894 τι.
762 3843 902 3924 γνιιισθείςἶ
917 3843 977 3892 haec
989 3832 1127 3904 ἆπερληθη
1142 3837 1190 3899 τῆς
1203 3831 1350 3897 ἐπισκοπῆς

124 3916 214 3966 lbidem
238 3915 312 3965 Tnnr.
337 3914 445 3965 Colhert.
463 3914 512 3963 les.
538 3926 600 3961 onas
624 3904 711 3973 αὐτοί,
763 3903 850 3978 ὥςπερ
869 3921 947 3957 ουτοι
963 3907 1013 3956 τοῦ
1029 3901 1138 3974 κλήρου,
1159 3922 1220 3972 quae
1239 3908 1262 3956 in
1279 3906 1350 3955 editis

123 3984 226 4034 Felehm.
248 3997 305 4032 vcro
324 3981 348 4032 ³.
367 3996 439 4031 anon.
458 3972 521 4028 οὔτε
539 3972 567 4028 oi
583 3978 633 4027 νῦν
647 3971 712 4029 Ἰου-
763 3981 878 4036 deerant,
908 3979 932 4027 in
958 3977 1013 4038 [leg.
1039 3977 1136 4026 Tauria.
1161 3974 1229 4024 Colb.
1257 3975 1301 4022 los.
1327 3980 1352 4022 et

123 4045 197 4098 deinc
218 4043 368 4098 Διονύσιον
392 4039 574 4114 ὀνομάζοντες
599 4041 713 4114 φεύγειν
764 4048 832 4097 Fal.
853 4045 984 4095 habentor:
1009 4045 1051 4093 sed
1080 4045 1104 4092 in
1123 4044 1169 4092 boe
1187 4041 1271 4090 ultimo
1289 4031 1351 4088 tue

124 4115 172 4178 τῆν
189 4127 236 4169 ete.
763 4106 850 4178 ῥλῆθν,
870 4112 986 4163 mendose
1006 4112 1101 4174 legitur.
1137 4109 1188 4159 hlox
1207 4109 1304 4156 Tauria.
1327 4112 1351 4156 et

154 4187 179 4235 b.
203 4185 311 4236 Felelm.
336 4183 361 4234 3.
385 4197 456 4234 anon.
481 4177 611 4248 διελέγχει
635 4182 710 4232 solos.
763 4181 871 4233 colbert.
889 4172 984 4239 ἐξῆλθέ
1002 4173 1053 4238 τὴν
1070 4171 1219 4236 ἐκκλησίαν.

124 4253 185 4303 ¹⁰¹³
204 4262 262 4319 ⁹⁰⁵⁸
280 4241 711 4317 47⁷6⁷⁴⁰⁸7⁸Mfelck³⁶⁸¹¹⁰⁰⁹
797 4282 821 4330 d.
846 4282 886 4330 Sic
911 4281 966 4340 aeg.
994 4280 1091 4328 Tauria.
1117 4277 1186 4327 Colb.
1211 4275 1256 4324 les.
1280 4273 1319 4322 Fr.
1331 4272 1350 4321 1.

124 4320 294 4439 ἰοίἓηῆἐιιιίιι.
313 4386 384 4437 Colb.
411 4386 457 4436 les.
480 4377 610 4453 ἐκληρονό
634 4396 711 4443 acor.
1081 4437 1088 4454 Ι

124 4454 196 4505 Panlo
214 4463 272 4522 post
290 4455 390 4505 Taurin.
410 4453 479 4505 Colb.
501 4455 570 4508 Fr.l.
596 4445 604 4464 ²
638 4445 712 4500 ὰκαὶ
799 4464 821 4502 e.
840 4449 896 4512 iles.
916 4447 1014 4498 Tauria.
1033 4454 1196 4493 παυσονται.

1110 4524 1150 4575 7*

763 4349 826 4398 Editi
846 4363 901 4398 sero
919 4337 1126 4411 ἀρνησαμένων.
