<?xml version="1.0" encoding="UTF-8"?>
<!DOCTYPE html PUBLIC "-//W3C//DTD XHTML 1.0 Transitional//EN"
    "http://www.w3.org/TR/xhtml1/DTD/xhtml1-transitional.dtd">
<html xmlns="http://www.w3.org/1999/xhtml" xml:lang="en" lang="en">
 <head>
  <title>
</title>
<meta http-equiv="Content-Type" content="text/html;charset=utf-8" />
  <meta name='ocr-system' content='tesseract 3.04.00' />
  <meta name='ocr-capabilities' content='ocr_page ocr_carea ocr_par ocr_line ocrx_word'/>
</head>
<body>
  <div class='ocr_page' id='page_1' title='image "./sanctiathanasii02athagoog_0592.png"; bbox 0 0 2948 5092; ppageno 0'>
   <div class='ocr_carea' id='block_1_1' title="bbox 508 240 1336 329">
    <p class='ocr_par' dir='ltr' id='par_1_1' title="bbox 508 240 1336 329">
     <span class='ocr_line' id='line_1_1' title="bbox 508 240 1336 329; baseline 0.007 -23"><span class='ocrx_word' id='word_1_1' title='bbox 508 260 618 306; x_wconf 76' lang='lat' dir='ltr'>eramo</span> <span class='ocrx_word' id='word_1_2' title='bbox 634 260 678 305; x_wconf 90' lang='lat' dir='ltr'>m.</span> <span class='ocrx_word' id='word_1_3' title='bbox 694 262 811 329; x_wconf 80' lang='lat' dir='ltr'>cosma</span> <span class='ocrx_word' id='word_1_4' title='bbox 825 260 961 306; x_wconf 81' lang='lat' dir='ltr'>munos.</span> <span class='ocrx_word' id='word_1_5' title='bbox 1050 298 1054 306; x_wconf 90' lang='lat'>.</span> <span class='ocrx_word' id='word_1_6' title='bbox 1272 240 1336 312; x_wconf 62' lang='lat' dir='ltr'>Ul</span> 
     </span>
    </p>
   </div>
   <div class='ocr_carea' id='block_1_2' title="bbox 105 403 1450 4425">
    <p class='ocr_par' dir='ltr' id='par_1_2' title="bbox 105 403 1450 4006">
     <span class='ocr_line' id='line_1_2' title="bbox 109 403 1422 493; baseline -0.005 -12"><span class='ocrx_word' id='word_1_7' title='bbox 109 416 270 488; x_wconf 83' lang='lat' dir='ltr'>sententia,</span> <span class='ocrx_word' id='word_1_8' title='bbox 291 412 460 493; x_wconf 77' lang='lat' dir='ltr'>complures</span> <span class='ocrx_word' id='word_1_9' title='bbox 482 414 618 492; x_wconf 87' lang='lat' dir='ltr'>prolecto</span> <span class='ocrx_word' id='word_1_10' title='bbox 641 412 714 473; x_wconf 89' lang='lat' dir='ltr'>deos</span> <span class='ocrx_word' id='word_1_11' title='bbox 730 421 912 492; x_wconf 78' lang='lat' dir='ltr'>agnoscunt3</span> <span class='ocrx_word' id='word_1_12' title='bbox 934 413 993 474; x_wconf 89' lang='lat' dir='ltr'>bue</span> <span class='ocrx_word' id='word_1_13' title='bbox 1007 411 1086 473; x_wconf 91' lang='lat' dir='ltr'>enim</span> <span class='ocrx_word' id='word_1_14' title='bbox 1100 411 1218 473; x_wconf 87' lang='lat' dir='ltr'>devenit</span> <span class='ocrx_word' id='word_1_15' title='bbox 1233 403 1422 475; x_wconf 69' lang='lat' dir='ltr'>commetes.</span> 
     </span>
     <span class='ocr_line' id='line_1_3' title="bbox 113 506 1336 597; baseline -0.005 -16"><span class='ocrx_word' id='word_1_16' title='bbox 113 519 266 597; x_wconf 83' lang='lat' dir='ltr'>impietas,</span> <span class='ocrx_word' id='word_1_17' title='bbox 292 514 344 594; x_wconf 94' lang='lat' dir='ltr'>qui</span> <span class='ocrx_word' id='word_1_18' title='bbox 366 512 402 576; x_wconf 86' lang='lat' dir='ltr'>sb</span> <span class='ocrx_word' id='word_1_19' title='bbox 425 530 484 575; x_wconf 87' lang='lat' dir='ltr'>une</span> <span class='ocrx_word' id='word_1_20' title='bbox 507 514 569 575; x_wconf 85' lang='lat' dir='ltr'>lleo</span> <span class='ocrx_word' id='word_1_21' title='bbox 591 513 771 575; x_wconf 81' lang='lat' dir='ltr'>desciscunt</span> <span class='ocrx_word' id='word_1_22' title='bbox 815 513 875 575; x_wconf 86' lang='lat' dir='ltr'>Gur</span> <span class='ocrx_word' id='word_1_23' title='bbox 896 532 969 592; x_wconf 86' lang='lat' dir='ltr'>ergo</span> <span class='ocrx_word' id='word_1_24' title='bbox 990 513 1089 576; x_wconf 80' lang='lat' dir='ltr'>briem</span> <span class='ocrx_word' id='word_1_25' title='bbox 1111 513 1151 574; x_wconf 82' lang='lat' dir='ltr'>itu</span> <span class='ocrx_word' id='word_1_26' title='bbox 1173 506 1336 576; x_wconf 84' lang='lat' dir='ltr'>sentientes</span> 
     </span>
     <span class='ocr_line' id='line_1_4' title="bbox 112 613 1335 698; baseline -0.004 -18"><span class='ocrx_word' id='word_1_27' title='bbox 112 619 231 698; x_wconf 87' lang='lat' dir='ltr'>seipsos</span> <span class='ocrx_word' id='word_1_28' title='bbox 254 634 321 677; x_wconf 90' lang='lat' dir='ltr'>eum</span> <span class='ocrx_word' id='word_1_29' title='bbox 340 614 506 676; x_wconf 80' lang='lat' dir='ltr'><strong>Gentilibus</strong></span> <span class='ocrx_word' id='word_1_30' title='bbox 528 632 590 675; x_wconf 92' lang='lat' dir='ltr'>non</span> <span class='ocrx_word' id='word_1_31' title='bbox 612 622 817 688; x_wconf 74' lang='lat' dir='ltr'>annumerant,</span> <span class='ocrx_word' id='word_1_32' title='bbox 840 632 907 676; x_wconf 89' lang='lat' dir='ltr'>eum</span> <span class='ocrx_word' id='word_1_33' title='bbox 929 614 991 694; x_wconf 89' lang='lat' dir='ltr'>ipsi·</span> <span class='ocrx_word' id='word_1_34' title='bbox 1008 613 1133 695; x_wconf 76' lang='lat' dir='ltr'>perinde</span> <span class='ocrx_word' id='word_1_35' title='bbox 1154 614 1335 676; x_wconf 77' lang='lat' dir='ltr'>tte-Gentiles</span> 
     </span>
     <span class='ocr_line' id='line_1_5' title="bbox 105 715 1337 800; baseline -0.001 -20"><span class='ocrx_word' id='word_1_36' title='bbox 105 719 154 782; x_wconf 83' lang='lat' dir='ltr'>&#39;rei</span> <span class='ocrx_word' id='word_1_37' title='bbox 175 726 294 780; x_wconf 85' lang='lat' dir='ltr'>creatae</span> <span class='ocrx_word' id='word_1_38' title='bbox 315 717 415 797; x_wconf 91' lang='lat' dir='ltr'>potius</span> <span class='ocrx_word' id='word_1_39' title='bbox 436 715 576 788; x_wconf 76' lang='lat' dir='ltr'>serviant,</span> <span class='ocrx_word' id='word_1_40' title='bbox 599 735 687 794; x_wconf 83' lang='lat' dir='ltr'>qnam</span> <span class='ocrx_word' id='word_1_41' title='bbox 701 715 764 781; x_wconf 84' lang='lat' dir='ltr'>lleo</span> <span class='ocrx_word' id='word_1_42' title='bbox 778 715 911 778; x_wconf 86' lang='lat' dir='ltr'>omnium</span> <span class='ocrx_word' id='word_1_43' title='bbox 927 715 1076 778; x_wconf 79' lang='lat' dir='ltr'>creatori?</span> <span class='ocrx_word' id='word_1_44' title='bbox 1099 716 1206 800; x_wconf 82' lang='lat' dir='ltr'>Verum</span> <span class='ocrx_word' id='word_1_45' title='bbox 1222 724 1256 778; x_wconf 89' lang='lat' dir='ltr'>ut</span> <span class='ocrx_word' id='word_1_46' title='bbox 1268 732 1337 779; x_wconf 76' lang='lat' dir='ltr'>me·</span> 
     </span>
     <span class='ocr_line' id='line_1_6' title="bbox 109 816 1339 899; baseline -0.002 -16"><span class='ocrx_word' id='word_1_47' title='bbox 109 820 198 883; x_wconf 80' lang='lat' dir='ltr'>dulos</span> <span class='ocrx_word' id='word_1_48' title='bbox 221 827 252 881; x_wconf 90' lang='lat' dir='ltr'>et</span> <span class='ocrx_word' id='word_1_49' title='bbox 268 818 418 899; x_wconf 75' lang='lat' dir='ltr'>simplices</span> <span class='ocrx_word' id='word_1_50' title='bbox 439 817 560 897; x_wconf 75' lang='lat' dir='ltr'>possint</span> <span class='ocrx_word' id='word_1_51' title='bbox 573 816 793 888; x_wconf 83' lang='lat' dir='ltr'>cirmmvonire,</span> <span class='ocrx_word' id='word_1_52' title='bbox 816 834 926 878; x_wconf 90' lang='lat' dir='ltr'>nomen</span> <span class='ocrx_word' id='word_1_53' title='bbox 940 817 1057 896; x_wconf 92' lang='lat' dir='ltr'>quidem</span> <span class='ocrx_word' id='word_1_54' title='bbox 1072 816 1199 879; x_wconf 89' lang='lat' dir='ltr'>Gentilis</span> <span class='ocrx_word' id='word_1_55' title='bbox 1213 817 1339 897; x_wconf 75' lang='lat' dir='ltr'>logium,</span> 
     </span>
     <span class='ocr_line' id='line_1_7' title="bbox 110 917 1338 997; baseline -0.002 -15"><span class='ocrx_word' id='word_1_56' title='bbox 110 922 165 984; x_wconf 88' lang='lat' dir='ltr'>sed</span> <span class='ocrx_word' id='word_1_57' title='bbox 187 930 287 985; x_wconf 83' lang='lat' dir='ltr'>tamen</span> <span class='ocrx_word' id='word_1_58' title='bbox 309 918 437 982; x_wconf 77' lang='lat' dir='ltr'>similent</span> <span class='ocrx_word' id='word_1_59' title='bbox 460 918 574 979; x_wconf 89' lang='lat' dir='ltr'>occulte</span> <span class='ocrx_word' id='word_1_60' title='bbox 595 927 716 979; x_wconf 88' lang='lat' dir='ltr'>tuentur</span> <span class='ocrx_word' id='word_1_61' title='bbox 735 919 921 980; x_wconf 82' lang='lat' dir='ltr'>sententiam.</span> <span class='ocrx_word' id='word_1_62' title='bbox 954 918 1105 997; x_wconf 84' lang='lat' dir='ltr'>Siquidem</span> <span class='ocrx_word' id='word_1_63' title='bbox 1125 927 1245 981; x_wconf 85' lang='lat' dir='ltr'>acutum</span> <span class='ocrx_word' id='word_1_64' title='bbox 1266 917 1338 982; x_wconf 80' lang='lat' dir='ltr'>illud</span> 
     </span>
     <span class='ocr_line' id='line_1_8' title="bbox 109 1013 1338 1101; baseline -0.003 -16"><span class='ocrx_word' id='word_1_65' title='bbox 109 1024 231 1094; x_wconf 90' lang='lat' dir='ltr'>dictum,</span> <span class='ocrx_word' id='word_1_66' title='bbox 253 1021 334 1101; x_wconf 91' lang='lat' dir='ltr'>quod</span> <span class='ocrx_word' id='word_1_67' title='bbox 357 1038 502 1098; x_wconf 85' lang='lat' dir='ltr'>usurpare</span> <span class='ocrx_word' id='word_1_68' title='bbox 524 1019 634 1081; x_wconf 89' lang='lat' dir='ltr'>solent:</span> <span class='ocrx_word' id='word_1_69' title='bbox 663 1013 927 1085; x_wconf 73' lang='lat' dir='ltr'>tton&#39;contttemur</span> <span class='ocrx_word' id='word_1_70' title='bbox 946 1021 1005 1082; x_wconf 87' lang='lat' dir='ltr'>duo</span> <span class='ocrx_word' id='word_1_71' title='bbox 1029 1022 1195 1094; x_wconf 84' lang='lat' dir='ltr'>non-lecta,</span> <span class='ocrx_word' id='word_1_72' title='bbox 1217 1020 1338 1083; x_wconf 80' lang='lat' dir='ltr'>nonnisi</span> 
     </span>
     <span class='ocr_line' id='line_1_9' title="bbox 109 1120 1338 1203; baseline -0.002 -17"><span class='ocrx_word' id='word_1_73' title='bbox 109 1124 147 1186; x_wconf 86' lang='lat' dir='ltr'>ad</span> <span class='ocrx_word' id='word_1_74' title='bbox 169 1122 350 1203; x_wconf 83' lang='lat' dir='ltr'>simplicium</span> <span class='ocrx_word' id='word_1_75' title='bbox 372 1122 487 1183; x_wconf 83' lang='lat' dir='ltr'>animos</span> <span class='ocrx_word' id='word_1_76' title='bbox 510 1120 540 1181; x_wconf 88' lang='lat' dir='ltr'>in</span> <span class='ocrx_word' id='word_1_77' title='bbox 555 1138 688 1181; x_wconf 85' lang='lat' dir='ltr'>errorem</span> <span class='ocrx_word' id='word_1_78' title='bbox 711 1120 896 1183; x_wconf 86' lang='lat' dir='ltr'>inducendos</span> <span class='ocrx_word' id='word_1_79' title='bbox 916 1123 1131 1201; x_wconf 84' lang='lat' dir='ltr'>excogitavere.</span> <span class='ocrx_word' id='word_1_80' title='bbox 1175 1122 1248 1183; x_wconf 77' lang='lat' dir='ltr'>Nan</span> <span class='ocrx_word' id='word_1_81' title='bbox 1270 1140 1338 1183; x_wconf 90' lang='lat' dir='ltr'>eum</span> 
     </span>
     <span class='ocr_line' id='line_1_10' title="bbox 109 1221 1337 1322; baseline 0 -37"><span class='ocrx_word' id='word_1_82' title='bbox 109 1224 235 1322; x_wconf 38' lang='lat' dir='ltr'>dicuntt&#39;</span> <span class='ocrx_word' id='word_1_83' title='bbox 263 1221 329 1285; x_wconf 84' lang='lat' dir='ltr'>Non</span> <span class='ocrx_word' id='word_1_84' title='bbox 351 1222 527 1284; x_wconf 82' lang='lat' dir='ltr'>confitemur</span> <span class='ocrx_word' id='word_1_85' title='bbox 549 1222 609 1282; x_wconf 92' lang='lat' dir='ltr'>duo</span> <span class='ocrx_word' id='word_1_86' title='bbox 632 1223 803 1320; x_wconf 85' lang='lat' dir='ltr'>non-lecta,</span> <span class='ocrx_word' id='word_1_87' title='bbox 832 1221 910 1284; x_wconf 90' lang='lat' dir='ltr'>duos</span> <span class='ocrx_word' id='word_1_88' title='bbox 932 1222 1033 1301; x_wconf 84' lang='lat' dir='ltr'>utique</span> <span class='ocrx_word' id='word_1_89' title='bbox 1054 1223 1233 1285; x_wconf 81' lang='lat' dir='ltr'>confitentur</span> <span class='ocrx_word' id='word_1_90' title='bbox 1251 1223 1337 1298; x_wconf 81' lang='lat' dir='ltr'>dees,</span> 
     </span>
     <span class='ocr_line' id='line_1_11' title="bbox 110 1322 1416 1406; baseline -0.002 -19"><span class='ocrx_word' id='word_1_91' title='bbox 110 1326 162 1406; x_wconf 71' lang='grc' dir='ltr'>φὶ</span> <span class='ocrx_word' id='word_1_92' title='bbox 191 1324 327 1387; x_wconf 84' lang='lat' dir='ltr'>diversas</span> <span class='ocrx_word' id='word_1_93' title='bbox 358 1323 486 1385; x_wconf 74' lang='lat' dir='ltr'>babeant</span> <span class='ocrx_word' id='word_1_94' title='bbox 518 1330 656 1393; x_wconf 88' lang='lat' dir='ltr'>naturas,</span> <span class='ocrx_word' id='word_1_95' title='bbox 690 1323 740 1385; x_wconf 93' lang='lat' dir='ltr'>bie</span> <span class='ocrx_word' id='word_1_96' title='bbox 771 1325 893 1396; x_wconf 83' lang='lat' dir='ltr'>lactem,</span> <span class='ocrx_word' id='word_1_97' title='bbox 926 1322 975 1385; x_wconf 93' lang='lat' dir='ltr'>ille</span> <span class='ocrx_word' id='word_1_98' title='bbox 1007 1325 1204 1386; x_wconf 84' lang='lat' dir='ltr'>non-lectam.</span> <span class='ocrx_word' id='word_1_99' title='bbox 1248 1324 1338 1398; x_wconf 75' lang='lat' dir='ltr'>Quod</span> <span class='ocrx_word' id='word_1_100' title='bbox 1415 1402 1416 1406; x_wconf 7' lang='grc' dir='ltr'><strong>Ἰ</strong></span> 
     </span>
     <span class='ocr_line' id='line_1_12' title="bbox 110 1424 1337 1497; baseline -0.001 -9"><span class='ocrx_word' id='word_1_101' title='bbox 110 1428 138 1489; x_wconf 91' lang='lat' dir='ltr'>ei</span> <span class='ocrx_word' id='word_1_102' title='bbox 160 1425 293 1491; x_wconf 81' lang='lat' dir='ltr'>Gentiles</span> <span class='ocrx_word' id='word_1_103' title='bbox 323 1426 374 1486; x_wconf 92' lang='lat' dir='ltr'>uni</span> <span class='ocrx_word' id='word_1_104' title='bbox 401 1426 559 1487; x_wconf 85' lang='lat' dir='ltr'>non-lacto</span> <span class='ocrx_word' id='word_1_105' title='bbox 581 1433 618 1486; x_wconf 70' lang='lat' dir='ltr'>et⁴</span> <span class='ocrx_word' id='word_1_106' title='bbox 638 1424 740 1487; x_wconf 89' lang='lat' dir='ltr'>multis</span> <span class='ocrx_word' id='word_1_107' title='bbox 769 1425 852 1486; x_wconf 85' lang='lat' dir='ltr'>laetis</span> <span class='ocrx_word' id='word_1_108' title='bbox 882 1424 1029 1497; x_wconf 88' lang='lat' dir='ltr'>serviunt,</span> <span class='ocrx_word' id='word_1_109' title='bbox 1063 1424 1104 1486; x_wconf 92' lang='lat' dir='ltr'>illi</span> <span class='ocrx_word' id='word_1_110' title='bbox 1131 1434 1230 1487; x_wconf 84' lang='lat' dir='ltr'>autem</span> <span class='ocrx_word' id='word_1_111' title='bbox 1257 1440 1337 1487; x_wconf 74' lang='lat' dir='ltr'>neu-</span> 
     </span>
     <span class='ocr_line' id='line_1_13' title="bbox 110 1525 1418 1600; baseline 0.001 -10"><span class='ocrx_word' id='word_1_112' title='bbox 110 1530 187 1590; x_wconf 84' lang='lat' dir='ltr'>lacto</span> <span class='ocrx_word' id='word_1_113' title='bbox 211 1529 242 1589; x_wconf 86' lang='lat' dir='ltr'>et</span> <span class='ocrx_word' id='word_1_114' title='bbox 262 1527 313 1589; x_wconf 88' lang='lat' dir='ltr'>uni</span> <span class='ocrx_word' id='word_1_115' title='bbox 335 1529 432 1600; x_wconf 85' lang='lat' dir='ltr'>laeto,</span> <span class='ocrx_word' id='word_1_116' title='bbox 455 1545 516 1587; x_wconf 92' lang='lat' dir='ltr'>non</span> <span class='ocrx_word' id='word_1_117' title='bbox 538 1545 591 1587; x_wconf 90' lang='lat' dir='ltr'>eos</span> <span class='ocrx_word' id='word_1_118' title='bbox 613 1525 763 1588; x_wconf 81' lang='lat' dir='ltr'>idcireo-e</span> <span class='ocrx_word' id='word_1_119' title='bbox 781 1525 951 1588; x_wconf 70' lang='lat' dir='ltr'>Gentilibus</span> <span class='ocrx_word' id='word_1_120' title='bbox 974 1526 1153 1589; x_wconf 84' lang='lat' dir='ltr'>credendum</span> <span class='ocrx_word' id='word_1_121' title='bbox 1175 1535 1224 1590; x_wconf 85' lang='lat' dir='ltr'>est</span> <span class='ocrx_word' id='word_1_122' title='bbox 1243 1526 1337 1591; x_wconf 78' lang='lat' dir='ltr'>disei-</span> <span class='ocrx_word' id='word_1_123' title='bbox 1412 1532 1418 1542; x_wconf 89' lang='grc'><em>“</em></span> 
     </span>
     <span class='ocr_line' id='line_1_14' title="bbox 107 1622 1339 1706; baseline -0.002 -14"><span class='ocrx_word' id='word_1_124' title='bbox 107 1631 191 1692; x_wconf 76' lang='lat' dir='ltr'>dere.</span> <span class='ocrx_word' id='word_1_125' title='bbox 234 1628 395 1691; x_wconf 80' lang='lat' dir='ltr'>Enimvero</span> <span class='ocrx_word' id='word_1_126' title='bbox 428 1627 491 1700; x_wconf 92' lang='lat' dir='ltr'>bic,</span> <span class='ocrx_word' id='word_1_127' title='bbox 526 1645 614 1706; x_wconf 89' lang='lat' dir='ltr'>quem</span> <span class='ocrx_word' id='word_1_128' title='bbox 647 1628 754 1688; x_wconf 71' lang='lat' dir='ltr'>motum</span> <span class='ocrx_word' id='word_1_129' title='bbox 785 1622 902 1701; x_wconf 77' lang='lat' dir='ltr'>dierunt,</span> <span class='ocrx_word' id='word_1_130' title='bbox 936 1646 1013 1690; x_wconf 91' lang='lat' dir='ltr'>unus</span> <span class='ocrx_word' id='word_1_131' title='bbox 1035 1637 1084 1690; x_wconf 86' lang='lat' dir='ltr'>est</span> <span class='ocrx_word' id='word_1_132' title='bbox 1104 1647 1140 1690; x_wconf 85' lang='lat' dir='ltr'>ex</span> <span class='ocrx_word' id='word_1_133' title='bbox 1161 1627 1280 1700; x_wconf 81' lang='lat' dir='ltr'>multis,</span> <span class='ocrx_word' id='word_1_134' title='bbox 1309 1637 1339 1691; x_wconf 93' lang='lat' dir='ltr'>et</span> 
     </span>
     <span class='ocr_line' id='line_1_15' title="bbox 109 1723 1424 1810; baseline -0.006 -17"><span class='ocrx_word' id='word_1_135' title='bbox 109 1731 206 1804; x_wconf 86' lang='lat' dir='ltr'>multi,</span> <span class='ocrx_word' id='word_1_136' title='bbox 229 1749 307 1810; x_wconf 92' lang='lat' dir='ltr'>quos</span> <span class='ocrx_word' id='word_1_137' title='bbox 327 1723 458 1791; x_wconf 74' lang='lat' dir='ltr'>Gentiles</span> <span class='ocrx_word' id='word_1_138' title='bbox 480 1736 677 1802; x_wconf 80' lang='lat' dir='ltr'>venerantur,</span> <span class='ocrx_word' id='word_1_139' title='bbox 694 1726 817 1791; x_wconf 89' lang='lat' dir='ltr'>eandem</span> <span class='ocrx_word' id='word_1_140' title='bbox 840 1747 874 1791; x_wconf 87' lang='lat' dir='ltr'>ac</span> <span class='ocrx_word' id='word_1_141' title='bbox 895 1729 951 1792; x_wconf 92' lang='lat' dir='ltr'>iste</span> <span class='ocrx_word' id='word_1_142' title='bbox 974 1747 1051 1790; x_wconf 91' lang='lat' dir='ltr'>unus</span> <span class='ocrx_word' id='word_1_143' title='bbox 1067 1728 1424 1804; x_wconf 57' lang='lat' dir='ltr'>nmentmtmmm.</span> 
     </span>
     <span class='ocr_line' id='line_1_16' title="bbox 109 1829 1338 1926; baseline 0 -31"><span class='ocrx_word' id='word_1_144' title='bbox 109 1851 176 1896; x_wconf 73' lang='lat' dir='ltr'>mm</span> <span class='ocrx_word' id='word_1_145' title='bbox 200 1841 232 1893; x_wconf 88' lang='lat' dir='ltr'>et</span> <span class='ocrx_word' id='word_1_146' title='bbox 252 1833 310 1893; x_wconf 89' lang='lat' dir='ltr'>iste</span> <span class='ocrx_word' id='word_1_147' title='bbox 334 1841 363 1892; x_wconf 88' lang='lat' dir='ltr'>et</span> <span class='ocrx_word' id='word_1_148' title='bbox 384 1831 425 1891; x_wconf 91' lang='lat' dir='ltr'>illi</span> <span class='ocrx_word' id='word_1_149' title='bbox 448 1829 585 1891; x_wconf 90' lang='lat' dir='ltr'>similiter</span> <span class='ocrx_word' id='word_1_150' title='bbox 607 1830 791 1926; x_wconf 77' lang='lat' dir='ltr'>sintereati.</span> <span class='ocrx_word' id='word_1_151' title='bbox 834 1831 935 1893; x_wconf 83' lang='lat' dir='ltr'>Miseri</span> <span class='ocrx_word' id='word_1_152' title='bbox 959 1850 1031 1893; x_wconf 86' lang='lat' dir='ltr'>sene</span> <span class='ocrx_word' id='word_1_153' title='bbox 1052 1831 1104 1905; x_wconf 92' lang='lat' dir='ltr'>illi,</span> <span class='ocrx_word' id='word_1_154' title='bbox 1127 1850 1224 1912; x_wconf 89' lang='lat' dir='ltr'>eoque</span> <span class='ocrx_word' id='word_1_155' title='bbox 1244 1834 1338 1913; x_wconf 86' lang='lat' dir='ltr'>magis</span> 
     </span>
     <span class='ocr_line' id='line_1_17' title="bbox 108 1930 1339 2014; baseline 0.004 -21"><span class='ocrx_word' id='word_1_156' title='bbox 108 1934 188 2014; x_wconf 90' lang='lat' dir='ltr'>quod</span> <span class='ocrx_word' id='word_1_157' title='bbox 212 1941 273 1994; x_wconf 85' lang='lat' dir='ltr'>tarn</span> <span class='ocrx_word' id='word_1_158' title='bbox 295 1950 434 2011; x_wconf 85' lang='lat' dir='ltr'>perverse</span> <span class='ocrx_word' id='word_1_159' title='bbox 461 1932 498 1992; x_wconf 87' lang='lat' dir='ltr'>de</span> <span class='ocrx_word' id='word_1_160' title='bbox 520 1930 638 1992; x_wconf 85' lang='lat' dir='ltr'>Christo</span> <span class='ocrx_word' id='word_1_161' title='bbox 668 1930 824 1993; x_wconf 89' lang='lat' dir='ltr'>sentiendo</span> <span class='ocrx_word' id='word_1_162' title='bbox 854 1950 914 2007; x_wconf 87' lang='lat' dir='ltr'>nqn</span> <span class='ocrx_word' id='word_1_163' title='bbox 942 1933 1006 1995; x_wconf 90' lang='lat' dir='ltr'>leve</span> <span class='ocrx_word' id='word_1_164' title='bbox 1034 1933 1092 1995; x_wconf 89' lang='lat' dir='ltr'>sibi</span> <span class='ocrx_word' id='word_1_165' title='bbox 1118 1933 1177 2013; x_wconf 89' lang='lat' dir='ltr'>ipsi</span> <span class='ocrx_word' id='word_1_166' title='bbox 1197 1934 1339 1999; x_wconf 80' lang='lat' dir='ltr'>damnum</span> 
     </span>
     <span class='ocr_line' id='line_1_18' title="bbox 109 2032 1338 2116; baseline 0.002 -20"><span class='ocrx_word' id='word_1_167' title='bbox 109 2035 274 2105; x_wconf 87' lang='lat' dir='ltr'>intulerint,</span> <span class='ocrx_word' id='word_1_168' title='bbox 297 2041 399 2112; x_wconf 91' lang='lat' dir='ltr'>utpote</span> <span class='ocrx_word' id='word_1_169' title='bbox 421 2033 471 2112; x_wconf 90' lang='lat' dir='ltr'>qui</span> <span class='ocrx_word' id='word_1_170' title='bbox 487 2051 504 2093; x_wconf 85' lang='lat' dir='ltr'>a</span> <span class='ocrx_word' id='word_1_171' title='bbox 518 2032 641 2094; x_wconf 88' lang='lat' dir='ltr'>veritate</span> <span class='ocrx_word' id='word_1_172' title='bbox 663 2033 852 2108; x_wconf 81' lang='lat' dir='ltr'>desciverint,</span> <span class='ocrx_word' id='word_1_173' title='bbox 874 2043 905 2096; x_wconf 87' lang='lat' dir='ltr'>et</span> <span class='ocrx_word' id='word_1_174' title='bbox 920 2034 1070 2096; x_wconf 84' lang='lat' dir='ltr'>Christum</span> <span class='ocrx_word' id='word_1_175' title='bbox 1084 2044 1228 2115; x_wconf 74' lang='lat' dir='ltr'>negantes</span> <span class='ocrx_word' id='word_1_176' title='bbox 1243 2037 1338 2116; x_wconf 82' lang='lat' dir='ltr'>ipsam</span> 
     </span>
     <span class='ocr_line' id='line_1_19' title="bbox 108 2134 1339 2216; baseline 0.001 -17"><span class='ocrx_word' id='word_1_177' title='bbox 108 2137 288 2199; x_wconf 81' lang='lat' dir='ltr'>ludaeorum</span> <span class='ocrx_word' id='word_1_178' title='bbox 310 2134 510 2214; x_wconf 80' lang='lat' dir='ltr'>proditionem</span> <span class='ocrx_word' id='word_1_179' title='bbox 532 2152 586 2196; x_wconf 89' lang='lat' dir='ltr'>sua</span> <span class='ocrx_word' id='word_1_180' title='bbox 609 2135 780 2213; x_wconf 78' lang='lat' dir='ltr'>superet-int</span> <span class='ocrx_word' id='word_1_181' title='bbox 801 2136 960 2216; x_wconf 87' lang='lat' dir='ltr'>impietate,</span> <span class='ocrx_word' id='word_1_182' title='bbox 983 2137 1024 2198; x_wconf 85' lang='lat' dir='ltr'>ita</span> <span class='ocrx_word' id='word_1_183' title='bbox 1046 2144 1079 2197; x_wconf 92' lang='lat' dir='ltr'>ut</span> <span class='ocrx_word' id='word_1_184' title='bbox 1093 2136 1156 2199; x_wconf 88' lang='lat' dir='ltr'>lleo</span> <span class='ocrx_word' id='word_1_185' title='bbox 1177 2136 1265 2200; x_wconf 76' lang='lat' dir='ltr'>innisi</span> <span class='ocrx_word' id='word_1_186' title='bbox 1280 2138 1339 2200; x_wconf 88' lang='lat' dir='ltr'>iam</span> 
     </span>
     <span class='ocr_line' id='line_1_20' title="bbox 108 2236 1340 2317; baseline -0.001 -16"><span class='ocrx_word' id='word_1_187' title='bbox 108 2257 177 2301; x_wconf 80' lang='lat' dir='ltr'>mm</span> <span class='ocrx_word' id='word_1_188' title='bbox 211 2237 376 2298; x_wconf 88' lang='lat' dir='ltr'>Gentilibus</span> <span class='ocrx_word' id='word_1_189' title='bbox 409 2236 595 2309; x_wconf 81' lang='lat' dir='ltr'>volutentur,</span> <span class='ocrx_word' id='word_1_190' title='bbox 629 2237 673 2297; x_wconf 90' lang='lat' dir='ltr'>rei</span> <span class='ocrx_word' id='word_1_191' title='bbox 704 2247 821 2299; x_wconf 88' lang='lat' dir='ltr'>creatae</span> <span class='ocrx_word' id='word_1_192' title='bbox 852 2237 969 2317; x_wconf 90' lang='lat' dir='ltr'>diisque</span> <span class='ocrx_word' id='word_1_193' title='bbox 1002 2237 1131 2299; x_wconf 89' lang='lat' dir='ltr'>diversis</span> <span class='ocrx_word' id='word_1_194' title='bbox 1165 2238 1340 2302; x_wconf 79' lang='lat' dir='ltr'>servientes.</span> 
     </span>
     <span class='ocr_line' id='line_1_21' title="bbox 108 2337 1341 2413; baseline 0 -10"><span class='ocrx_word' id='word_1_195' title='bbox 108 2340 193 2403; x_wconf 83' lang='lat' dir='ltr'>Unus</span> <span class='ocrx_word' id='word_1_196' title='bbox 218 2338 297 2400; x_wconf 89' lang='lat' dir='ltr'>enim</span> <span class='ocrx_word' id='word_1_197' title='bbox 320 2348 365 2400; x_wconf 93' lang='lat' dir='ltr'>est</span> <span class='ocrx_word' id='word_1_198' title='bbox 387 2338 484 2412; x_wconf 87' lang='lat' dir='ltr'>lleus,</span> <span class='ocrx_word' id='word_1_199' title='bbox 518 2356 580 2398; x_wconf 95' lang='lat' dir='ltr'>non</span> <span class='ocrx_word' id='word_1_200' title='bbox 601 2337 706 2411; x_wconf 91' lang='lat' dir='ltr'>multi,</span> <span class='ocrx_word' id='word_1_201' title='bbox 739 2357 831 2400; x_wconf 89' lang='lat' dir='ltr'>unum</span> <span class='ocrx_word' id='word_1_202' title='bbox 853 2339 925 2400; x_wconf 89' lang='lat' dir='ltr'>item</span> <span class='ocrx_word' id='word_1_203' title='bbox 947 2339 1011 2401; x_wconf 90' lang='lat' dir='ltr'>eius</span> <span class='ocrx_word' id='word_1_204' title='bbox 1034 2347 1082 2400; x_wconf 88' lang='lat' dir='ltr'>est</span> <span class='ocrx_word' id='word_1_205' title='bbox 1103 2339 1246 2413; x_wconf 85' lang='lat' dir='ltr'>Verbum,</span> <span class='ocrx_word' id='word_1_206' title='bbox 1279 2360 1341 2403; x_wconf 90' lang='lat' dir='ltr'>non</span> 
     </span>
     <span class='ocr_line' id='line_1_22' title="bbox 109 2432 1342 2520; baseline -0.001 -16"><span class='ocrx_word' id='word_1_207' title='bbox 109 2442 220 2516; x_wconf 79' lang='lat' dir='ltr'>multa3</span> <span class='ocrx_word' id='word_1_208' title='bbox 242 2459 310 2501; x_wconf 87' lang='lat' dir='ltr'>nsm</span> <span class='ocrx_word' id='word_1_209' title='bbox 326 2441 405 2502; x_wconf 85' lang='lat' dir='ltr'>lleus</span> <span class='ocrx_word' id='word_1_210' title='bbox 427 2448 474 2501; x_wconf 88' lang='lat' dir='ltr'>est</span> <span class='ocrx_word' id='word_1_211' title='bbox 488 2440 628 2512; x_wconf 86' lang='lat' dir='ltr'>Verbum,</span> <span class='ocrx_word' id='word_1_212' title='bbox 652 2439 732 2518; x_wconf 90' lang='lat' dir='ltr'>quod</span> <span class='ocrx_word' id='word_1_213' title='bbox 753 2448 784 2501; x_wconf 86' lang='lat' dir='ltr'>et</span> <span class='ocrx_word' id='word_1_214' title='bbox 805 2440 901 2501; x_wconf 88' lang='lat' dir='ltr'>solum</span> <span class='ocrx_word' id='word_1_215' title='bbox 923 2449 1076 2520; x_wconf 76' lang='lat' dir='ltr'>paternam</span> <span class='ocrx_word' id='word_1_216' title='bbox 1097 2441 1227 2520; x_wconf 87' lang='lat' dir='ltr'>speciem</span> <span class='ocrx_word' id='word_1_217' title='bbox 1243 2432 1342 2503; x_wconf 70' lang='lat' dir='ltr'>nabet</span> 
     </span>
     <span class='ocr_line' id='line_1_23' title="bbox 109 2541 1344 2620; baseline 0 -15"><span class='ocrx_word' id='word_1_218' title='bbox 109 2544 187 2605; x_wconf 88' lang='lat' dir='ltr'>lline</span> <span class='ocrx_word' id='word_1_219' title='bbox 208 2561 277 2604; x_wconf 89' lang='lat' dir='ltr'>curn</span> <span class='ocrx_word' id='word_1_220' title='bbox 302 2543 365 2604; x_wconf 88' lang='lat' dir='ltr'>telis</span> <span class='ocrx_word' id='word_1_221' title='bbox 388 2551 471 2604; x_wconf 87' lang='lat' dir='ltr'>esset</span> <span class='ocrx_word' id='word_1_222' title='bbox 501 2541 652 2614; x_wconf 73' lang='lat' dir='ltr'>Salvator,</span> <span class='ocrx_word' id='word_1_223' title='bbox 686 2541 812 2603; x_wconf 89' lang='lat' dir='ltr'>ludaeos</span> <span class='ocrx_word' id='word_1_224' title='bbox 827 2542 889 2603; x_wconf 88' lang='lat' dir='ltr'>·bis</span> <span class='ocrx_word' id='word_1_225' title='bbox 916 2541 1015 2603; x_wconf 89' lang='lat' dir='ltr'>verbis</span> <span class='ocrx_word' id='word_1_226' title='bbox 1048 2541 1240 2620; x_wconf 67' lang='lat' dir='ltr'>coarguebat!</span> <span class='ocrx_word' id='word_1_227' title='bbox 1279 2543 1344 2616; x_wconf 78' lang='lat' dir='ltr'>Qot</span> 
     </span>
     <span class='ocr_line' id='line_1_24' title="bbox 107 2643 1340 2724; baseline -0.001 -17"><span class='ocrx_word' id='word_1_228' title='bbox 107 2650 194 2707; x_wconf 63' lang='lat' dir='ltr'>sebit</span> <span class='ocrx_word' id='word_1_229' title='bbox 214 2663 261 2705; x_wconf 86' lang='lat' dir='ltr'>me</span> <span class='ocrx_word' id='word_1_230' title='bbox 284 2643 391 2715; x_wconf 83' lang='lat' dir='ltr'>Pater,</span> <span class='ocrx_word' id='word_1_231' title='bbox 414 2643 466 2705; x_wconf 81' lang='lat' dir='ltr'>ille</span> <span class='ocrx_word' id='word_1_232' title='bbox 486 2647 692 2707; x_wconf 72' lang='lat' dir='ltr'>testimouium</span> <span class='ocrx_word' id='word_1_233' title='bbox 715 2643 872 2724; x_wconf 78' lang='lat' dir='ltr'>perbibuit</span> <span class='ocrx_word' id='word_1_234' title='bbox 894 2645 929 2705; x_wconf 88' lang='lat' dir='ltr'>de</span> <span class='ocrx_word' id='word_1_235' title='bbox 948 2661 1012 2716; x_wconf 85' lang='lat' dir='ltr'>me;</span> <span class='ocrx_word' id='word_1_236' title='bbox 1039 2660 1135 2724; x_wconf 74' lang='lat' dir='ltr'>sepse</span> <span class='ocrx_word' id='word_1_237' title='bbox 1154 2661 1256 2706; x_wconf 79' lang='lat' dir='ltr'>vocent</span> <span class='ocrx_word' id='word_1_238' title='bbox 1277 2647 1340 2706; x_wconf 77' lang='lat' dir='ltr'>eise</span> 
     </span>
     <span class='ocr_line' id='line_1_25' title="bbox 109 2742 1450 2828; baseline -0.001 -19"><span class='ocrx_word' id='word_1_239' title='bbox 109 2765 246 2828; x_wconf 74' lang='lat' dir='ltr'>sequen</span> <span class='ocrx_word' id='word_1_240' title='bbox 277 2746 420 2816; x_wconf 79' lang='lat' dir='ltr'>sedistis,</span> <span class='ocrx_word' id='word_1_241' title='bbox 455 2763 548 2824; x_wconf 86' lang='lat' dir='ltr'>neque</span> <span class='ocrx_word' id='word_1_242' title='bbox 577 2750 703 2824; x_wconf 79' lang='lat' dir='ltr'>speciem</span> <span class='ocrx_word' id='word_1_243' title='bbox 723 2749 789 2806; x_wconf 83' lang='lat' dir='ltr'>eius</span> <span class='ocrx_word' id='word_1_244' title='bbox 818 2745 952 2815; x_wconf 83' lang='lat' dir='ltr'>uidistis,</span> <span class='ocrx_word' id='word_1_245' title='bbox 984 2755 1013 2807; x_wconf 89' lang='lat' dir='ltr'>et</span> <span class='ocrx_word' id='word_1_246' title='bbox 1047 2742 1173 2806; x_wconf 77' lang='lat' dir='ltr'>Verberet</span> <span class='ocrx_word' id='word_1_247' title='bbox 1194 2747 1258 2807; x_wconf 79' lang='lat' dir='ltr'>eires</span> <span class='ocrx_word' id='word_1_248' title='bbox 1279 2762 1342 2823; x_wconf 72' lang='lat' dir='ltr'>soe</span> <span class='ocrx_word' id='word_1_249' title='bbox 1448 2766 1450 2771; x_wconf 91' lang='lat'>·</span> 
     </span>
     <span class='ocr_line' id='line_1_26' title="bbox 110 2845 1339 2927; baseline -0.003 -16"><span class='ocrx_word' id='word_1_250' title='bbox 110 2848 228 2911; x_wconf 72' lang='lat' dir='ltr'>tatere</span> <span class='ocrx_word' id='word_1_251' title='bbox 251 2850 283 2908; x_wconf 81' lang='lat' dir='ltr'>in</span> <span class='ocrx_word' id='word_1_252' title='bbox 306 2847 390 2907; x_wconf 81' lang='lat' dir='ltr'>vobis</span> <span class='ocrx_word' id='word_1_253' title='bbox 412 2863 546 2917; x_wconf 80' lang='lat' dir='ltr'>muneror,</span> <span class='ocrx_word' id='word_1_254' title='bbox 571 2850 641 2927; x_wconf 82' lang='lat' dir='ltr'>quia</span> <span class='ocrx_word' id='word_1_255' title='bbox 663 2864 749 2926; x_wconf 74' lang='lat' dir='ltr'>qoem</span> <span class='ocrx_word' id='word_1_256' title='bbox 768 2849 852 2907; x_wconf 80' lang='lat' dir='ltr'>ntirit</span> <span class='ocrx_word' id='word_1_257' title='bbox 874 2845 935 2915; x_wconf 83' lang='lat' dir='ltr'>ille,</span> <span class='ocrx_word' id='word_1_258' title='bbox 961 2845 1028 2907; x_wconf 74' lang='lat' dir='ltr'>broie</span> <span class='ocrx_word' id='word_1_259' title='bbox 1049 2863 1106 2907; x_wconf 84' lang='lat' dir='ltr'>eos</span> <span class='ocrx_word' id='word_1_260' title='bbox 1127 2863 1191 2907; x_wconf 84' lang='lat' dir='ltr'>noe</span> <span class='ocrx_word' id='word_1_261' title='bbox 1207 2847 1339 2908; x_wconf 78' lang='lat' dir='ltr'>creditis.</span> 
     </span>
     <span class='ocr_line' id='line_1_27' title="bbox 109 2945 1341 3026; baseline -0.003 -15"><span class='ocrx_word' id='word_1_262' title='bbox 109 2949 192 3011; x_wconf 79' lang='lat' dir='ltr'>bene</span> <span class='ocrx_word' id='word_1_263' title='bbox 215 2948 265 3008; x_wconf 92' lang='lat' dir='ltr'>ille</span> <span class='ocrx_word' id='word_1_264' title='bbox 287 2947 413 3009; x_wconf 80' lang='lat' dir='ltr'>Verbum</span> <span class='ocrx_word' id='word_1_265' title='bbox 444 2966 511 3008; x_wconf 88' lang='lat' dir='ltr'>oum</span> <span class='ocrx_word' id='word_1_266' title='bbox 545 2947 645 3026; x_wconf 89' lang='lat' dir='ltr'>specie</span> <span class='ocrx_word' id='word_1_267' title='bbox 677 2947 848 3020; x_wconf 82' lang='lat' dir='ltr'>coniunxit,</span> <span class='ocrx_word' id='word_1_268' title='bbox 883 2954 916 3007; x_wconf 95' lang='lat' dir='ltr'>ut</span> <span class='ocrx_word' id='word_1_269' title='bbox 945 2947 1118 3007; x_wconf 84' lang='lat' dir='ltr'>ostenderet</span> <span class='ocrx_word' id='word_1_270' title='bbox 1140 2946 1191 3008; x_wconf 87' lang='lat' dir='ltr'>Dei</span> <span class='ocrx_word' id='word_1_271' title='bbox 1213 2945 1341 3008; x_wconf 84' lang='lat' dir='ltr'>Verbum</span> 
     </span>
     <span class='ocr_line' id='line_1_28' title="bbox 109 3047 1341 3129; baseline -0.002 -17"><span class='ocrx_word' id='word_1_272' title='bbox 109 3051 288 3129; x_wconf 82' lang='lat' dir='ltr'>imaginem,</span> <span class='ocrx_word' id='word_1_273' title='bbox 322 3050 442 3127; x_wconf 87' lang='lat' dir='ltr'>liguram</span> <span class='ocrx_word' id='word_1_274' title='bbox 476 3057 507 3109; x_wconf 88' lang='lat' dir='ltr'>et</span> <span class='ocrx_word' id='word_1_275' title='bbox 535 3048 664 3128; x_wconf 87' lang='lat' dir='ltr'>speciem</span> <span class='ocrx_word' id='word_1_276' title='bbox 694 3050 741 3111; x_wconf 92' lang='lat' dir='ltr'>sui</span> <span class='ocrx_word' id='word_1_277' title='bbox 763 3048 859 3109; x_wconf 84' lang='lat' dir='ltr'>Patris</span> <span class='ocrx_word' id='word_1_278' title='bbox 887 3066 972 3121; x_wconf 91' lang='lat' dir='ltr'>esse,</span> <span class='ocrx_word' id='word_1_279' title='bbox 1007 3048 1191 3127; x_wconf 84' lang='lat' dir='ltr'>ludaeosque</span> <span class='ocrx_word' id='word_1_280' title='bbox 1213 3047 1341 3109; x_wconf 82' lang='lat' dir='ltr'>Verbum</span> 
     </span>
     <span class='ocr_line' id='line_1_29' title="bbox 109 3148 1341 3232; baseline -0.004 -17"><span class='ocrx_word' id='word_1_281' title='bbox 109 3154 228 3232; x_wconf 90' lang='lat' dir='ltr'>ipsum,</span> <span class='ocrx_word' id='word_1_282' title='bbox 260 3150 339 3230; x_wconf 93' lang='lat' dir='ltr'>quod</span> <span class='ocrx_word' id='word_1_283' title='bbox 362 3150 423 3212; x_wconf 83' lang='lat' dir='ltr'>Dei</span> <span class='ocrx_word' id='word_1_284' title='bbox 438 3150 554 3230; x_wconf 89' lang='lat' dir='ltr'>species</span> <span class='ocrx_word' id='word_1_285' title='bbox 577 3160 638 3223; x_wconf 89' lang='lat' dir='ltr'>est,</span> <span class='ocrx_word' id='word_1_286' title='bbox 668 3168 730 3211; x_wconf 90' lang='lat' dir='ltr'>nou</span> <span class='ocrx_word' id='word_1_287' title='bbox 752 3151 920 3229; x_wconf 87' lang='lat' dir='ltr'>recepisse,</span> <span class='ocrx_word' id='word_1_288' title='bbox 943 3167 1009 3211; x_wconf 89' lang='lat' dir='ltr'>eum</span> <span class='ocrx_word' id='word_1_289' title='bbox 1033 3167 1117 3222; x_wconf 86' lang='lat' dir='ltr'>eum,</span> <span class='ocrx_word' id='word_1_290' title='bbox 1138 3149 1190 3228; x_wconf 92' lang='lat' dir='ltr'>qui</span> <span class='ocrx_word' id='word_1_291' title='bbox 1211 3148 1271 3211; x_wconf 91' lang='lat' dir='ltr'>illis</span> <span class='ocrx_word' id='word_1_292' title='bbox 1293 3148 1341 3210; x_wconf 90' lang='lat' dir='ltr'>lo·</span> 
     </span>
     <span class='ocr_line' id='line_1_30' title="bbox 112 3248 1340 3332; baseline -0.003 -17"><span class='ocrx_word' id='word_1_293' title='bbox 112 3253 276 3332; x_wconf 86' lang='lat' dir='ltr'>quebatur,</span> <span class='ocrx_word' id='word_1_294' title='bbox 310 3253 443 3330; x_wconf 89' lang='lat' dir='ltr'>recipere</span> <span class='ocrx_word' id='word_1_295' title='bbox 475 3252 643 3313; x_wconf 88' lang='lat' dir='ltr'>noluerunt.</span> <span class='ocrx_word' id='word_1_296' title='bbox 688 3252 772 3313; x_wconf 89' lang='lat' dir='ltr'>Hune</span> <span class='ocrx_word' id='word_1_297' title='bbox 804 3251 904 3331; x_wconf 88' lang='lat' dir='ltr'>ipsum</span> <span class='ocrx_word' id='word_1_298' title='bbox 932 3269 997 3311; x_wconf 89' lang='lat' dir='ltr'>cum</span> <span class='ocrx_word' id='word_1_299' title='bbox 1026 3249 1151 3311; x_wconf 87' lang='lat' dir='ltr'>vidisset</span> <span class='ocrx_word' id='word_1_300' title='bbox 1171 3248 1259 3311; x_wconf 80' lang='lat' dir='ltr'>locolr</span> <span class='ocrx_word' id='word_1_301' title='bbox 1282 3248 1340 3311; x_wconf 85' lang='lat' dir='ltr'>Pa·</span> 
     </span>
     <span class='ocr_line' id='line_1_31' title="bbox 112 3349 1341 3433; baseline -0.005 -17"><span class='ocrx_word' id='word_1_302' title='bbox 112 3353 258 3425; x_wconf 85' lang='lat' dir='ltr'>triarcha,</span> <span class='ocrx_word' id='word_1_303' title='bbox 293 3352 467 3414; x_wconf 91' lang='lat' dir='ltr'>benedictus</span> <span class='ocrx_word' id='word_1_304' title='bbox 500 3362 564 3426; x_wconf 90' lang='lat' dir='ltr'>est,</span> <span class='ocrx_word' id='word_1_305' title='bbox 598 3362 628 3414; x_wconf 91' lang='lat' dir='ltr'>et</span> <span class='ocrx_word' id='word_1_306' title='bbox 655 3371 711 3433; x_wconf 95' lang='lat' dir='ltr'>pro</span> <span class='ocrx_word' id='word_1_307' title='bbox 741 3353 828 3414; x_wconf 89' lang='lat' dir='ltr'>lacob</span> <span class='ocrx_word' id='word_1_308' title='bbox 859 3351 953 3414; x_wconf 72' lang='lat' dir='ltr'>lsrael</span> <span class='ocrx_word' id='word_1_309' title='bbox 982 3351 1018 3412; x_wconf 86' lang='lat' dir='ltr'>ab</span> <span class='ocrx_word' id='word_1_310' title='bbox 1041 3372 1076 3412; x_wconf 92' lang='lat' dir='ltr'>eo</span> <span class='ocrx_word' id='word_1_311' title='bbox 1100 3358 1148 3413; x_wconf 90' lang='lat' dir='ltr'>est</span> <span class='ocrx_word' id='word_1_312' title='bbox 1167 3349 1341 3432; x_wconf 88' lang='lat' dir='ltr'>appellatus,</span> 
     </span>
     <span class='ocr_line' id='line_1_32' title="bbox 113 3447 1344 3533; baseline -0.002 -18"><span class='ocrx_word' id='word_1_313' title='bbox 113 3447 362 3533; x_wconf 78' lang='lat' dir='ltr'>quemadmodum</span> <span class='ocrx_word' id='word_1_314' title='bbox 386 3453 490 3519; x_wconf 77' lang='lat' dir='ltr'>divina</span> <span class='ocrx_word' id='word_1_315' title='bbox 506 3454 658 3533; x_wconf 87' lang='lat' dir='ltr'>Scriptura</span> <span class='ocrx_word' id='word_1_316' title='bbox 680 3454 726 3515; x_wconf 90' lang='lat' dir='ltr'>bis</span> <span class='ocrx_word' id='word_1_317' title='bbox 748 3453 847 3517; x_wconf 88' lang='lat' dir='ltr'>verbis</span> <span class='ocrx_word' id='word_1_318' title='bbox 879 3460 1038 3515; x_wconf 86' lang='lat' dir='ltr'>mem&#39;orst:</span> <span class='ocrx_word' id='word_1_319' title='bbox 1072 3452 1128 3514; x_wconf 84' lang='lat' dir='ltr'>Sol</span> <span class='ocrx_word' id='word_1_320' title='bbox 1154 3462 1255 3514; x_wconf 78' lang='lat' dir='ltr'>autern</span> <span class='ocrx_word' id='word_1_321' title='bbox 1282 3454 1344 3532; x_wconf 87' lang='lat' dir='ltr'>iper‘</span> 
     </span>
     <span class='ocr_line' id='line_1_33' title="bbox 113 3590 1344 3670; baseline -0.001 -17"><span class='ocrx_word' id='word_1_322' title='bbox 113 3597 168 3667; x_wconf 59' lang='grc' dir='ltr'>ὅσα</span> <span class='ocrx_word' id='word_1_323' title='bbox 183 3598 241 3670; x_wconf 75' lang='grc' dir='ltr'>γὰρ</span> <span class='ocrx_word' id='word_1_324' title='bbox 259 3597 275 3651; x_wconf 78' lang='grc' dir='ltr'><strong>ὅ</strong></span> <span class='ocrx_word' id='word_1_325' title='bbox 292 3596 355 3669; x_wconf 81' lang='grc' dir='ltr'>παρ’</span> <span class='ocrx_word' id='word_1_326' title='bbox 369 3595 467 3653; x_wconf 69' lang='grc' dir='ltr'><em>οὔτῶν.</em></span> <span class='ocrx_word' id='word_1_327' title='bbox 494 3605 585 3655; x_wconf 87' lang='lat' dir='ltr'>ibidem</span> <span class='ocrx_word' id='word_1_328' title='bbox 605 3606 667 3656; x_wconf 87' lang='lat' dir='ltr'>idem</span> <span class='ocrx_word' id='word_1_329' title='bbox 682 3616 705 3657; x_wconf 92' lang='lat' dir='ltr'>et</span> <span class='ocrx_word' id='word_1_330' title='bbox 752 3590 794 3659; x_wconf 73' lang='lat' dir='ltr'>ele</span> <span class='ocrx_word' id='word_1_331' title='bbox 817 3600 873 3670; x_wconf 80' lang='grc' dir='ltr'>γὰρ</span> <span class='ocrx_word' id='word_1_332' title='bbox 896 3597 962 3658; x_wconf 70' lang='grc' dir='ltr'>θεός</span> <span class='ocrx_word' id='word_1_333' title='bbox 984 3597 1042 3652; x_wconf 72' lang='grc' dir='ltr'>ἔστι</span> <span class='ocrx_word' id='word_1_334' title='bbox 1068 3603 1188 3668; x_wconf 86' lang='lat' dir='ltr'>iidemque</span> <span class='ocrx_word' id='word_1_335' title='bbox 1212 3603 1301 3654; x_wconf 85' lang='lat' dir='ltr'>ibidem</span> <span class='ocrx_word' id='word_1_336' title='bbox 1319 3610 1344 3652; x_wconf 90' lang='lat' dir='ltr'>et</span> 
     </span>
     <span class='ocr_line' id='line_1_34' title="bbox 114 3655 1344 3737; baseline 0 -14"><span class='ocrx_word' id='word_1_337' title='bbox 114 3676 170 3731; x_wconf 77' lang='lat' dir='ltr'>lleg.</span> <span class='ocrx_word' id='word_1_338' title='bbox 193 3675 215 3722; x_wconf 87' lang='lat' dir='ltr'>l.</span> <span class='ocrx_word' id='word_1_339' title='bbox 233 3665 378 3737; x_wconf 65' lang='lat' dir='ltr'>irripiens</span> <span class='ocrx_word' id='word_1_340' title='bbox 393 3667 515 3736; x_wconf 76' lang='grc' dir='ltr'>γενητὸς,</span> <span class='ocrx_word' id='word_1_341' title='bbox 541 3659 579 3725; x_wconf 69' lang='grc' dir='ltr'>εἷς</span> <span class='ocrx_word' id='word_1_342' title='bbox 596 3667 624 3720; x_wconf 74' lang='lat' dir='ltr'>lx</span> <span class='ocrx_word' id='word_1_343' title='bbox 641 3670 704 3720; x_wconf 81' lang='grc' dir='ltr'><em>πολ·</em></span> <span class='ocrx_word' id='word_1_344' title='bbox 755 3675 846 3734; x_wconf 78' lang='lat' dir='ltr'>Anglie.</span> <span class='ocrx_word' id='word_1_345' title='bbox 870 3674 967 3724; x_wconf 91' lang='lat' dir='ltr'>Gobler.</span> <span class='ocrx_word' id='word_1_346' title='bbox 994 3674 1099 3722; x_wconf 76' lang='lat' dir='ltr'>ielclnr.</span> <span class='ocrx_word' id='word_1_347' title='bbox 1120 3673 1141 3722; x_wconf 92' lang='lat' dir='ltr'>l.</span> <span class='ocrx_word' id='word_1_348' title='bbox 1159 3680 1184 3721; x_wconf 92' lang='lat' dir='ltr'>et</span> <span class='ocrx_word' id='word_1_349' title='bbox 1201 3673 1224 3721; x_wconf 79' lang='lat'>5.</span> <span class='ocrx_word' id='word_1_350' title='bbox 1243 3655 1344 3723; x_wconf 75' lang='lat' dir='ltr'>seteis</span> 
     </span>
     <span class='ocr_line' id='line_1_35' title="bbox 112 3726 1342 3804; baseline -0.002 -16"><span class='ocrx_word' id='word_1_351' title='bbox 112 3737 175 3789; x_wconf 66' lang='lat' dir='ltr'>hir.</span> <span class='ocrx_word' id='word_1_352' title='bbox 213 3740 285 3788; x_wconf 81' lang='lat' dir='ltr'>Besit.</span> <span class='ocrx_word' id='word_1_353' title='bbox 310 3750 333 3789; x_wconf 90' lang='lat' dir='ltr'>et</span> <span class='ocrx_word' id='word_1_354' title='bbox 358 3742 461 3790; x_wconf 76' lang='lat' dir='ltr'>l‘etclrm.</span> <span class='ocrx_word' id='word_1_355' title='bbox 485 3742 504 3788; x_wconf 91' lang='grc' dir='ltr'>Ι.</span> <span class='ocrx_word' id='word_1_356' title='bbox 530 3743 642 3789; x_wconf 88' lang='lat' dir='ltr'>omittunt</span> <span class='ocrx_word' id='word_1_357' title='bbox 659 3726 704 3794; x_wconf 81' lang='lat' dir='ltr'>eir.</span> <span class='ocrx_word' id='word_1_358' title='bbox 755 3733 889 3789; x_wconf 79' lang='lat' dir='ltr'>irarirou</span> <span class='ocrx_word' id='word_1_359' title='bbox 906 3733 993 3804; x_wconf 77' lang='grc' dir='ltr'>λόγος.</span> <span class='ocrx_word' id='word_1_360' title='bbox 1022 3740 1342 3789; x_wconf 82' lang='lat' dir='ltr'>lliivemetedit.Gomm.</span> 
     </span>
     <span class='ocr_line' id='line_1_36' title="bbox 113 3793 1343 3874; baseline -0.003 -17"><span class='ocrx_word' id='word_1_361' title='bbox 113 3809 158 3857; x_wconf 75' lang='lat' dir='ltr'>elii</span> <span class='ocrx_word' id='word_1_362' title='bbox 177 3818 202 3857; x_wconf 91' lang='lat' dir='ltr'>et</span> <span class='ocrx_word' id='word_1_363' title='bbox 220 3809 277 3857; x_wconf 81' lang='lat' dir='ltr'>editi</span> <span class='ocrx_word' id='word_1_364' title='bbox 303 3801 447 3872; x_wconf 74' lang='grc' dir='ltr'>λεγόμενος</span> <span class='ocrx_word' id='word_1_365' title='bbox 463 3793 501 3860; x_wconf 70' lang='grc' dir='ltr'>εἷς</span> <span class='ocrx_word' id='word_1_366' title='bbox 523 3802 651 3871; x_wconf 73' lang='grc' dir='ltr'><em>γενητὸς,</em></span> <span class='ocrx_word' id='word_1_367' title='bbox 676 3801 706 3856; x_wconf 69' lang='grc' dir='ltr'>ἐκ</span> <span class='ocrx_word' id='word_1_368' title='bbox 755 3793 794 3861; x_wconf 75' lang='lat' dir='ltr'>ele</span> <span class='ocrx_word' id='word_1_369' title='bbox 807 3803 862 3874; x_wconf 77' lang='grc' dir='ltr'>γάρ</span> <span class='ocrx_word' id='word_1_370' title='bbox 880 3801 940 3855; x_wconf 73' lang='grc' dir='ltr'>ἔστι</span> <span class='ocrx_word' id='word_1_371' title='bbox 961 3801 1007 3854; x_wconf 78' lang='grc' dir='ltr'>ταὶ</span> <span class='ocrx_word' id='word_1_372' title='bbox 1024 3798 1057 3855; x_wconf 76' lang='grc' dir='ltr'>οὗ</span> <span class='ocrx_word' id='word_1_373' title='bbox 1074 3801 1183 3862; x_wconf 72' lang='grc' dir='ltr'>πολλοὶ,</span> <span class='ocrx_word' id='word_1_374' title='bbox 1209 3801 1257 3853; x_wconf 72' lang='lat' dir='ltr'>sol</span> <span class='ocrx_word' id='word_1_375' title='bbox 1278 3799 1343 3859; x_wconf 71' lang='grc' dir='ltr'>θεός</span> 
     </span>
     <span class='ocr_line' id='line_1_37' title="bbox 112 3857 1343 3941; baseline 0 -19"><span class='ocrx_word' id='word_1_376' title='bbox 112 3872 230 3923; x_wconf 65' lang='grc' dir='ltr'>πολλῶν.</span> <span class='ocrx_word' id='word_1_377' title='bbox 268 3875 327 3924; x_wconf 88' lang='lat' dir='ltr'>ltem</span> <span class='ocrx_word' id='word_1_378' title='bbox 353 3877 410 3924; x_wconf 87' lang='lat' dir='ltr'>rbid.</span> <span class='ocrx_word' id='word_1_379' title='bbox 436 3876 532 3926; x_wconf 92' lang='lat' dir='ltr'>Gobler.</span> <span class='ocrx_word' id='word_1_380' title='bbox 558 3877 662 3926; x_wconf 80' lang='lat' dir='ltr'>Felclm.</span> <span class='ocrx_word' id='word_1_381' title='bbox 682 3877 704 3925; x_wconf 88' lang='lat' dir='ltr'>l.</span> <span class='ocrx_word' id='word_1_382' title='bbox 754 3867 832 3924; x_wconf 70' lang='lat' dir='ltr'>luter</span> <span class='ocrx_word' id='word_1_383' title='bbox 854 3867 869 3922; x_wconf 80' lang='grc' dir='ltr'><strong>ὁ</strong></span> <span class='ocrx_word' id='word_1_384' title='bbox 894 3867 976 3938; x_wconf 74' lang='grc' dir='ltr'>λόγος</span> <span class='ocrx_word' id='word_1_385' title='bbox 997 3867 1083 3941; x_wconf 81' lang='grc' dir='ltr'><em>μόνος</em></span> <span class='ocrx_word' id='word_1_386' title='bbox 1104 3868 1159 3940; x_wconf 76' lang='grc' dir='ltr'>γὰρ</span> <span class='ocrx_word' id='word_1_387' title='bbox 1185 3857 1265 3926; x_wconf 75' lang='grc' dir='ltr'><em>οὗτος</em></span> <span class='ocrx_word' id='word_1_388' title='bbox 1279 3865 1343 3938; x_wconf 77' lang='grc' dir='ltr'><strong><em>ἔχει.</em></strong></span> 
     </span>
     <span class='ocr_line' id='line_1_38' title="bbox 113 3935 1343 4006; baseline -0.002 -13"><span class='ocrx_word' id='word_1_389' title='bbox 113 3955 138 3994; x_wconf 86' lang='lat' dir='ltr'>et</span> <span class='ocrx_word' id='word_1_390' title='bbox 156 3945 213 4005; x_wconf 85' lang='lat' dir='ltr'>lteg.</span> <span class='ocrx_word' id='word_1_391' title='bbox 233 3941 256 3992; x_wconf 86' lang='lat'>2.</span> <span class='ocrx_word' id='word_1_392' title='bbox 274 3937 319 3990; x_wconf 81' lang='lat' dir='ltr'>aei</span> <span class='ocrx_word' id='word_1_393' title='bbox 337 3935 365 3990; x_wconf 83' lang='grc' dir='ltr'>οἱ</span> <span class='ocrx_word' id='word_1_394' title='bbox 380 3937 474 3990; x_wconf 75' lang='grc' dir='ltr'><em>πολλοὶ</em></span> <span class='ocrx_word' id='word_1_395' title='bbox 490 3936 579 3991; x_wconf 74' lang='grc' dir='ltr'>πόλιν,</span> <span class='ocrx_word' id='word_1_396' title='bbox 755 3945 784 3993; x_wconf 79' lang='lat' dir='ltr'>tr</span> <span class='ocrx_word' id='word_1_397' title='bbox 801 3944 857 4006; x_wconf 83' lang='lat' dir='ltr'>lleg.</span> <span class='ocrx_word' id='word_1_398' title='bbox 879 3945 900 3993; x_wconf 90' lang='lat' dir='ltr'>l.</span> <span class='ocrx_word' id='word_1_399' title='bbox 919 3946 1019 4005; x_wconf 83' lang='lat' dir='ltr'>Seguer.</span> <span class='ocrx_word' id='word_1_400' title='bbox 1038 3943 1136 3993; x_wconf 85' lang='lat' dir='ltr'>Gobler.</span> <span class='ocrx_word' id='word_1_401' title='bbox 1154 3950 1177 3991; x_wconf 91' lang='lat' dir='ltr'>et</span> <span class='ocrx_word' id='word_1_402' title='bbox 1196 3941 1301 3991; x_wconf 77' lang='lat' dir='ltr'>Felctm.</span> <span class='ocrx_word' id='word_1_403' title='bbox 1322 3941 1343 3991; x_wconf 85' lang='lat' dir='ltr'>l.</span> 
     </span>
    </p>

    <p class='ocr_par' dir='ltr' id='par_1_3' title="bbox 112 4000 1434 4429">
     <span class='ocr_line' id='line_1_39' title="bbox 148 4000 1434 4089; baseline 0.001 -31"><span class='ocrx_word' id='word_1_404' title='bbox 148 4013 164 4058; x_wconf 91' lang='lat' dir='ltr'>t.</span> <span class='ocrx_word' id='word_1_405' title='bbox 191 4012 377 4089; x_wconf 41' lang='lat' dir='ltr'>Uterqoetlteg.</span> <span class='ocrx_word' id='word_1_406' title='bbox 401 4012 541 4088; x_wconf 80' lang='lat' dir='ltr'>Segeerisn.</span> <span class='ocrx_word' id='word_1_407' title='bbox 566 4010 663 4088; x_wconf 59' lang='lat' dir='ltr'>Goblgr.</span> <span class='ocrx_word' id='word_1_408' title='bbox 682 4020 705 4061; x_wconf 88' lang='lat' dir='ltr'>et</span> <span class='ocrx_word' id='word_1_409' title='bbox 756 4003 822 4063; x_wconf 71' lang='grc' dir='ltr'>θοός</span> <span class='ocrx_word' id='word_1_410' title='bbox 846 4002 901 4076; x_wconf 76' lang='grc' dir='ltr'>γάρ</span> <span class='ocrx_word' id='word_1_411' title='bbox 927 4002 1002 4059; x_wconf 77' lang='lat' dir='ltr'>tero</span> <span class='ocrx_word' id='word_1_412' title='bbox 1026 4002 1042 4057; x_wconf 82' lang='grc' dir='ltr'><strong><em>ό</em></strong></span> <span class='ocrx_word' id='word_1_413' title='bbox 1065 4001 1162 4075; x_wconf 75' lang='grc' dir='ltr'>λόγος,</span> <span class='ocrx_word' id='word_1_414' title='bbox 1188 4001 1235 4057; x_wconf 77' lang='lat' dir='ltr'>atel</span> <span class='ocrx_word' id='word_1_415' title='bbox 1258 4000 1345 4075; x_wconf 80' lang='grc' dir='ltr'><em>μόνος</em></span> <span class='ocrx_word' id='word_1_416' title='bbox 1424 4064 1434 4075; x_wconf 54' lang='grc'>,</span> 
     </span>
     <span class='ocr_line' id='line_1_40' title="bbox 114 4068 919 4143; baseline 0 -16"><span class='ocrx_word' id='word_1_417' title='bbox 114 4078 222 4127; x_wconf 71' lang='lat' dir='ltr'>Folclm.</span> <span class='ocrx_word' id='word_1_418' title='bbox 243 4079 264 4127; x_wconf 84' lang='lat' dir='ltr'>l.</span> <span class='ocrx_word' id='word_1_419' title='bbox 284 4091 370 4131; x_wconf 81' lang='grc' dir='ltr'><em>ουτος.</em></span> <span class='ocrx_word' id='word_1_420' title='bbox 394 4077 422 4126; x_wconf 79' lang='lat' dir='ltr'>lt</span> <span class='ocrx_word' id='word_1_421' title='bbox 434 4081 474 4127; x_wconf 84' lang='lat' dir='ltr'>stu</span> <span class='ocrx_word' id='word_1_422' title='bbox 493 4086 516 4127; x_wconf 84' lang='lat' dir='ltr'>et</span> <span class='ocrx_word' id='word_1_423' title='bbox 534 4080 589 4128; x_wconf 83' lang='lat' dir='ltr'>editt</span> <span class='ocrx_word' id='word_1_424' title='bbox 608 4091 702 4130; x_wconf 75' lang='grc' dir='ltr'><em>ουτως.</em></span> <span class='ocrx_word' id='word_1_425' title='bbox 756 4068 840 4132; x_wconf 70' lang='lat' dir='ltr'>misle</span> <span class='ocrx_word' id='word_1_426' title='bbox 855 4070 919 4143; x_wconf 68' lang='grc' dir='ltr'><strong><em>ἔχει.</em></strong></span> 
     </span>
     <span class='ocr_line' id='line_1_41' title="bbox 113 4136 1310 4209; baseline -0.003 -15"><span class='ocrx_word' id='word_1_427' title='bbox 113 4145 166 4195; x_wconf 71' lang='lat' dir='ltr'>los</span> <span class='ocrx_word' id='word_1_428' title='bbox 191 4147 248 4204; x_wconf 72' lang='lat' dir='ltr'>lleg.</span> <span class='ocrx_word' id='word_1_429' title='bbox 270 4148 291 4196; x_wconf 91' lang='lat' dir='ltr'>l.</span> <span class='ocrx_word' id='word_1_430' title='bbox 316 4149 416 4208; x_wconf 87' lang='lat' dir='ltr'>Segner.</span> <span class='ocrx_word' id='word_1_431' title='bbox 440 4147 545 4203; x_wconf 76' lang='lat' dir='ltr'>notter.</span> <span class='ocrx_word' id='word_1_432' title='bbox 556 4154 581 4193; x_wconf 88' lang='lat' dir='ltr'>et</span> <span class='ocrx_word' id='word_1_433' title='bbox 598 4146 703 4194; x_wconf 77' lang='lat' dir='ltr'>Felcltm.</span> <span class='ocrx_word' id='word_1_434' title='bbox 788 4147 812 4195; x_wconf 88' lang='lat' dir='ltr'>b.</span> <span class='ocrx_word' id='word_1_435' title='bbox 832 4136 916 4209; x_wconf 81' lang='grc' dir='ltr'><em>σότοῦ</em></span> <span class='ocrx_word' id='word_1_436' title='bbox 934 4145 1002 4194; x_wconf 82' lang='lat' dir='ltr'>deest</span> <span class='ocrx_word' id='word_1_437' title='bbox 1019 4146 1042 4194; x_wconf 93' lang='lat' dir='ltr'>in</span> <span class='ocrx_word' id='word_1_438' title='bbox 1062 4144 1151 4207; x_wconf 77' lang='lat' dir='ltr'>liegl.</span> <span class='ocrx_word' id='word_1_439' title='bbox 1170 4153 1193 4192; x_wconf 93' lang='lat' dir='ltr'>et</span> <span class='ocrx_word' id='word_1_440' title='bbox 1211 4145 1310 4204; x_wconf 87' lang='lat' dir='ltr'>Segoer.</span> 
     </span>
     <span class='ocr_line' id='line_1_42' title="bbox 116 4196 1344 4276; baseline -0.006 -13"><span class='ocrx_word' id='word_1_441' title='bbox 116 4209 259 4263; x_wconf 56' lang='lat' dir='ltr'>latetur.</span> <span class='ocrx_word' id='word_1_442' title='bbox 295 4214 339 4263; x_wconf 80' lang='lat' dir='ltr'>llil</span> <span class='ocrx_word' id='word_1_443' title='bbox 363 4213 469 4276; x_wconf 87' lang='lat' dir='ltr'>editique</span> <span class='ocrx_word' id='word_1_444' title='bbox 487 4208 576 4262; x_wconf 76' lang='grc' dir='ltr'><em>πλέον.</em></span> <span class='ocrx_word' id='word_1_445' title='bbox 612 4213 703 4262; x_wconf 76' lang='lat' dir='ltr'>tutte·</span> <span class='ocrx_word' id='word_1_446' title='bbox 789 4216 805 4263; x_wconf 91' lang='lat' dir='ltr'>i.</span> <span class='ocrx_word' id='word_1_447' title='bbox 834 4215 890 4275; x_wconf 82' lang='lat' dir='ltr'>Reg.</span> <span class='ocrx_word' id='word_1_448' title='bbox 910 4214 932 4262; x_wconf 89' lang='lat' dir='ltr'>l.</span> <span class='ocrx_word' id='word_1_449' title='bbox 951 4213 1091 4274; x_wconf 83' lang='lat' dir='ltr'>etSegner.</span> <span class='ocrx_word' id='word_1_450' title='bbox 1111 4212 1224 4261; x_wconf 90' lang='lat' dir='ltr'>omittunt</span> <span class='ocrx_word' id='word_1_451' title='bbox 1247 4196 1344 4257; x_wconf 73' lang='lat' dir='ltr'>salel-</span> 
     </span>
     <span class='ocr_line' id='line_1_43' title="bbox 113 4273 1343 4349; baseline -0.005 -19"><span class='ocrx_word' id='word_1_452' title='bbox 113 4282 169 4342; x_wconf 82' lang='lat' dir='ltr'>lleg.</span> <span class='ocrx_word' id='word_1_453' title='bbox 190 4281 214 4330; x_wconf 87' lang='lat' dir='ltr'>l.</span> <span class='ocrx_word' id='word_1_454' title='bbox 232 4289 255 4329; x_wconf 93' lang='lat' dir='ltr'>et</span> <span class='ocrx_word' id='word_1_455' title='bbox 273 4281 374 4342; x_wconf 84' lang='lat' dir='ltr'>Seguer.</span> <span class='ocrx_word' id='word_1_456' title='bbox 392 4273 590 4349; x_wconf 75' lang='grc' dir='ltr'>φρονήσαντες.</span> <span class='ocrx_word' id='word_1_457' title='bbox 625 4283 704 4331; x_wconf 86' lang='lat' dir='ltr'>Ceteri</span> <span class='ocrx_word' id='word_1_458' title='bbox 755 4274 803 4334; x_wconf 77' lang='grc' dir='ltr'>δός</span> <span class='ocrx_word' id='word_1_459' title='bbox 826 4273 886 4335; x_wconf 71' lang='grc' dir='ltr'>ἐστι</span> <span class='ocrx_word' id='word_1_460' title='bbox 912 4281 1032 4344; x_wconf 88' lang='lat' dir='ltr'>iidemque</span> <span class='ocrx_word' id='word_1_461' title='bbox 1062 4287 1085 4327; x_wconf 92' lang='lat' dir='ltr'>et</span> <span class='ocrx_word' id='word_1_462' title='bbox 1114 4279 1170 4339; x_wconf 84' lang='lat' dir='ltr'>lteg.</span> <span class='ocrx_word' id='word_1_463' title='bbox 1197 4277 1219 4326; x_wconf 83' lang='lat'>2.</span> <span class='ocrx_word' id='word_1_464' title='bbox 1245 4275 1343 4328; x_wconf 84' lang='lat' dir='ltr'>Gobler.</span> 
     </span>
     <span class='ocr_line' id='line_1_44' title="bbox 112 4339 1347 4425; baseline -0.005 -26"><span class='ocrx_word' id='word_1_465' title='bbox 112 4359 137 4399; x_wconf 90' lang='lat' dir='ltr'>et</span> <span class='ocrx_word' id='word_1_466' title='bbox 155 4349 213 4398; x_wconf 77' lang='lat' dir='ltr'>editi</span> <span class='ocrx_word' id='word_1_467' title='bbox 232 4347 408 4412; x_wconf 63' lang='grc' dir='ltr'><em>φρονοῦντες.</em></span> <span class='ocrx_word' id='word_1_468' title='bbox 756 4350 861 4400; x_wconf 80' lang='lat' dir='ltr'>Felelmr.</span> <span class='ocrx_word' id='word_1_469' title='bbox 885 4350 905 4398; x_wconf 91' lang='lat' dir='ltr'>l.</span> <span class='ocrx_word' id='word_1_470' title='bbox 924 4339 1094 4425; x_wconf 68' lang='grc' dir='ltr'><em>τοῦπατρὸς</em></span> <span class='ocrx_word' id='word_1_471' title='bbox 1111 4339 1217 4394; x_wconf 75' lang='grc' dir='ltr'>ἑαυτοῦ.</span> <span class='ocrx_word' id='word_1_472' title='bbox 1240 4344 1303 4394; x_wconf 80' lang='lat' dir='ltr'>liditi</span> <span class='ocrx_word' id='word_1_473' title='bbox 1322 4353 1347 4395; x_wconf 87' lang='lat' dir='ltr'>et</span> 
     </span>
    </p>
   </div>
   <div class='ocr_carea' id='block_1_3' title="bbox 111 4406 1346 4551">
    <p class='ocr_par' dir='ltr' id='par_1_4' title="bbox 111 4406 1346 4551">
     <span class='ocr_line' id='line_1_45' title="bbox 146 4406 1096 4482; baseline -0.005 -16"><span class='ocrx_word' id='word_1_474' title='bbox 146 4432 170 4479; x_wconf 83' lang='lat' dir='ltr'>g.</span> <span class='ocrx_word' id='word_1_475' title='bbox 189 4418 248 4477; x_wconf 81' lang='lat' dir='ltr'>lleg.</span> <span class='ocrx_word' id='word_1_476' title='bbox 264 4419 285 4466; x_wconf 90' lang='lat' dir='ltr'>l.</span> <span class='ocrx_word' id='word_1_477' title='bbox 302 4426 326 4466; x_wconf 90' lang='lat' dir='ltr'>et</span> <span class='ocrx_word' id='word_1_478' title='bbox 344 4419 444 4476; x_wconf 80' lang='lat' dir='ltr'>Segner.</span> <span class='ocrx_word' id='word_1_479' title='bbox 462 4411 599 4482; x_wconf 75' lang='grc' dir='ltr'><em>κτίσματι.</em></span> <span class='ocrx_word' id='word_1_480' title='bbox 624 4416 669 4464; x_wconf 78' lang='lat' dir='ltr'>etti</span> <span class='ocrx_word' id='word_1_481' title='bbox 681 4424 705 4466; x_wconf 90' lang='lat' dir='ltr'>et</span> <span class='ocrx_word' id='word_1_482' title='bbox 756 4417 797 4466; x_wconf 87' lang='lat' dir='ltr'>elii</span> <span class='ocrx_word' id='word_1_483' title='bbox 815 4408 987 4481; x_wconf 76' lang='grc' dir='ltr'><em>τοῦπατρὸς</em></span> <span class='ocrx_word' id='word_1_484' title='bbox 1004 4406 1096 4462; x_wconf 79' lang='lat' dir='ltr'>ericae.</span> 
     </span>
     <span class='ocr_line' id='line_1_46' title="bbox 111 4470 1346 4551; baseline -0.004 -16"><span class='ocrx_word' id='word_1_485' title='bbox 111 4484 172 4535; x_wconf 81' lang='lat' dir='ltr'>editi</span> <span class='ocrx_word' id='word_1_486' title='bbox 193 4479 335 4551; x_wconf 67' lang='lat' dir='ltr'>asiagenes.</span> <span class='ocrx_word' id='word_1_487' title='bbox 370 4485 422 4534; x_wconf 83' lang='lat' dir='ltr'>llos</span> <span class='ocrx_word' id='word_1_488' title='bbox 446 4485 502 4546; x_wconf 83' lang='lat' dir='ltr'>lleg.</span> <span class='ocrx_word' id='word_1_489' title='bbox 523 4487 545 4535; x_wconf 91' lang='lat' dir='ltr'>t.</span> <span class='ocrx_word' id='word_1_490' title='bbox 563 4493 588 4534; x_wconf 86' lang='lat' dir='ltr'>et</span> <span class='ocrx_word' id='word_1_491' title='bbox 603 4485 705 4547; x_wconf 82' lang='lat' dir='ltr'>Seguer.</span> <span class='ocrx_word' id='word_1_492' title='bbox 790 4486 813 4535; x_wconf 82' lang='lat' dir='ltr'>lt.</span> <span class='ocrx_word' id='word_1_493' title='bbox 839 4485 897 4548; x_wconf 84' lang='lat' dir='ltr'>lteg.</span> <span class='ocrx_word' id='word_1_494' title='bbox 922 4492 1023 4548; x_wconf 85' lang='lat' dir='ltr'>uterque</span> <span class='ocrx_word' id='word_1_495' title='bbox 1046 4491 1070 4531; x_wconf 88' lang='lat' dir='ltr'>et</span> <span class='ocrx_word' id='word_1_496' title='bbox 1093 4481 1233 4541; x_wconf 79' lang='lat' dir='ltr'>Seguertan.</span> <span class='ocrx_word' id='word_1_497' title='bbox 1257 4470 1346 4545; x_wconf 68' lang='grc' dir='ltr'>όςσςρ.</span> 
     </span>
    </p>
   </div>
   <div class='ocr_carea' id='block_1_4' title="bbox 0 0 1481 5092">
    <p class='ocr_par' dir='ltr' id='par_1_5' title="bbox 0 0 1481 5092">
     <span class='ocr_line' id='line_1_47' title="bbox 0 0 1481 5092; baseline 0 0"><span class='ocrx_word' id='word_1_498' title='bbox 0 0 1481 5092; x_wconf 95' lang='lat' dir='ltr'> </span> 
     </span>
    </p>
   </div>
  </div>
 </body>
</html>
