2948 5092
456 269 744 317 omniomconrnt
756 269 891 321 elusos.
1223 257 1287 330 dbb

67 419 251 500 intelligimus
279 417 414 483 omnimo
442 418 596 500 opificem,
623 418 784 483 Dominum
810 438 848 493 sc
870 420 966 486 Deum
994 442 1079 498 esso,
1111 424 1234 505 eiusque
1255 423 1374 492 iuml*

65 540 106 585 res
132 518 246 585 omnes
274 520 489 601 providentiam
522 519 725 583 admirabilem
752 530 787 590 et,
809 521 1056 602 gubernationem
1088 509 1289 604 agnoscimus.

64 624 100 685 lta
120 620 271 687 ,similiter
298 640 365 685 oum
393 640 444 696 ea,
472 641 547 702 quae
575 623 719 686 hactenus
747 621 824 685 dicta
853 631 937 698 sunt,
966 625 1056 705 plane
1084 625 1232 688 sufficiant
1252 624 1291 697 od

63 724 121 786 ilii
151 722 340 804 probandam
368 722 567 798 divinitatem,
595 741 719 799 vanum,
748 722 808 785 imo
835 725 1049 797 stultissimum,
1066 728 1154 789 luerit
1175 728 1232 789 hac
1252 725 1290 817 dp

62 844 89 886 re
108 824 368 913 dubitarentque
397 825 545 887 haeretice
573 825 772 905 interrogare,
801 828 952 904 quomodo
981 827 1074 890 Filius
1101 827 1200 910 potuit
1220 846 1290 899 esse

61 926 91 987 ab
118 926 315 1007 oelepnitate,
343 925 390 988 rel
416 925 568 1006 quomodo
597 944 633 988 ex
645 925 750 988 ‘Patris
773 933 819 988 est
840 926 1005 991 substantia
1027 948 1083 992 uec
1103 937 1202 992 tameo
1224 927 1289 995 eius

60 1046 141 1107 pars,
166 1046 238 1090 cum
259 1027 288 1090 id
311 1027 446 1108 quidem,
475 1027 554 1108 quod
576 1046 612 1089 ex
634 1027 731 1108 aliquo
755 1047 824 1090 esse
845 1026 970 1104 dicitur,
1004 1030 1068 1093 eius
1088 1049 1158 1111 pars
1179 1031 1235 1105 sit,
1257 1027 1373 1095 idetis

59 1136 167 1202 autem,
191 1129 274 1208 quod
295 1128 444 1203 dividitur,
467 1129 615 1209 integrum
636 1148 698 1193 non
720 1131 800 1205 sit.¹
869 1112 882 1201 J
903 1096 941 1145 ἢ
1091 1176 1098 1183 .
1285 1172 1319 1227 2

141 1333 199 1397 33.
242 1330 307 1394 liae
338 1340 410 1395 suot
440 1330 518 1394 enim
548 1331 712 1421 flagitiosae
739 1330 956 1395 haereticorum
983 1333 1130 1412 argutiae,
1162 1350 1288 1413 quarum

60 1433 227 1496 lutilitatem
255 1433 373 1496 tametsi
395 1451 487 1512 supra
509 1432 741 1506 confutavimus,
769 1431 963 1495 nibilominus
984 1442 1120 1496 aberrata
1140 1434 1289 1497 dictorum

59 1535 177 1597 illorum
201 1533 358 1614 explicatio
380 1542 518 1612 recteque
540 1533 692 1614 perceptio
714 1534 915 1613 exemplorum
937 1534 1067 1596 nefariae
1088 1554 1192 1597 eorum
1213 1551 1287 1612 seu·

60 1635 167 1701 ennae
190 1653 296 1698 ranam
319 1634 450 1715 speeiem
472 1634 605 1714 repellet.
651 1634 770 1716 Quippe
783 1634 917 1706 ridemus
933 1654 1053 1714 semper
1068 1655 1134 1698 esse
1148 1636 1288 1708 Verbum,
1402 1655 1417 1692 a

59 1757 90 1800 ex
117 1737 236 1817 illoque
264 1755 331 1799 esse
360 1745 391 1799 et
418 1737 482 1799 eius
510 1736 667 1816 proprium
695 1754 764 1799 esse
790 1747 928 1810 naturae,
963 1736 1046 1800 cuius
1075 1745 1120 1799 est
1148 1733 1288 1814 Verbum,

58 1839 191 1919 nihilque
213 1839 246 1901 iu
268 1858 304 1901 eo
325 1838 372 1900 nel
393 1837 477 1918 prius
495 1838 540 1899 vel
562 1838 714 1918 posterius
736 1856 815 1906 esse.
857 1837 999 1901 Videmus
1013 1838 1083 1901 item
1098 1838 1289 1920 splendorem
1363 1896 1372 1913 ‚

59 1960 91 2003 cx
119 1941 195 2003 sole·
215 1958 284 2003 esse
311 1940 448 2019 illiusque
476 1957 546 2001 esse
573 1939 745 2019 proprium,
779 1958 834 2000 nec
858 1914 957 2001 flmen
987 1936 1096 2002 idcirco
1119 1939 1210 2002 dividi
1238 1947 1290 2003 aul

60 2043 154 2105 minui
183 2051 320 2105 naturam
345 2039 435 2114 solis,
464 2040 518 2102 sed
547 2047 577 2101 et
605 2057 670 2102 eam
698 2040 844 2120 integram
857 2059 1008 2125 manere,
1042 2050 1072 2104 et
1098 2041 1349 2205 splendore,⁴

59 2144 207 2224 integrum
229 2152 260 2206 et
280 2142 442 2221 perlectum
466 2160 549 2214 esse,
572 2159 669 2220 neque
690 2141 727 2203 ab
750 2161 786 2203 eo
807 2116 883 2204 luas
906 2150 1040 2204 naturam
1061 2141 1212 2215 imminui,
1235 2159 1250 2205 s

59 2253 200 2325 uuquam
228 2262 331 2307 rerum
352 2246 445 2307 istum
467 2262 503 2304 er
525 2242 573 2304 illa
596 2261 675 2305 esse.
720 2243 862 2305 Similiter
884 2243 1075 2322 intelligimus
1098 2244 1289 2330 Filium-uon¹

57 2347 245 2409 extrinsecus
268 2345 322 2408 sed
344 2363 379 2407 ex
401 2344 488 2407 Patre
511 2363 580 2406 esse
602 2345 744 2424 genitum,
767 2345 913 2425 simulque
931 2353 994 2407 tum
1008 2345 1125 2408 Patrem
1141 2346 1288 2424 integrum

56 2466 247 2530 permanere,
271 2456 333 2509 tum
356 2446 539 2509 substantiae
561 2447 685 2525 liguram
708 2466 827 2527 semper
850 2467 929 2521 esse,
952 2467 986 2508 ac
1000 2449 1158 2526 perlectam
1174 2436 1337 2526 absque·

57 2550 116 2613 ulla
138 2550 279 2611 varietate
301 2568 368 2612 cum
389 2548 477 2610 Patre
508 2567 626 2609 serrare
656 2549 878 2610 similitudinem
908 2556 938 2610 et
959 2548 1132 2627 imaginem,
1160 2548 1234 2609 adeo
1256 2555 1291 2610 ut

56 2651 110 2731 qui
132 2652 214 2712 bunc
233 2651 350 2726 viderit,
372 2651 403 2712 in
425 2650 490 2729 ipso
514 2668 631 2729 quoque
652 2658 788 2713 naturam
810 2658 841 2712 et
862 2649 1067 2722 substantiam,
1089 2650 1173 2710 cuius
1196 2650 1288 2727 figura

57 2762 118 2826 est,
141 2761 324 2815 mutuentur.
367 2752 411 2813 lix
438 2751 593 2813 efficientia
621 2750 693 2813 item
719 2752 831 2831 ligurae
852 2770 951 2813 veram
974 2748 1156 2811 substantiae
1178 2748 1287 2810 divim-

57 2863 153 2917 tatem
185 2854 384 2934 percipimus,
417 2853 667 2933 quemadmodum
696 2852 832 2941 Salvator
864 2852 929 2931 ipse
961 2851 1009 2912 his
1043 2850 1142 2912 verbis
1170 2849 1288 2912 docuit:

59 2956 126 3030 Qui
140 2957 246 3025 ‘menet
266 2961 300 3019 in
321 2976 376 3028 ms,
399 2958 464 3035 ipse
484 2957 577 3036 societ
600 2973 694 3034 opero
715 2936 792 3035 pubi
813 2973 864 3034 spo
886 2955 978 3033 focio,
1002 2959 1045 3013 et:
1069 2951 1130 3032 ligo
1154 2963 1181 3014 et
1196 2950 1290 3013 Peter
1327 3008 1342 3035 ‚

56 3077 158 3121 unum
180 3077 301 3129 snmus,
324 3065 367 3118 et:
389 3056 450 3135 Bpo
474 3061 506 3117 in
528 3056 620 3117 Putre
642 3066 672 3117 st
693 3054 786 3117 Pater
807 3059 840 3117 in
860 3074 906 3117 me
926 3064 981 3116 est.
1024 3050 1127 3132 itaque
1149 3052 1237 3132 impia
1260 3059 1290 3114 et

61 3159 186 3221 Christo
208 3159 326 3220 inimica
346 3158 482 3220 haeresis
504 3156 633 3236 primum
654 3163 749 3217 tentet
769 3174 818 3218 res
841 3157 946 3228 iacias,
971 3172 1045 3233 quae
1068 3154 1098 3214 in
1122 3151 1289 3232 exemplum

57 3268 288 3343 proponuntur,
317 3259 465 3332 dividere,
492 3255 527 3320 a'o
547 3257 660 3319 dicere:
693 3257 760 3319 Fuit
781 3257 937 3336 aliquando
960 3255 1006 3317 sol
1028 3255 1096 3315 sine
1118 3253 1288 3333 splendore,

59 3364 109 3425 vel
129 3363 272 3443 splendor
293 3369 424 3424 non'est
445 3360 585 3440 proprius
612 3365 734 3420 naturae
761 3359 852 3431 lucis,
879 3356 926 3419 rel
957 3355 1098 3436 splendor
1119 3355 1193 3417 lucis
1214 3373 1290 3435 pro·
1323 3396 1327 3405 ·
1384 3348 1389 3367 '

57 3465 146 3547 prius
168 3464 286 3544 quidem
310 3471 366 3537 est,
389 3464 443 3525 sed
465 3461 612 3523 divisione
633 3478 703 3539 pars
726 3461 790 3540 ipse
812 3467 858 3522 est
879 3458 964 3532 lucis,
987 3477 1021 3519 ac
1041 3466 1148 3536 postea
1162 3455 1292 3518 Verbum

56 3567 99 3628 illi
132 3573 287 3645 separent,
316 3565 523 3641 affirmentque
552 3562 680 3624 alienum
706 3580 774 3622 esse
796 3580 812 3622 a
834 3569 951 3633 mente,
980 3566 1030 3620 aul
1051 3556 1207 3636 aliquando
1230 3573 1292 3617 nou
1344 3574 1356 3593 0
1450 3564 1457 3585 ⁸

92 3768 114 3802 e.
133 3751 177 3801 Sic
193 3749 493 3812 Segoerinn..Gobles.'et
512 3749 616 3798 Felclm.
629 3747 652 3796 1.
704 3743 870 3810 συνορῶμεν,
906 3744 968 3792 Editi
987 3750 1010 3791 et
1028 3732 1292 3796 sliiiimisotisuvbs

57 3821 140 3872 ceteri
158 3833 217 3868 sero
235 3827 259 3867 et
269 3818 327 3867 editi
342 3809 390 3865 ml
406 3807 520 3867 πάντων
536 3814 600 3865 τῶν,
703 3805 820 3881 ὁρῶμεν.
858 3811 933 3860 Paulo
959 3817 1014 3872 post
1033 3810 1132 3870 Seguer.
1152 3806 1249 3859 Goble'r.
1268 3810 1294 3857 sl

91 3906 110 3953 i.
129 3904 171 3952 Sic
190 3903 248 3959 nee.
265 3901 338 3951 Basil.
357 3899 455 3951 Gobler.
474 3899 650 3949 latescant.
703 3869 1047 3957 5⁰¹⁰¹¹fll¹¹3l¹f⁷⁰⁵imfiv
1064 3870 1177 3945 πατέρα·
1213 3860 1294 3951 οἷ”θῗῐ
1316 3866 1339 3909 .
1436 3887 1440 3896 '

55 3980 82 4022 eg
99 3972 127 4021 5,
161 3973 191 4020 Μ
211 3970 353 4030 geganga
372 3952 405 4015 οὗ
421 3962 468 4015 καὶ
483 3961 544 4016 ἔστι
560 3960 648 4031 λόγος,
703 3957 726 3997 et
745 3949 801 3995 editt
824 3959 877 4011 μεν
894 3940 962 3991 ὄντα
980 3957 1029 3990 τον
1046 3938 1164 4014 πατέρα.-
1200 3940 1292 3999 ibidem

56 4040 138 4090 iiditio
157 4038 278 4088 commel.
296 4050 329 4084 so
344 4028 422 4084 lette
440 4027 454 4081 ὅ
472 4028 560 4097 λόγος.
702 4016 802 4092 3²3⁰st
819 4006 870 4061 ²5⁸⁴
888 4025 916 4092 ’,ε
929 4008 1099 4095 &Quill

737 4097 752 4130 n.
772 4084 871 4142 Seguer.
891 4086 1018 4143 operetur
1226 4094 1239 4125 e

90 4147 115 4193 ⁸·
133 4132 237 4189 s‘ssw·
255 4122 331 4206 ἅπας
367 4119 650 4206 Μοῑωθωὲᾱάἰῐμηᾶ
735 4149 758 4197 l.
777 4149 817 4198 Sic
834 4150 934 4208 Segner.
954 4147 1012 4206 Reg.
1030 4143 1127 4195 Gobler.
1147 4136 1292 4190 releuant.

55 4194 235 4265 Famam·
271 4197 360 4274 ΜΨ
384 4210 440 4274 ’.Ψ
463 4189 650 4273 wiffam*
701 4224 725 4267 et
742 4217 766 4265 t.
803 4215 881 4264 Ceteri
898 4220 978 4262 sutem
997 4220 1021 4261 et
1038 4210 1095 4259 editi
1113 4199 1225 4270 spireio-,¹

57 4282 120 4327 ser,
140 4281 203 4331 quae
222 4265 311 4313 desunt
329 4279 351 4312 nn
370 4263 425 4312 slnts
443 4270 467 4312 et
484 4263 563 4311 editis.
736 4284 750 4331 ΙΙ
770 4283 869 4343 segnes·
889 4281 946 4341 Μ.
965 4289 989 4329 ,2
1007 4279 1113 4327 felem
1126 4277 1150 4324 4.
1168 4266 1200 4322 ι,
1214 4282 1294 4336 70„

93 4361 117 4408 b.
135 4359 178 4408 Sic
195 4357 299 4418 Seguer.
316 4356 409 4416 buglis.
428 4354 524 4405 Gobler.
543 4352 648 4405 Fsloltm.
699 4350 765 4403 sois.
804 4350 857 4428 lion
874 4348 974 4428 Segoert.
993 4345 1090 4423 [jobler.
1111 4344 1167 4419 fleg.
1186 4339 1293 4416 Fslrbm.
1317 4334 1333 4371 ⁸

58 4427 82 4476 1.
99 4435 125 4476 et
141 4427 167 4475 le
204 4428 235 4474 st
257 4424 299 4474 slii
322 4432 347 4473 et
369 4422 427 4471 editi
449 4415 495 4468 sai
511 4414 540 4477 ἐξ
556 4411 649 4471 sitsi.
701 4418 724 4468 l.
742 4426 766 4467 et
783 4417 807 4466 d
826 4430 860 4475 nu
876 4427 944 4463 nors
961 4429 976 4460 o
992 4408 1072 4472 uiroc.
1107 4410 1153 4481 liu
1171 4416 1196 4459 et
1213 4407 1287 4465 edttto

55 4494 150 4565 ibidem
167 4493 272 4556 siesse
290 4490 391 4567 tipblsr.
407 4488 651 4548 turumberti.
701 4485 820 4536 Commsl.
839 4475 869 4532 εἴ
880 4492 948 4530 nors
964 4472 982 4543 l
997 4470 1089 4612 liliatas..
1105 4508 1114 4517 --
1158 4534 1162 4543 ἱ
