2948 5092
423 254 537 300 corium
552 258 915 329 inominanrouumnn.
1218 250 1280 312 925

55 413 138 466 stum
160 403 253 465 Deum
276 412 306 465 et
328 404 477 467 bominem
501 426 584 477 esse,
613 427 674 470 nou
702 427 793 471 uuum
824 411 875 471 sed
906 412 981 474 duos
1003 432 1058 474 vos
1081 412 1197 486 dicere3
1226 424 1366 476 neman.

55 524 144 569 cesse
165 505 258 584 igitur
279 515 326 568 est
352 526 407 570 vos
430 518 480 594 apt
500 510 665 588 passionis,
695 512 801 573 mortis
831 522 861 574 et
888 515 1122 595 resurrectionis·
1150 534 1283 577 oecono-

55 609 148 671 miam
170 626 282 668 moram
306 610 435 687 speciem
458 611 612 672 adlirmare
634 611 713 673 iuxta
736 614 913 674 Marcionem
945 624 974 675 et
1001 616 1075 675 alios
1106 618 1283 691 haereticos,
1355 644 1359 649 ·

55 724 110 780 aut
131 711 316 778 divinitatem
339 714 511 793 passibilem
532 713 693 798 secundum
709 714 808 775 Arium
824 713 947 794 eiusque
963 736 1104 796 sequaces
1120 719 1284 779 nominare.

147 820 195 881 13.
242 817 274 877 Si
296 818 374 877 enim
396 816 509 876 divinas
533 816 700 895 Scripturas
724 817 847 894 legendo
871 817 1126 890 animadvertistis,
1153 820 1182 878 in
1204 819 1368 898 Legensso.

56 929 90 982 et
110 919 285 999 Prophetis,
318 919 348 978 in
371 917 537 996 Evangeliis
560 936 678 996 quoque
701 927 731 979 et
753 919 961 996 Apostolorum
984 920 1067 980 libris
1090 920 1198 998 ubique
1219 921 1282 982 Do·

55 1023 158 1085 miuus
180 1020 308 1099 primurn
333 1021 421 1080 homo
444 1020 630 1098 praedicatur
657 1039 691 1080 ac
719 1020 825 1081 deinde
853 1023 955 1100 passio
985 1031 1153 1094 enarratur,
1187 1031 1219 1083 ut
1246 1041 1284 1085 ne

55 1122 260 1202 blasphemiae
281 1121 369 1182 verba
393 1130 493 1181 contra
513 1121 693 1182 divinitatem
709 1139 838 1199 unquam
853 1123 1051 1201 proterantur.
1097 1122 1285 1201 Quapropter

56 1241 155 1302 neque
177 1223 397 1301 generationem
421 1222 545 1282 deitatis
562 1221 651 1283 Verbi
674 1230 865 1295 enarrarunt,
897 1223 948 1283 sed
971 1223 1086 1284 Patrem
1109 1224 1284 1285 confitentur

56 1332 89 1386 et
109 1324 215 1386 Filium
238 1324 418 1403 praedicant,
442 1342 477 1383 ex
491 1323 581 1384 llaria
604 1331 702 1384 autem
724 1323 880 1385 Dominum
904 1324 995 1385 lilium
1011 1324 1099 1385 David
1123 1334 1153 1385 et
1174 1325 1283 1405 losepb

56 1426 223 1488 secuudum
245 1444 362 1486 carnem
384 1433 482 1485 ortum
505 1425 648 1497 referunt,
670 1425 719 1503 qui
743 1426 821 1485 servi
843 1427 967 1486 sormam
990 1426 1147 1495 assumsit,
1171 1435 1204 1486 ut
1226 1427 1282 1486 hu·
1323 1489 1326 1493 ,

55 1527 185 1590 manitas
208 1528 273 1588 eius
295 1526 522 1602 exhominibus
545 1543 613 1587 csse
635 1526 816 1597 crederetur,
840 1534 869 1587 et
892 1546 927 1587 ex
948 1527 1034 1587 Patre
1057 1546 1112 1587 suo
1130 1527 1192 1587 lleo
1209 1527 1282 1588 Ver·

56 1628 131 1690 bum
153 1629 232 1689 [leus
261 1635 486 1706 agnosceretur,
521 1628 571 1706 qui
600 1645 656 1706 pro
685 1627 854 1689 bominibus
884 1629 1030 1689 cruciatus
1060 1628 1199 1689 toleraret
1229 1646 1285 1707 per

56 1732 185 1792 formam
207 1729 389 1809 passibilem,
414 1748 500 1807 quam
524 1747 558 1788 ex
582 1728 752 1790 bominibus
775 1738 937 1809 acceperat,
961 1730 991 1790 in
1013 1730 1143 1808 patiente
1158 1748 1284 1809 corpore
1356 1755 1359 1760 ·

55 1831 325 1911 impassibilitatem
348 1831 533 1901 ostenderet,
562 1831 592 1891 in
619 1831 766 1892 moriente
794 1831 1042 1893 immortalitatem
1066 1841 1096 1893 et
1117 1832 1147 1892 iu
1169 1831 1284 1910 sepulto

55 1931 382 2011 incorruptibilitatem,
417 1933 447 1992 iu
476 1939 588 1993 tentato
611 1933 762 1994 victoriam
786 1943 816 1993 et
837 1934 866 1994 in
890 1943 1091 1995 veterascente
1114 1934 1283 1996 novitatem.

58 2035 138 2109 Oula
159 2043 244 2095 vetus
266 2042 370 2094 noster
391 2035 481 2094 bomo
504 2053 570 2095 cum
593 2034 643 2094 illo
666 2035 822 2095 crucifixus
846 2045 901 2107 est,
925 2036 955 2096 in
977 2036 1035 2096 hoc
1056 2035 1134 2096 enim
1158 2036 1214 2096 sits
1238 2041 1284 2096 est

57 2137 163 2218 gratia.
206 2136 304 2197 Deitas
326 2143 424 2196 autem
446 2154 500 2196 nec
522 2136 634 2214 absque
660 2154 787 2213 corpore
809 2137 938 2214 patiente
959 2137 1130 2215 passionem
1153 2153 1282 2215 unquam

58 2237 204 2307 admittit,
237 2256 293 2298 nec
324 2236 435 2315 absque
463 2237 559 2296 anima
587 2237 706 2297 dolente
735 2244 764 2296 et
786 2237 955 2314 perturbata
978 2237 1231 2315 perturbationem
1254 2246 1284 2298 et

58 2339 195 2401 dolorem
218 2338 350 2411 exbibet,
387 2357 483 2417 neque
510 2338 623 2417 absque
655 2347 754 2399 mente
777 2339 860 2399 anxia
883 2347 912 2400 et
934 2347 1037 2400 orante
1059 2338 1144 2399 anxia
1166 2348 1214 2399 est
1234 2346 1285 2399 aut

59 2450 137 2503 orat.
181 2440 337 2500 Enimvero
360 2440 427 2501 licet
448 2459 523 2518 quae
545 2440 621 2500 dicta
643 2448 715 2501 suut
734 2459 796 2501 non
817 2450 939 2501 naturae
961 2441 1074 2501 delectu
1097 2439 1283 2517 contigerint,

57 2553 188 2607 attamen
211 2542 247 2602 ad
270 2542 444 2602 existentiae
467 2542 608 2602 indicium
635 2542 709 2603 haec
740 2541 779 2602 ita
802 2542 987 2620 gerebantur.
1032 2541 1091 2601 Cur
1114 2559 1185 2618 ergo
1208 2539 1283 2600 scri-

58 2644 182 2726 psistis,
211 2644 303 2704 lleum
333 2662 399 2704 esse
428 2643 477 2721 qui
505 2644 537 2704 in
559 2662 648 2704 carne
671 2661 778 2722 passus
802 2651 848 2705 est
870 2652 900 2704 et
921 2641 1107 2704 resurrexit?
1151 2643 1181 2702 Si
1206 2640 1284 2702 enim

58 2745 141 2808 Deus
169 2747 208 2807 sit
237 2745 285 2824 qui
308 2764 362 2823 per
384 2763 501 2805 carnem
523 2764 632 2824 passus
655 2746 694 2806 sit
716 2765 749 2806 ao
771 2746 982 2817 resurrexerit,
1015 2743 1185 2824 passibilem
1213 2759 1283 2819 ergo

59 2847 160 2910 dicitis
182 2855 212 2908 et
233 2847 348 2909 Patrem
372 2854 401 2907 et
422 2846 620 2920 Paracletum,
649 2866 715 2908 cum
745 2866 836 2907 unum
865 2846 905 2906 sit
924 2865 1034 2906 nornen
1057 2855 1084 2907 et
1106 2863 1164 2906 una
1187 2843 1285 2904 divina

56 2958 174 3012 natura.

150 3256 199 3315 14.
242 3251 286 3312 Ex
317 3250 372 3310 bac
400 3259 496 3311 autem
527 3249 672 3312 sententia
701 3258 831 3310 mentem
860 3263 986 3310 vestram
1017 3265 1178 3326 agnoscere
1205 3245 1283 3317 licet,

59 3373 136 3435 quae
158 3371 230 3414 sane
251 3370 312 3412 non
335 3360 379 3412 est
401 3353 568 3412 timentium
589 3351 681 3413 lleum
704 3369 800 3430 neque
822 3350 928 3410 divinis
944 3350 1105 3428 scripturis
1128 3339 1283 3426 obtempe-

10 3454 16 3459 ’
57 3455 206 3524 randum,
229 3453 330 3532 bloyse
353 3453 470 3531 quidem
494 3453 529 3514 do
552 3452 613 3513 Deo
637 3453 800 3514 scribente:
835 3453 917 3515 Deos
946 3464 1052 3515 noster
1072 3455 1151 3532 s'gm's
1176 3468 1284 3514 conru-

58 3576 144 3619 mem
167 3565 229 3631 est,
263 3555 300 3627 de
329 3555 437 3615 carnali
467 3564 564 3616 autem
586 3555 650 3616 eius
673 3556 800 3616 adventu
821 3554 1000 3633 Prophetam
1024 3555 1064 3614 ait
1087 3572 1122 3613 ex
1144 3552 1284 3613 fratribus

59 3657 171 3719 restris
193 3675 209 3717 a
232 3655 357 3716 Domino
380 3657 573 3728 excitandum,
598 3665 627 3718 et
647 3657 735 3718 vitam
758 3657 788 3717 in
811 3656 890 3734 ligno
907 3673 1092 3733 suspensam,
1116 3655 1200 3732 quasi
1216 3672 1285 3713 cor·

96 3879 119 3925 d.
140 3878 173 3925 lta
192 3877 290 3937 Seguer.
308 3874 381 3924 llasil.
395 3876 484 3936 duglic.
499 3885 522 3924 et
537 3876 648 3925 llamasc.
733 3876 749 3924 l.
769 3876 801 3923 lta
815 3875 923 3937 Seguer.,
935 3872 1031 3923 Gobler.
1048 3885 1103 3919 vero
1118 3869 1284 3920 etFelelm.2.

58 3946 124 3996 Editi
149 3959 204 3993 sero
232 3952 254 3993 et
278 3944 318 3993 alii
343 3936 486 4008 ἡττήμασι.
525 3944 577 3992 llox
600 3944 648 3992 lla-
700 3935 840 3996 διάνοιαν,
861 3926 921 3988 οἷον
939 3933 975 3992 ὥς
990 3933 1028 4005 μὴ
1048 3939 1113 4003 (popl.
1135 3939 1210 3986 ‘Editi
1228 3929 1286 3984 ‹trd-

59 4029 138 4064 masc.
157 4007 296 4073 συνέβαινε
320 4006 355 4057 τὰ
378 4003 518 4076 γινόμενα.
557 4011 648 4060 lbidem
699 4025 787 4065 νοιαν,
807 4004 844 4075 μὴ
865 4010 929 4075 φοβ.
969 4008 1059 4056 lbidem
1078 4006 1286 4065 Seguer.Gobler.

58 4083 162 4142 Seguer.
186 4080 283 4130 Gobler.
302 4080 408 4128 Felclm.
427 4080 447 4128 l.
467 4087 490 4128 et
509 4079 649 4128 Damascen.
701 4087 724 4129 et
755 4079 860 4127 Felclm.
880 4079 901 4125 l.
928 4067 996 4140 μήτε
1023 4068 1197 4133 πειθομένων
1227 4071 1287 4123 ταῖς

57 4143 187 4204 ἐπιδείξει
203 4139 342 4210 ὑπάρξεως
359 4140 462 4210 ἐγίνετο
476 4141 520 4193 τά.
558 4147 649 4195 lbidem
700 4141 789 4198 θείαις
805 4159 849 4213 γρ.
887 4145 949 4193 Editi
974 4143 1054 4192 etalii
1081 4135 1143 4189 οὔτε
1159 4134 1287 4204 πειθομέ-

57 4219 162 4280 Seguer.
179 4207 323 4280 γενόμενα.
701 4228 758 4261 νων
776 4214 835 4266 ταῖς
852 4207 950 4277 ἁγίαις.

96 4302 118 4334 e.
138 4286 237 4347 Seguer.
252 4277 265 4329 ὁ
279 4276 325 4329 διὰ
339 4276 557 4346 σαρκὸριιάσχει,
579 4281 650 4329 malo.
736 4332 758 4377 Β.
776 4315 874 4376 Seguer.
895 4305 908 4359 g
927 4306 991 4364 θεὸς
1008 4303 1093 4376 ὑμῶν,
1123 4309 1174 4358 Mo,
1187 4308 1287 4368 Segne„

57 4355 128 4431 flt'ec
146 4343 275 4431 antetuli}
297 4343 435 4426 7&Q,·⁹⁶3’5
453 4343 467 4397 ὅ
487 4344 533 4428 deb
552 4342 651 4411 σαρκὸς
700 4384 791 4445 pngpjc·
811 4382 908 4433 copres,
927 4389 951 4429 eg
968 4380 1072 4428 Felckm,
1088 4379 1109 4427 l,
1129 4375 1176 4433 τῆς
1192 4368 1288 4439 troop-

56 4433 178 4486 nesporo
194 4431 241 4467 και
258 4429 380 4470 cronos
407 4419 494 4468 desunt
511 4433 534 4466 ru
553 4418 651 4467 Gobler.
701 4463 757 4498 m·
789 4450 851 4499 ΕΜ
870 4457 893 4499 ⁰,
911 4449 996 4498 caeleri
1016 4444 1132 4506 mesatis
1148 4436 1178 4493 gy
1196 4438 1285 4509 σαρκί,

56 4499 85 4543 0t
102 4488 209 4541 retum.
222 4487 245 4537 l.
263 4502 308 4538 nec
325 4487 388 4538 lecta
410 4494 465 4538 sunt
483 4500 497 4536 a
513 4485 615 4536 Ninnio.
