2948 5092
460 264 570 310 onemo
586 264 888 311 neormrnunor.
1226 252 1286 317 ill

66 416 193 481 merula.
237 414 282 479 lle
298 434 342 478 eo
364 415 455 478 Dauid
475 416 564 478 mium
586 417 631 480 sio
650 416 764 498 psallit:
786 417 824 479 llt
847 428 889 489 tu,
912 416 1049 490 Dandae,
1070 422 1158 482 initio
1175 431 1385 483 terrestrum·

64 520 215 600 induti,
249 529 280 581 et
307 536 404 601 opero
430 538 575 581 munuum
601 506 727 582 tuomet
750 529 824 582 seut
846 519 930 582 caeli.
975 519 1041 601 lpsi
1065 520 1225 602 peribunt,
1255 531 1290 585 tre

65 604 162 683 utere
176 637 361 701 perniones,
390 631 422 682 et
448 638 550 684 emm
579 624 660 685 sieut
679 626 890 684 uestimentum
916 629 1120 693 veterascent,
1154 633 1184 685 et
1211 627 1290 685 siret

64 727 201 786 memus
222 721 327 785 solues
350 740 400 785 eos
422 733 452 783 et
471 723 685 786 mutabantur.
731 722 774 784 Tu
796 734 894 785 nutem
917 725 993 785 idern
1015 743 1061 794 er,
1090 736 1118 787 et
1146 728 1223 785 onai
1243 729 1291 787 tui

64 843 119 886 eoae
145 823 298 905 deficient.
348 822 416 902 lpse
448 841 540 903 porro
568 823 712 887 [lamium
745 824 781 886 de
808 823 910 904 seiprso
938 843 992 904 per
1020 824 1197 904 Prophetnm
1231 827 1287 888 ait:

66 925 158 991 Videte
180 944 238 996 ne,
263 926 361 987 videte
383 926 462 1006 quod
483 944 534 1006 epo
556 945 623 987 rum
645 934 675 987 et
696 945 758 989 non
778 937 912 989 mutatus
938 945 1014 988 sum.
1058 927 1130 989 Nam
1153 926 1220 989 licet
1240 927 1289 990 bis
1371 999 1374 1009 ,

62 1028 174 1091 latratu
188 1026 354 1108 significari
368 1026 465 1107 possit
479 1027 547 1107 quis
562 1027 757 1107 respondere,
780 1028 881 1090 eadem
897 1035 994 1088 buren
1010 1027 1040 1089 iu
1056 1027 1159 1090 Filium
1177 1029 1290 1109 optime

62 1131 220 1210 quadrant,
247 1137 395 1215 quatenus
421 1129 535 1193 scilicet
555 1129 646 1191 bomo
668 1130 762 1193 lactus
783 1149 817 1193 se
838 1129 963 1192 eundem
985 1149 1103 1210 semper
1124 1140 1154 1192 et
1176 1132 1286 1194 immu-

60 1231 176 1295 tabilem
198 1229 332 1292 esselis
354 1230 499 1305 ostendit,
530 1231 580 1311 qui
602 1231 700 1310 ipsum
723 1232 762 1294 ob
784 1250 902 1294 carnem
925 1240 1069 1295 mutatum
1091 1241 1119 1294 et
1139 1232 1218 1294 aliud
1240 1234 1286 1295 la·
1375 1262 1379 1271 ·

59 1342 131 1396 mun
163 1350 237 1395 esse
270 1340 432 1395 autumant
476 1332 563 1395 Certe
590 1332 644 1396 riri
672 1335 766 1397 saneti
794 1334 915 1415 etipse
943 1334 1086 1397 Dominus
1114 1335 1201 1414 longe
1229 1334 1288 1397 lide

58 1435 211 1516 digniores
233 1442 321 1506 sunt,
351 1426 443 1515 'quam
470 1435 630 1515 impiorum
651 1437 841 1516 perversitas.
884 1436 959 1498 'Cum
982 1436 1059 1499 enlm
1083 1436 1233 1517 Scriptura
1255 1436 1286 1498 in

56 1538 185 1612 Psalmo,
211 1537 297 1599 mim
320 1535 409 1597 rerba
430 1535 597 1610 retulimus,
620 1556 719 1599 rerum
743 1539 874 1599 omnium
896 1539 1038 1600 luctarum
1061 1545 1090 1599 et
1111 1546 1287 1611 creatarum,

55 1658 128 1720 quae
149 1638 228 1701 caeli
250 1646 281 1700 et
304 1644 400 1700 terrae
421 1638 542 1700 nomine
557 1639 859 1719 comprehenduntur,
882 1639 1052 1702 mutabilem
1070 1658 1139 1701 esse
1160 1641 1288 1727 allirmet

55 1740 209 1810 nnumin.
237 1739 404 1820 Filiumque
427 1759 461 1802 ex
484 1741 542 1802 illis
565 1741 688 1816 eximat,
721 1743 908 1823 apertissime
934 1743 1080 1814 declarat,
1108 1760 1175 1803 eum
1202 1741 1285 1804 nullo

56 1843 144 1905 uodo
165 1844 278 1905 laetum
301 1861 381 1917 esse,
402 1842 457 1904 sed
478 1843 578 1923 potius
595 1843 693 1913 omnia
707 1844 744 1906 ab
767 1845 819 1905 illo
841 1844 999 1916 immutari,
1022 1846 1120 1925 ipsum
1139 1862 1208 1905 vero
1224 1862 1285 1905 nou

55 1944 158 2006 unsri
182 1943 273 2006 donet
292 1944 377 2006 bisce
397 1944 513 2008 verbis:
545 1945 586 2008 Tu
608 1958 709 2008 eutem
731 1948 808 2009 idem
830 1966 878 2020 er,
908 1957 935 2011 et
963 1951 1038 2009 coni
1059 1952 1106 2009 tui
1126 1965 1188 2008 non
1211 1944 1286 2026 defi-

57 2050 143 2110 cient.
189 2045 229 2107 Et
249 2047 356 2109 merito
378 2046 508 2126 quidem.
551 2046 684 2127 Namque
698 2066 747 2111 res
762 2049 864 2124 larue,
888 2069 952 2111 cum
976 2049 1037 2110 sint
1059 2068 1093 2110 ex
1116 2048 1207 2110 nihilo
1229 2065 1286 2110 nec

28 2144 164 2210 'luerint
183 2148 361 2228 priusquam
382 2149 475 2210 iactae
498 2157 577 2223 suut,
600 2166 727 2228 prorsus
748 2151 817 2230 quia
838 2150 921 2230 ipsae
943 2151 1017 2213 llunt
1037 2169 1102 2213 cum
1124 2158 1208 2211 antea
1224 2166 1285 2210 nou

58 2259 173 2323 meent,
204 2249 275 2312 bino
296 2249 428 2312 mutabili
450 2258 521 2313 sunt
540 2260 656 2317 natura.
698 2253 736 2313 bt
756 2251 865 2326 Filius,
894 2252 944 2332 qui
966 2261 1011 2314 est
1034 2271 1067 2315 ex
1091 2253 1177 2314 Patre
1199 2251 1281 2312 eius-

59 2371 111 2431 que
130 2360 259 2414 naturae
280 2352 422 2432 proprius
443 2360 508 2427 est,
531 2353 704 2415 mutationis
727 2362 757 2415 et
778 2354 984 2415 conversionis
1007 2365 1054 2416 est
1076 2373 1199 2434 expers,
1222 2371 1370 2421 uouemu.

60 2453 140 2515 aliter
159 2470 251 2534 wem
273 2453 341 2534 ipse
362 2453 457 2516 Pater.
502 2455 564 2516 Nec
586 2455 665 2516 enim
688 2455 731 2518 las
754 2465 801 2517 est
822 2456 930 2527 dicere,
957 2476 993 2519 ex
1015 2465 1119 2519 natura
1142 2458 1282 2519 immutu-
1383 2487 1385 2493 ·

61 2554 105 2616 bili
125 2555 269 2617 nutabile
292 2555 420 2618 Verbum
446 2565 476 2618 et
497 2557 667 2619 mutabilem
691 2558 864 2638 sapientiam
887 2559 976 2638 gigni.
1020 2559 1180 2632 Quomodo
1204 2557 1310 2619 enim·

63 2655 181 2720 terbum
204 2675 276 2719 esse
297 2657 406 2736 possit,
429 2659 455 2719 si
477 2659 617 2721 mutabile
639 2658 710 2721 est?
731 2660 774 2721 vel
798 2661 949 2739 quomodo
972 2661 1019 2733 ld,
1042 2661 1120 2740 quod
1144 2667 1283 2733 mutatur,

63 2758 199 2837 rapientia
221 2777 291 2821 esse
313 2758 424 2839 queat?
466 2760 531 2821 Nisi
553 2762 630 2822 lorte
651 2762 743 2823 velint
763 2763 808 2823 sic
830 2782 893 2825 rem
909 2781 943 2824 se
957 2762 1077 2835 babere,
1100 2770 1134 2822 ut
1146 2760 1284 2822 accidens

63 2868 102 2922 est
119 2861 151 2922 iu
172 2860 358 2934 substantia3
380 2862 420 2923 ita
443 2862 566 2935 scilieet,
589 2863 675 2925 utin
696 2864 927 2944 privataaliqua
952 2864 1116 2924 substantia
1139 2842 1283 2943 quaedam

63 2963 145 3038 petia
165 2961 309 3024 acciderit
328 2963 505 3044 uirtutisque
527 2964 662 3039 babitus,
684 2966 733 3045 qui
757 2967 812 3027 bac
833 2967 948 3027 ratione
969 2966 1117 3040 Verbum,
1139 2965 1284 3033 Filiuser

64 3063 199 3143 sapientia
219 3064 259 3125 sit
282 3064 455 3144 appellatus,
478 3066 527 3146 qui
550 3066 677 3146 proinde
699 3067 870 3129 decrescere
885 3067 985 3147 possit
999 3077 1029 3130 et
1043 3086 1187 3129 crescere.
1221 3066 1282 3127 lsta

65 3165 143 3240 emm,
164 3175 256 3246 prout
278 3167 422 3241 sentiunt,
445 3167 565 3248 saepius
586 3168 781 3248 respondere.
818 3170 926 3231 Verum
942 3188 976 3231 ea
998 3189 1058 3231 non
1075 3180 1121 3232 est
1137 3169 1283 3231 Christia-

65 3282 160 3328 uorum
182 3268 268 3329 lidos.
313 3269 387 3330 Nam
409 3269 439 3331 id
461 3288 521 3332 nou
545 3271 679 3333 ostendit
699 3289 768 3333 rere
791 3291 859 3334 esse
882 3273 1010 3334 Verbum
1040 3272 1194 3334 etlilium
1218 3271 1283 3345 llei,

66 3367 103 3428 vel
120 3368 297 3450 sapientiam
318 3390 417 3433 veram
440 3391 509 3434 esse
531 3373 717 3453 sapientiam.
760 3374 834 3436 Nam
856 3375 935 3454 quod
953 3381 1136 3436 mutatur-'et
1156 3391 1281 3434 conser-

65 3466 133 3544 btur,
153 3488 212 3533 neo
232 3472 263 3533 iu
286 3492 348 3535 uno
371 3484 401 3535 et
422 3474 527 3537 eodem
542 3483 716 3554 perseuerat
731 3485 819 3552 statu,
841 3477 993 3557 quomodo
1008 3495 1109 3538 verum
1136 3495 1203 3537 esse
1223 3493 1283 3554 po-

66 3566 136 3633 unt
177 3572 266 3653 Atqui
287 3570 433 3638 llomiuus'
453 3575 539 3639 dicit:
567 3577 631 3658 Epo
652 3597 721 3641 sum
742 3585 872 3653 veritum
902 3597 972 3658 ergo
996 3579 1021 3640 si
1049 3579 1114 3660 lpse
1137 3578 1282 3639 [lominus

64 3745 154 3809 leleluu¹
176 3760 198 3810 l.
227 3760 305 3812 ¹lox.
321 3760 425 3812 Felclnu.
445 3764 469 3813 5.
492 3762 639 3828 γεννητῶν.
727 3767 743 3816 i.
769 3766 810 3816 Sic
828 3781 886 3815 mss.
905 3780 999 3824 ornnes„
1018 3774 1115 3829 praeter
1132 3764 1281 3824 Felcltm.2‚

65 3822 130 3875 [eteri
148 3837 173 3878 et
190 3830 248 3880 cuia
263 3828 396 3895 γενητῶν.
692 3834 716 3883 in
735 3849 782 3898 quo
802 3842 825 3884 et
843 3839 865 3883 in
885 3835 956 3883 editis
973 3835 1009 3882 sic
1027 3834 1127 3894 legitur:
1145 3825 1215 3899 εἰμὴ
1227 3823 1284 3897 ἄρα

89 3893 103 3967 f.
119 3895 159 3946 Sic
177 3898 283 3959 Sernes·
296 3906 320 3947 et
338 3898 394 3975 Reg.
429 3898 491 3975 patri
509 3891 525 3959 ἢ
542 3892 639 3981 γραφὴ
690 3894 729 3954 ὥς
751 3893 782 3949 ἐν
804 3892 886 3963 οὐσίᾳ
905 3896 1101 3967 suppletionem
1119 3897 1180 3949 τινὰ
1193 3895 1282 3967 χάριν

62 3971 137 4038 pruna
160 3959 294 4028 λέγουσα,
324 3960 562 4014 sacramente
580 3983 641 4016 uror
691 3979 735 4019 ete
774 3969 832 4018 lbid.
852 3970 943 4031 buglir.
960 3962 1169 4028 καὶκαλῆσθαι
1187 3961 1304 4028 adesir„

60 4027 239 4098 umalama.
279 4034 340 4082 lbid.
364 4035 464 4096 Seguer.
489 4035 545 4096 fleg.
566 4036 640 4087 basil.
725 4038 747 4086 li.
767 4041 866 4099 seguer.
891 4029 960 4087 οὔτε.
1003 4038 1054 4086 blor
1080 4040 1157 4093 idem.
1183 4038 1281 4086 Gobler.

59 4097 145 4148 Gobler.
168 4100 276 4151 l'elclrm.
297 4102 318 4150 l.
339 4108 363 4150 et
381 4103 404 4151 5.
420 4096 538 4165 γενητὸν
555 4095 640 4151 αὐτὸν
691 4113 715 4154 et
740 4106 844 4154 Felclrm.
869 4105 889 4154 l.
915 4098 977 4152 υἱὸν
1000 4097 1108 4164 ἀληθῶς
1124 4103 1199 4153 θεοῦ.
1237 4104 1281 4151 alii

174 4168 203 4219 Et
229 4183 285 4218 mox
312 4159 474 4218 ἀλλοιοῦντα
504 4168 539 4218 τὰ
566 4163 640 4221 ἄλλοι.
692 4188 748 4223 rero
762 4181 785 4222 et
801 4174 856 4223 editi
873 4164 1192 4233 υἱὸνκαίἆληθῶςθεόν,
1220 4171 1281 4219 lbid.

55 4234 112 4285 trid
119 4230 238 4303 mede·
255 4224 328 4287 abac
345 4244 369 4287 et
386 4229 549 4315 ἇλζοοοῦντα
566 4231 639 4288 ἄλλα.
692 4241 792 4303 Seguer.
811 4246 835 4290 et
846 4240 904 4304 lteg.
922 4231 1052 4300 oderade
1070 4236 1175 4305 copiae
1192 4229 1281 4298 ἀληθῆ

83 4318 104 4364 r.
122 4305 299 4356 retrimenta.
317 4317 443 4370 γεννητο.
477 4309 523 4357 llil
542 4317 565 4357 et
584 4309 640 4357 editi
694 4303 806 4375 σοφίαν.
843 4309 905 4358 Edlrl
930 4319 954 4358 et
977 4312 1049 4359 ceteri
1075 4324 1133 4358 mss.
1152 4298 1213 4355 οὔτε
1232 4299 1282 4366 τὴν
1438 4329 1442 4338 .

51 4366 154 4433 γενηιά,
693 4372 800 4443 σοφίαν
816 4368 868 4437 τὴν
884 4368 974 4436 ἀληθῆ
992 4371 1105 4442 σοφίαν.
1385 4363 1395 4380 ’
1416 4392 1419 4401 ’

81 4443 104 4489 tr.
129 4441 227 4492 Gobler.
253 4442 362 4495 lielebm.
382 4441 405 4491 1.
431 4451 455 4494 et
472 4444 528 4508 Ress.
548 4434 642 4497 οὐσίας
726 4445 744 4494 l.
768 4444 867 4506 sepner.
893 4435 1040 4510 ἶοτάμενὸν
1062 4456 1098 4493 τε.
1141 4443 1193 4493 llos
1217 4443 1282 4493 idem

49 4506 97 4557 τοῦ
113 4499 258 4579 elephans.
693 4519 717 4575 et
733 4512 790 4576 lless.
810 4505 825 4560 b
843 4506 874 4562 dl
890 4505 991 4579 κύριος.
