2934 5078
501 263 923 343 srmrnummsumun..
1228 260 1291 325 853

65 418 148 481 servi
176 417 292 496 accepit
308 415 418 490 Filius,
452 408 561 496 quiin
589 417 684 479 torma
705 415 759 479 Dei
781 427 842 493 est,
875 418 1039 483 diminutus
1061 397 1376 503 divinitateestvon.
1427 398 1430 405 ¹

68 519 124 582 sed
156 527 259 605 eontra
291 519 447 580 universae
481 518 578 580 carnis
608 534 768 598 reumaque
797 521 931 589 omnium
959 533 1124 587 creatarum
1150 525 1292 591 liberator

67 622 133 701 ipse
161 620 225 683 iuit
268 621 305 681 Et
333 637 405 681 vero
433 619 460 681 si
481 619 562 682 Deus
583 618 690 683 Filium
718 638 805 683 suum
834 621 917 684 misit
945 641 981 685 ex
1002 625 1125 688 muliere
1147 629 1291 706 genitum,

64 723 141 785 nibil
163 741 235 784 sane
256 722 424 795 dedecoris,
446 721 499 783 sed
521 721 622 800 potius
643 721 768 801 gloriam
790 732 820 785 et
841 724 965 803 gratiam
986 713 1225 806 magnam‘nobis
1240 748 1376 794 resnou.

67 824 117 886 illa
146 825 336 905 comparavit.
381 823 533 903 Siquidem
561 824 655 886 iactus
682 824 773 885 bomo
804 832 867 898 est,
898 834 931 888 ut
950 844 1008 888 nos
1030 828 1061 917 in
1085 829 1189 911 seipso
1211 832 1291 896 Deos

35 1007 38 1011 ,
66 925 208 998 efficeret
232 928 325 988 tactus
347 932 394 987 est
415 944 450 986 ex
473 924 597 987 muliero
618 932 649 987 et
669 925 787 1005 genitus
810 934 858 989 est
880 945 916 989 cn
936 927 1066 1008 virgine,
1089 938 1122 993 nt
1143 941 1292 996 errantem
1341 1010 1344 1015 Ι

65 1029 166 1090 nostri
188 1037 287 1088 ortum
310 1028 483 1089 transferret
505 1027 536 1088 iu
558 1026 702 1107 seipsum,
725 1035 813 1108 atque
835 1026 893 1090 iam
915 1046 972 1090 uos
994 1047 1088 1110 genus
1111 1040 1246 1097 sanctum
1262 1044 1292 1098 et

65 1129 185 1192 divinae
213 1138 370 1192 consortes
392 1137 514 1191 naturae
536 1128 737 1201 efficeremur,
768 1130 1016 1209 quemadmodum
1040 1132 1163 1213 scripsit
1181 1135 1290 1199 Beatus

66 1230 183 1305 Petrus.
228 1230 312 1292 Unde
338 1232 419 1313 qood
444 1229 630 1312 impossibiie
657 1241 725 1293 erat
754 1230 825 1311 tege,
855 1235 888 1294 iu
915 1252 973 1314 pun
995 1235 1213 1314 infirmabatur
1232 1255 1291 1318 per

62 1350 203 1404 corneos,
234 1332 316 1394 Deus
344 1337 436 1395 misso
459 1332 536 1394 Fib'o
565 1350 621 1395 sao
643 1333 923 1397 imsimilitudinem
945 1340 1047 1398 corsis
1067 1341 1185 1416 peccati
1204 1349 1234 1404 et
1255 1340 1291 1404 de

58 1447 188 1517 peccato
212 1435 366 1496 damnavit
382 1445 538 1514 peceatum
559 1437 593 1496 irs
615 1450 716 1495 soree.

126 1604 131 1613 ,
151 1540 181 1600 5.
225 1535 270 1596 dn
292 1554 352 1596 non
375 1535 464 1614 igitur
484 1534 536 1609 itti,
559 1535 610 1615 qui
632 1543 794 1599 assumtam
817 1535 943 1599 aVerbo
959 1555 1087 1612 carnem,
1111 1558 1170 1620 qno
1185 1558 1290 1606 omnes

60 1637 204 1700 bomincs
237 1637 391 1710 liberaret,
426 1656 462 1699 ex
490 1637 616 1700 mortuis
648 1624 842 1701 exsuscitaret
871 1641 1098 1720 apeccatisque
1118 1641 1289 1718 redimeret,

59 1740 257 1821 vilipendunt,
280 1739 326 1801 vei
349 1739 412 1801 eius
434 1756 524 1801 causa
545 1738 652 1801 Filium
674 1739 727 1801 Dei
750 1749 888 1820 tanquam
911 1760 975 1803 rem
995 1743 1102 1806 iactam
1124 1752 1291 1808 creatumve

58 1841 291 1915 calumniantur,
313 1841 420 1920 ingrati
443 1841 582 1920 omnique
605 1840 675 1904 odio
691 1841 772 1921 digni
788 1843 881 1904 videri
896 1842 1028 1906 mneos?
1065 1845 1193 1909 Tantum
1210 1845 1291 1909 enim

57 1962 125 2007 nnn
152 1944 193 2006 ita
222 1943 347 2005 clamant
375 1943 412 2005 ad
432 1943 542 2006 Deum:
576 1943 645 2016 „Ne
673 1943 774 2005 mittas
796 1943 905 2007 Filium
931 1954 1014 2008 tunm
1046 1947 1231 2027 unigenitum
1256 1946 1290 2010 iu

56 2064 222 2122 „onmem
244 2045 307 2106 noli
328 2046 425 2125 ipsum
448 2063 567 2107 carnem
590 2063 626 2107 ex
647 2045 767 2124 Virgine
790 2047 940 2127 accipere,
963 2067 1001 2110 ne
1023 2067 1079 2110 nos
1102 2069 1119 2111 s
1141 2059 1239 2113 morte
1260 2056 1291 2113 et

10 2174 14 2180 ·
44 2157 216 2229 ·„peorato
245 2147 359 2209 liberet.
403 2147 547 2210 Nolumus
575 2147 656 2208 bunc
682 2146 764 2208 nasci
793 2148 822 2208 in
846 2167 989 2229 corpore,
1024 2169 1061 2211 ne
1083 2158 1211 2213 mortem
1232 2168 1289 2231 pro

53 2248 177 2326 „nobis
200 2248 353 2328 suscipiat,
375 2249 515 2310 nolumus
537 2247 665 2310 Verbum
687 2267 806 2311 carnem
828 2250 903 2323 fieri,
926 2268 964 2312 ne
985 2251 1082 2313 nostri
1104 2251 1140 2313 ad
1163 2261 1192 2314 te
1213 2269 1289 2332 pru-

57 2368 218 2432 „gressus
241 2350 387 2413 mediator
408 2350 439 2411 in
463 2368 498 2412 ea
518 2350 568 2411 tiat
590 2348 792 2429 caelestesque
813 2351 920 2414 domos
931 2352 1106 2415 incolamus.
1140 2351 1288 2415 Claudan-

53 2459 139 2528 „tur
160 2451 309 2514 caelorum
332 2453 446 2524 ianuae,
469 2470 507 2513 ne
529 2460 611 2513 tuum
631 2451 760 2513 Verbum
781 2470 837 2531 per
859 2453 957 2515 carnis
980 2471 1052 2516 suae
1073 2452 1206 2515 velamen
1228 2471 1287 2516 uo·

55 2553 138 2628 „bis
170 2554 226 2631 iter
253 2554 290 2615 ad
318 2553 415 2614 caelos
438 2559 593 2614 renovet.“
637 2550 682 2614 Eu
705 2571 778 2632 quas
799 2553 841 2615 itti
864 2572 953 2616 voces
975 2553 1120 2616 diabolica
1141 2573 1209 2617 cum
1230 2572 1286 2617 su·

51 2654 144 2718 dacis
176 2656 347 2735 proterunt,
381 2672 438 2732 qua
471 2653 573 2721 eadem
608 2651 766 2732 instigante
793 2672 883 2733 prava
912 2654 970 2718 sibi
997 2655 1056 2735 ipsi
1084 2655 1287 2735 excogitavere

51 2765 237 2820 commenta.
280 2755 353 2817 Nam
376 2755 426 2835 qui
448 2754 575 2816 Verbum
598 2772 717 2816 carnem
736 2756 847 2817 tactum
869 2755 994 2817 adorare
1014 2764 1163 2832 recusant,
1185 2757 1218 2818 bi
1236 2754 1286 2819 in·

52 2866 160 2940 gratos
193 2858 224 2918 iu
256 2858 320 2919 eius
353 2857 563 2936 benignitatem
593 2873 663 2918 sese
690 2856 846 2930 exhibent,
880 2875 937 2937 qua
964 2858 1122 2921 humanam
1144 2856 1288 2921 assumsit

56 2968 207 3022 naturam.
253 2958 311 3030 Qui
338 2967 435 3020 autem
458 2957 585 3019 Verbum
614 2960 640 3019 a'
657 2976 745 3018 carne
775 2957 932 3030 dirimunt,
967 2959 997 3020 bi
1019 2960 1154 3038 proiecto
1176 2958 1288 3022 uullsm

51 3062 172 3142 peccati
195 3060 410 3122 redemtionem
432 3059 579 3121 nullamve
601 3058 706 3121 mortis
729 3058 911 3121 solutionem
933 3068 1085 3122 autumant
1100 3060 1175 3124 fieri.
1211 3059 1286 3123 Ubi·

53 3181 129 3225 nam
151 3175 224 3223 vero
247 3180 381 3234 carnem,
404 3179 490 3240 quam
514 3161 650 3231 Salvator
672 3160 798 3240 accepit,
823 3178 962 3223 seorsum
984 3161 1113 3241 positam
1135 3161 1288 3241 reperient
1309 3167 1314 3177 ’

52 3262 153 3344 impii,
178 3272 262 3326 utet
284 3263 382 3325 dicere
405 3263 548 3325 audeant:
571 3261 634 3324 Nos
654 3279 715 3323 uon
738 3262 898 3324 adoramus
914 3262 1074 3329 Dominum
1098 3282 1166 3327 cnm
1187 3281 1286 3340 carue,

52 3367 114 3428 sed
141 3384 250 3446 corpus
279 3384 453 3445 separamus
481 3374 512 3424 et
539 3364 597 3425 soli
619 3363 747 3425 Domino
770 3363 944 3430 servimus?
988 3365 1066 3428 Sane
1089 3365 1193 3430 beatus
1214 3365 1285 3429 Stes

53 3468 176 3548 phanus
199 3468 356 3530 Dominum
390 3486 406 3527 a
439 3467 550 3528 dextris
585 3473 714 3528 stantem
742 3466 830 3540 vidit,
862 3467 966 3547 Angeii
989 3486 1107 3547 qnoque
1128 3467 1286 3549 Discipulis

50 3568 191 3631 aiebant:
229 3568 279 3630 Sic
312 3571 410 3632 veniet
437 3568 683 3650 quemadmodum
711 3569 831 3630 uidistis
861 3588 929 3632 eum
957 3580 1079 3633 euntem
1105 3575 1138 3633 irs
1161 3570 1284 3633 metens.

56 3669 141 3743 Quin
169 3678 198 3730 ct
226 3670 291 3749 ipse
312 3671 457 3731 Dominus
479 3670 597 3731 Patrem
626 3669 780 3749 alloquens
800 3671 887 3732 dirit:
920 3671 991 3734 Volo
1013 3682 1049 3734 ut
1070 3672 1126 3734 abi
1144 3690 1212 3733 sum
1233 3689 1285 3750 ego

50 3780 86 3834 et
108 3770 159 3832 etta·
178 3790 295 3851 seraper
317 3777 380 3834 sint
401 3791 524 3834 mecum.
570 3770 603 3833 Si
631 3770 720 3849 igitur
742 3790 811 3833 caro
835 3790 851 3832 a
874 3771 969 3834 Verbo
992 3772 1094 3852 nequit
1116 3771 1223 3844 dividi,
1247 3790 1285 3833 an

51 3890 118 3934 non
141 3890 266 3934 neccsse
288 3880 334 3934 est
355 3873 423 3934 iilos
446 3881 497 3935 aut
518 3891 620 3935 errore
643 3872 781 3953 deposito
804 3873 862 3935 iam
883 3874 1000 3936 Patrem
1023 3874 1053 3934 in
1076 3872 1198 3956 nomine
1220 3871 1282 3935 Do·
1346 3920 1349 3927 a

89 4176 111 4209 a.
131 4161 231 4221 Seguer.
249 4161 319 4211 dasii.
336 4161 459 4224 etdugiic.
477 4155 522 4207 καὶ
539 4153 644 4214 πάντας
695 4160 746 4209 bier
761 4162 859 4223 Seguer.
878 4153 1007 4227 προόδου.

50 4220 157 4294 ‘imin'
729 4263 752 4310 d.
771 4262 811 4312 Sic
829 4263 928 4325 chner.
947 4262 1020 4311 Basii.
1039 4262 1202 4325 etsngtteaa.
1237 4262 1282 4312 stit

91 4331 113 4376 b.
134 4330 174 4378 Sic
192 4331 292 4391 Seguer.
317 4338 387 4393 atqrre
406 4331 435 4378 ita
455 4331 510 4392 tegit
529 4331 643 4381 Nunnius.
695 4345 750 4379 vero
768 4342 792 4379 rt
812 4332 868 4380 editi
886 4323 935 4383 σός
953 4331 1072 4382 omittunt

50 4397 100 4446 Am
119 4405 144 4445 ‘⁸
162 4397 219 4447 Μ
238 4402 350 4447 ⁰¹⁰¹¹¹¹¹¹¹¹
367 4389 382 4456 ἢ
401 4400 556 4463 '‘mmm‘'
729 4446 750 4479 a.
768 4432 808 4481 Sic
827 4446 912 4482 ornnes
931 4444 990 4481 mss.
1026 4430 1087 4482 itate
1110 4437 1191 4481 sutem
1209 4430 1282 4483 editio

88 4512 109 4548 e.
129 4495 171 4548 Sic
187 4510 273 4549 omnes
284 4512 343 4549 mss.
374 4498 437 4551 Editi
447 4492 641 4551 terebravit«.
695 4500 812 4551 Commet.
832 4489 864 4549 οὗ
881 4499 978 4552 omittit.
