2948 5092
482 265 628 307 srrsrorn
643 264 685 306 ru.
708 265 744 308 ru
766 263 962 308 sumtum.
1283 251 1341 332 ΤΗ

122 439 177 495 nc,
201 417 310 479 Paulus
332 425 430 477 eutem
452 415 496 477 sic
518 415 634 476 scribit:
658 413 696 476 lo
718 433 774 495 quo
798 424 826 476 et
843 416 995 477 credentes
1012 419 1124 496 sr'gnuti
1137 421 1219 491 estis,
1242 429 1271 481 et
1287 419 1429 481 ite-esso.

120 539 204 582 rum:
234 518 335 580 Nolite
365 522 550 579 contristare
572 515 722 597 Spiritum
753 526 905 585 sunctum,
938 521 970 579 in
1001 538 1058 598 quo
1086 524 1200 598 signori
1219 526 1292 583 estis
1313 526 1346 584 irs

122 624 198 684 elisos
221 622 425 682 redemtionis.
470 617 592 678 Creatoe
620 624 718 678 eutem
747 617 850 677 resin
873 617 929 677 hoc
952 627 1102 696 unguntur
1125 629 1154 681 ει
1177 621 1346 700 signentur3

122 721 204 801 quod
229 720 256 781 si
284 728 400 780 creatae
427 738 475 779 res
505 719 535 778 in
564 719 621 779 hoc
644 725 795 797 unguntur
816 726 846 779 et
866 717 1029 796 signantur,
1052 739 1237 801 nequaquam
1260 741 1346 783 crea-

121 835 189 884 ture
212 822 302 883 luerit
323 821 466 899 Spiritus3
495 839 591 898 neque
620 819 698 879 euim
721 818 817 880 simile
841 827 887 878 est
909 819 988 897 quod
1010 821 1093 900 ungit
1114 822 1168 893 iis,
1192 842 1266 903 quoe
1287 843 1346 884 un·

120 932 242 1003 guntur.
286 923 404 983 Etenim
438 923 510 982 haec
542 920 641 982 unctio
669 921 756 980 llutus
788 928 836 980 est
856 919 939 991 Filii,
969 932 1000 981 ut
1023 921 1072 1000 qui
1094 922 1182 983 hebet
1204 924 1348 1003 Spiritum

122 1026 216 1086 dicat:
243 1024 358 1085 Christi
378 1024 473 1085 hortus
497 1024 573 1083 orior
596 1040 710 1083 sumus.
754 1021 849 1081 Porro
872 1022 1054 1100 signaculum
1070 1023 1176 1084 Filium
1199 1025 1347 1103 exprimit,

121 1127 163 1188 ite
186 1132 219 1185 ut
240 1124 319 1203 quod
343 1125 479 1201 signetur
501 1123 611 1183 Christi
634 1125 757 1184 formam
780 1122 902 1196 habeat,
926 1122 1040 1185 dicente
1061 1125 1222 1204 Apostolo:
1244 1125 1351 1189 Filioli

120 1231 189 1298 mci,
211 1245 286 1307 quos
309 1231 420 1286 iterum
441 1228 595 1303 parturio,
619 1226 711 1286 donec
732 1224 888 1302 formetur
911 1224 1050 1286 Christus
1073 1231 1105 1287 iro
1127 1227 1222 1289 uobis.
1259 1226 1347 1298 Quod

122 1329 151 1389 si
175 1327 304 1406 Spiritus
326 1326 425 1386 bonus
448 1325 524 1385 odor
547 1333 576 1385 et
597 1324 769 1386 lormol'ilii
792 1335 847 1398 est,
871 1325 966 1404 palam
982 1334 1030 1386 est
1043 1326 1185 1415 Sp'ffitum
1200 1347 1262 1393 uon
1279 1347 1347 1390 esso

122 1437 307 1502 creaturum,
337 1427 575 1507 quandoquidem
605 1445 660 1486 nec
681 1425 790 1498 Filius,
826 1445 891 1487 cum
921 1427 951 1486 in
973 1429 1069 1488 formo
1092 1428 1189 1490 Putris
1212 1430 1267 1500 sit,
1301 1438 1348 1491 cst

123 1539 271 1592 creature.
317 1530 400 1590 Sicut
429 1529 508 1589 enim
537 1530 586 1607 qui
615 1528 694 1589 videt
720 1527 826 1589 lilium
856 1528 936 1588 ridet
955 1528 1167 1602 Patrem-sic
1188 1530 1238 1609 qui
1260 1529 1349 1591 hebet

123 1631 269 1711 Spiritum
298 1641 449 1703 sunctum,
483 1629 572 1690 babet
594 1641 623 1690 ει
643 1628 767 1701 Filium,
799 1629 875 1690 etsi
899 1629 987 1690 babet
1010 1630 1109 1704 illurn,
1139 1631 1279 1709 templum
1302 1631 1349 1692 est

123 1732 198 1805 Ilei,
225 1741 257 1792 ut
280 1732 387 1792 Paulus
418 1731 535 1792 scribit:
565 1731 694 1792 Nescitis
724 1736 794 1812 puro
824 1732 967 1811 templum
988 1731 1139 1794 Deiectio
1162 1744 1191 1795 ιι
1212 1731 1348 1812 Spiritus

122 1832 184 1895 Dei
204 1833 318 1895 habitat
339 1837 371 1893 in
393 1830 501 1893 vobis?
544 1832 670 1892 loannes
693 1840 790 1892 nutem
814 1831 867 1891 ait:
892 1832 928 1893 ln
952 1832 1007 1893 hoc
1030 1837 1249 1911 succrescimus,
1272 1850 1349 1913 quo-

121 1938 207 1995 nium
228 1939 260 1994 in
282 1933 345 1995 lleo
367 1952 520 1994 monemus
543 1943 571 1993 et
594 1937 657 2012 ipse
680 1937 711 1993 in
733 1934 829 2003 nobis,
852 1937 993 2013 quonium
1015 1935 1051 1995 ds
1072 1933 1193 2013 Spiritu
1215 1951 1270 1994 suo
1295 1934 1348 1994 ‹ic-

121 2036 170 2097 dir
191 2034 289 2096 nobis.
334 2033 421 2105 Quod
444 2034 469 2093 si
493 2033 608 2106 Filium,
630 2033 698 2110 quio
721 2032 751 2093 in
773 2033 860 2093 Patre
882 2043 927 2094 cst
949 2034 1080 2097 etPater
1101 2035 1229 2113 inipso,
1251 2033 1434 2097 confi-esst.

119 2143 240 2194 tuemur
268 2151 328 2194 non
357 2152 425 2194 esse
455 2143 635 2206 creaturam,
663 2151 786 2212 prorsus
816 2152 940 2195 necesse
968 2143 1015 2195 est
1036 2154 1092 2196 nec
1113 2135 1256 2214 Spiritum
1279 2127 1349 2201 e'sss

122 2246 307 2308 creaturam,
337 2234 365 2294 in
395 2234 462 2312 ipso
485 2252 611 2312 namque
633 2233 725 2294 Filius
748 2242 810 2306 est,
840 2235 954 2313 etipse
977 2234 1007 2294 in
1029 2235 1115 2297 Filio.
1159 2235 1350 2315 Quapropter

123 2336 177 2416 qui
199 2335 340 2414 Spiritum
364 2336 477 2414 accipit,
502 2335 641 2414 templum
664 2334 717 2396 Dei
739 2344 794 2396 est.
837 2335 966 2396 Rursum
988 2336 1057 2397 binc
1078 2354 1141 2396 rem
1162 2337 1349 2397 animadver-

126 2446 192 2498 tere
219 2436 302 2508 lioet,
337 2437 363 2497 si
386 2437 478 2498 Filius
511 2437 563 2497 Dei
594 2436 722 2497 Verbum
745 2444 808 2509 est,
843 2454 919 2497 unus
942 2443 989 2496 est
1011 2436 1098 2497 sicuti
1121 2436 1217 2497 Peter.
1266 2435 1350 2499 Unus

125 2542 208 2600 sotim
228 2538 313 2599 Deus
335 2557 374 2598 cor
398 2557 454 2618 quo
478 2542 587 2606 omnio,
612 2550 639 2598 et
661 2556 741 2599 unus
764 2536 912 2598 Dominus
935 2536 1021 2598 lesus
1046 2536 1203 2598 Christus:
1225 2536 1351 2616 ideoque

126 2639 297 2718 unigenitus
320 2639 412 2700 Filius
441 2640 538 2700 dictus
570 2639 757 2718 scriptusque
786 2647 847 2698 cst:
877 2646 1028 2698 creaturae
1059 2645 1157 2698 eutem
1185 2635 1295 2698 multae
1317 2655 1352 2698 nc

126 2743 226 2801 variae
249 2752 329 2815 sunt,
352 2742 465 2819 Angeli,
487 2740 673 2819 Archangeli,
696 2739 865 2810 Cherubim,
888 2738 1083 2818 Principntus,
1107 2745 1136 2799 ει
1157 2747 1283 2810 coetera,
1307 2738 1350 2801 ub'

127 2842 239 2904 dictum
270 2852 326 2904 est.
372 2843 458 2914 Quod
489 2843 515 2902 si
544 2842 611 2921 quia
633 2842 726 2903 Filius
754 2859 813 2901 uon
842 2849 889 2901 est
910 2840 1087 2911 multorum,
1118 2839 1170 2900 sed
1194 2858 1271 2901 uuus
1292 2810 1353 2935 ἐς

127 2944 217 3005 sicuti
241 2943 328 3005 Pater
357 2954 402 3004 est
429 2962 523 3015 unus,
557 2961 616 3003 non
647 2950 693 3003 est
720 2949 869 3015 creaturu3
903 2958 973 3018 ergo
1002 2958 1056 3001 noc
1078 2939 1206 3018 Spiritus
1229 2946 1350 3000 sanctus

125 3048 261 3123 (oportet
282 3044 361 3105 enim
384 3064 417 3105 ex
431 3044 504 3105 Filio
518 3044 648 3123 Spiritus
672 3044 766 3104 sancti
788 3043 907 3120 assequi
929 3041 1075 3116 notitiam)
1098 3047 1231 3101 creatura
1253 3039 1352 3101 luerit.

129 3145 198 3207 Non
220 3145 298 3207 enim
321 3146 483 3207 multorum
507 3157 563 3215 est,
588 3146 640 3206 sed
664 3163 741 3207 riuus
765 3155 811 3205 est
833 3153 862 3204 et
884 3144 959 3222 ipse.

216 3657 246 3716 4.
292 3651 329 3711 Et
351 3652 407 3711 boc
429 3651 522 3729 probe
544 3659 631 3710 norat
651 3648 830 3728 Apostolus,
859 3648 909 3726 qui
939 3646 994 3707 ait:
1023 3643 1104 3706 Hoeo
1133 3657 1232 3708 autem
1256 3648 1355 3706 omnis

131 3764 282 3833 operetur
303 3772 383 3814 unus
407 3764 494 3832 utque
516 3753 592 3813 idem
613 3751 771 3830 Spiritus,
795 3750 930 3811 dividens
954 3745 1081 3824 siugulis
1100 3760 1200 3824 prosit
1222 3745 1303 3813 vult,
1326 3753 1357 3804 et

166 3940 183 3988 i.
212 3941 310 3992 Gobler.
330 3948 359 3987 et·
372 3939 477 3987 l'elclrm.
500 3939 520 3985 l.
540 3932 553 3984 ὁ
573 3931 602 3984 δὲ
619 3928 719 3999 κύριος.
773 3935 821 3985 Sed
840 3934 908 4009 lorus
927 3933 987 3983 benc
1005 3935 1086 3992 behet,
1104 3941 1175 3996 atque
1193 3938 1265 3994 prout
1283 3929 1358 3991 liquet

166 4022 188 4068 g.
210 4010 309 4085 Regtet
323 4007 397 4083 ⁸Sego.
414 3999 462 4082 prol
479 3996 511 4082 lg
524 3998 645 4082 touton(
662 4005 720 4052 ibid.
775 4017 802 4051 er
820 4014 883 4050 serre
902 4008 927 4048 ut
943 4004 1056 4063 superius
1074 3999 1257 4077 uertendusesp
1292 3996 1357 4108 ipis:

131 4066 254 4206 sliat
269 4088 360 4190 etc
377 4072 510 4202 ‘selu
526 4069 721 4201 iussn:
772 4065 1358 4211 testsztzrsssttlflssofstrecs

133 4211 197 4260 Editi
215 4226 271 4261 vcro
290 4205 373 4272 λόγου
392 4209 479 4257 babent
500 4208 623 4256 mendose.
654 4207 722 4255 lluoc
772 4199 818 4252 noi
836 4198 870 4250 τὰ
888 4195 969 4256 ἄλλα,
989 4148 1075 4269 ὅπερ
1094 4213 1200 4267 sepum
1224 4199 1311 4248 desunt
1335 4198 1359 4245 io

135 4278 215 4328 locum
235 4281 312 4344 probe
331 4277 446 4326 intellexit
464 4276 593 4333 Erasmus,
618 4276 657 4337 qui
676 4275 723 4322 boc
774 4271 872 4322 Gobler.
890 4278 915 4320 et
931 4271 1036 4320 Felclm.
1057 4271 1078 4318 l.

134 4347 208 4396 modo
234 4349 317 4396 vertit:
347 4346 373 4392 Si
396 4345 470 4393 Filius
494 4350 526 4392 est
553 4345 595 4392 llei
620 4343 721 4401 Verbum,
809 4374 832 4421 h·
851 4373 891 4421 Sic
908 4371 965 4433 neg·
984 4370 1116 4432 agmen
1153 4361 1215 4418 Epis,
1232 4374 1362 4432 perperna

133 4429 195 4464 usus
213 4423 248 4464 est
265 4416 335 4464 sicuti
353 4413 424 4461 Potor.
460 4411 564 4460 Felclm.
583 4424 638 4459 vero
653 4418 723 4472 puts·

132 4482 167 4530 sit
189 4483 320 4546 legendum
344 4494 399 4529 esso
424 4471 448 4527 εἰ
469 4462 507 4530 εἷς
529 4471 605 4526 ἐστιν
623 4469 637 4526 ὃ
655 4468 721 4528 otis.
776 4432 824 4488 οὐκ
841 4432 890 4488 ‘¹²'

1104 4550 1160 4603 lb*
