2948 5092
419 218 542 346 'uarro
556 260 589 303 u.
606 260 722 305 courru
735 258 872 305 nunus.
999 275 1002 282 ·
1205 246 1270 312 ³13

56 415 130 477 baum
149 418 372 494 promotum,
406 409 450 472 sie
477 419 508 472 ει
533 410 601 490 ipso
628 410 768 473 dominus
795 419 900 475 noster
920 420 969 474 est
989 413 1092 475 tauns.
1136 413 1357 477 dosideum.

57 527 109 578 tuoe
127 532 198 577 esse
225 511 342 593 eoepit,
370 511 424 574 sed
453 530 512 573 nos
540 530 608 574 eum
636 512 790 576 dominum
818 513 928 577 babere
951 515 1148 594 incoepimus.
1193 516 1270 580 Nam

56 616 133 690 bens,
155 615 211 695 -qui
232 614 334 676 boum
351 621 402 676 ast
421 621 452 675 et
472 613 561 677 Pater
582 613 717 688 Domini,
749 615 954 678 misericordia
981 625 1081 678 motus
1104 618 1269 699 volensque

56 728 128 780 notus
150 715 292 781 omnibus
312 716 394 789 fieri,
422 714 508 789 teuit,
534 723 568 776 ut
596 734 670 779 suus
691 716 785 779 Filius
808 736 917 798 eorpus
946 718 1108 782 humanum
1131 719 1270 785 indueret

55 819 189 899 bonoque
209 817 297 879 iiurat
318 825 348 879 ει
368 823 525 879 vocaretur
544 817 646 892 lesus,
675 826 709 880 ut
729 818 760 879 in
782 838 819 881 eo
842 837 969 900 corpore
990 838 1047 900 pro
1071 820 1211 884 omnibus
1234 840 1271 885 εε

55 921 171 983 aderens
192 936 299 981 omues
325 917 464 980 idolatria
492 925 522 980 ει
543 918 734 1000 corruptione
755 918 897 983 liberaret
918 939 953 983 ae
974 921 1107 985 omnium
1129 922 1270 985 dominus

54 1028 142 1082 atres
163 1019 260 1082 deret.
302 1017 379 1081 Eum
400 1037 471 1099 argo
493 1019 549 1082 bae
570 1020 685 1083 ratione
710 1020 863 1084 dominum
885 1029 914 1084 ει
934 1040 1035 1102 regem
1057 1025 1166 1085 fautum
1188 1042 1269 1100 esso,

55 1121 190 1200 idipsum
213 1121 361 1200 estquod
381 1120 488 1184 Petrus
509 1121 565 1183 ait:
587 1121 668 1186 Ferit
689 1141 756 1185 aum
776 1123 930 1187 domiuum
951 1135 980 1187 ει
1004 1123 1158 1189 Christum
1176 1129 1269 1199 misit,

56 1223 120 1302 quod
144 1221 226 1285 idem
254 1230 303 1285 εει
330 1241 366 1284 ao
391 1222 419 1284 si
448 1222 574 1298 diceret,
602 1222 722 1287 Patrem
751 1242 818 1287 eum
846 1223 957 1287 iecisse
983 1224 1145 1289 bominem.
1188 1225 1269 1289 Fieri

56 1325 119 1387 uin
140 1325 297 1405 proprium
324 1330 374 1386 est
392 1324 559 1387 bominum.
601 1324 663 1405 Neo
683 1344 756 1387 vero
778 1344 846 1388 eum
868 1325 1056 1389 solummodo
1077 1326 1147 1389 ierit
1167 1326 1268 1388 bomi-

56 1444 120 1500 nem,
141 1426 197 1488 sad
219 1434 253 1488 ut
273 1427 304 1488 iu
326 1445 432 1488 omnes
455 1426 659 1489 dominaretur
680 1446 794 1507 eosque
815 1428 957 1490 unctione
978 1435 1099 1492 sanctos
1119 1429 1268 1492 redderet

56 1526 192 1590 dimersi
213 1527 341 1589 Verbum
364 1527 394 1589 in
416 1529 512 1590 torma
533 1528 587 1590 Dei
608 1527 741 1592 existens
762 1529 841 1591 servi
863 1532 990 1592 formam
1012 1530 1141 1610 aceepit,
1169 1529 1268 1593 carnis

27 1706 30 1712 .
57 1637 139 1692 umen
159 1629 307 1691 assumtio
328 1629 469 1704 Verbum,
492 1630 542 1709 qui
565 1629 705 1693 domiuus
726 1634 832 1693 natura
854 1640 927 1706 erat,
951 1649 1070 1694 servum
1085 1650 1146 1693 uon
1161 1629 1270 1705 edocit,
1367 1690 1371 1694 .

56 1731 95 1792 sad
114 1731 285 1793 universam
303 1731 408 1810 potius
431 1731 585 1793 bominum
606 1739 743 1795 naturam
764 1732 865 1812 ipsum
879 1732 1009 1795 Verbum
1023 1732 1168 1808 liberarit,
1190 1732 1272 1812 quod

56 1830 184 1906 terbum,
213 1832 265 1912 qui
286 1840 390 1896 natura
411 1833 556 1896 Dominus
580 1842 665 1908 erat,
689 1834 778 1897 etiam
799 1836 893 1898 iaetus
915 1835 1006 1896 bomo
1028 1852 1083 1914 per
1105 1834 1184 1895 servi
1205 1835 1270 1895 ior·

57 1951 118 1994 nrm
138 1932 273 1995 omnium
295 1935 389 1996 faetus
411 1942 459 1997 est
480 1933 620 1996 dominus
643 1941 674 1996 ει
695 1933 849 2010 Christus,
877 1934 908 1997 id
931 1946 991 2008 εει,
1023 1942 1057 1997 ut
1085 1952 1190 1996 omnes
1217 1952 1273 2014 per

59 2033 182 2112 Spiritum
205 2035 411 2098 sanctificaret.
455 2035 551 2116 Atque
573 2044 607 2098 ut
626 2035 717 2109 Deus,
740 2037 835 2098 iaetus
859 2035 889 2097 in
904 2035 998 2098 Deum
1020 2043 1222 2116 protectorem
1242 2043 1273 2099 ει

60 2133 158 2198 diosus:
180 2134 245 2198 Bru
266 2136 331 2200 illia
352 2136 446 2209 Deus,
468 2155 531 2198 non
555 2137 742 2215 tuuomagis
764 2138 798 2199 bt
818 2138 898 2199 Deus
920 2137 967 2199 vel
987 2138 1051 2200 tieri
1074 2137 1193 2218 incipit,
1217 2136 1272 2199 sed

61 2237 124 2314 quod
143 2256 265 2318 semper
285 2245 349 2312 εει,
381 2237 411 2300 id
441 2237 529 2300 etiam
550 2239 585 2299 tit
611 2237 828 2318 indigentibus,
858 2256 926 2300 eum
952 2238 1009 2319 ipsi
1039 2238 1198 2318 placuerim
1231 2236 1274 2299 ita

62 2340 334 2420 inundationum,
367 2339 418 2419 qui
446 2348 551 2402 natura
579 2339 718 2402 domiuus
748 2348 778 2401 ει
805 2358 857 2401 rex
885 2339 1085 2419 sempiternus
1114 2347 1176 2412 εει,
1209 2355 1274 2400 nou

63 2443 136 2521 nugis
155 2443 189 2505 iit
210 2441 352 2504 domiuus
373 2448 437 2504 tum
458 2460 524 2505 oum
546 2441 682 2516 mittitur,
705 2460 803 2522 nequo
825 2441 964 2503 dominus
987 2451 1016 2502 et
1037 2460 1089 2503 rex
1110 2458 1180 2501 esse
1202 2448 1275 2501 tune

63 2540 154 2622 incipit,
176 2544 230 2607 ssd
253 2542 333 2623 quod
355 2560 474 2623 semper
496 2552 552 2617 εει,
574 2543 634 2605 boo
653 2544 752 2622 ipsum
769 2552 839 2605 tuno
860 2543 947 2604 etiam
965 2543 1129 2605 seeundum
1152 2559 1272 2602 earnem

65 2643 138 2706 iaetus
158 2654 221 2719 est,
252 2644 449 2724 omnibusque
477 2644 641 2724 redemptis
669 2646 703 2705 iit
730 2662 849 2724 quoque
869 2643 929 2704 boo
949 2643 1038 2705 modo
1062 2642 1221 2704 viventium
1243 2648 1275 2721 ει

65 2755 228 2809 mortuorum
251 2746 401 2808 dominus.
445 2746 507 2807 iam
529 2747 609 2808 enim
631 2745 701 2809 inde
717 2746 815 2808 omnia
830 2745 889 2824 ipsi
903 2745 1046 2818 serviunt,
1069 2744 1158 2823 idque
1173 2744 1273 2824 ipsum

66 2856 112 2920 εει,
135 2849 210 2928 quod
233 2849 313 2919 canit
334 2847 439 2909 David:
469 2847 559 2911 Dimit
578 2847 728 2911 Dominus
751 2848 881 2910 domiuo
901 2865 983 2918 meo,
1012 2847 1080 2908 sede
1107 2847 1270 2909 odoacris

67 2955 121 3010 utu
140 2953 231 3014 donee
255 2968 371 3032 ponam
397 2951 536 3011 inimicos
566 2961 634 3013 tuos
662 2948 826 3012 scabeilum
850 2948 961 3029 pedum
990 2958 1124 3011 tuorum.
1168 2945 1273 3026 Neque

68 3050 126 3112 eoin
145 3053 266 3116 decebat
287 3071 343 3132 per
364 3052 453 3113 alium
475 3052 691 3114 redemtionem
713 3050 788 3125 tieri,
812 3069 899 3129 quam
918 3068 1073 3131 pereum,
1096 3047 1145 3127 qui
1168 3053 1273 3111 natura

68 3148 179 3217 domnos
200 3166 283 3229 erat,
311 3172 349 3215 no
371 3152 539 3234 partilium
562 3153 654 3217 creati
674 3153 763 3216 alium
787 3152 1003 3233 appellaremus
1024 3146 1200 3222 Dominum,
1223 3156 1272 3210 at·

71 3471 233 3546 residunt..
251 3476 277 3524 iu
295 3490 344 3539 quo
362 3484 391 3526 ut
407 3477 463 3525 etin
476 3476 546 3525 oditis
562 3475 630 3525 deest
683 3475 783 3527 Gobier.
801 3484 825 3525 ει
837 3473 942 3525 Felekm.
954 3473 976 3522 1.
996 3463 1059 3520 τότε
1074 3466 1182 3536 γίνεται
1198 3463 1274 3526 θεός,

72 3548 139 3593 seror.
174 3545 226 3594 stoi
245 3545 345 3605 Saguor.
363 3539 512 3593 τουτέστιν.
540 3544 631 3593 ibidem
684 3534 738 3591 ἀλλ’
759 3534 826 3610 ὅπερ
845 3553 889 3593 ειε.
914 3542 1012 3590 omissis
1037 3541 1195 3590 intermediis.
1230 3538 1274 3615 Adii

72 3608 163 3667 trition.
186 3605 219 3660 τὸ
244 3603 341 3675 ἔλεγεν.
377 3611 436 3660 item
455 3614 555 3672 Segner.
575 3612 630 3660 ibid.
684 3619 708 3660 ει
734 3611 791 3661 odiu
819 3620 875 3674 posi
899 3608 1028 3674 γίνεσθαι
1061 3609 1174 3656 omittunt
1202 3607 1275 3660 θεος.

74 3672 143 3728 totto.
160 3688 182 3729 et
199 3678 338 3730 Feli-iuni.
349 3680 403 3730 eid.
420 3672 511 3744 ἔλεγεν
520 3674 630 3745 Πέτρος.
685 3679 745 3728 ibid.
761 3679 897 3728 Feictrmd.
916 3672 961 3725 zoi
979 3675 1036 3729 τοῖς
1055 3667 1217 3743 ἀνθρώποις
1232 3668 1275 3740 γι·

96 3777 251 3843 [δῑιΰθιίιε.
275 3781 333 3844 iirg.
360 3789 383 3831 et
407 3782 542 3831 Frlcirmau.
560 3781 585 3830 d.
604 3775 635 3830 δέ
684 3760 761 3796 '⁸¹³‘
778 3741 926 3812 δεομένοις*

74 3845 164 3899 oniunn.
718 3850 740 3897 tr.
760 3850 859 3910 Seguer.
877 3848 933 3910 Reg.
953 3820 1059 3895 Feiotm.
1077 3847 1100 3896 d.
1120 3854 1143 3894 ει
1162 3845 1184 3893 5.
1202 3834 1276 3894 καὶὸ

95 3957 111 4003 t·
131 3938 264 4001 dedeimau'.
283 3950 307 4000 4.
330 3942 434 4010 ἐδήλου.
477 3949 634 4015 paulopost
679 3908 802 3980 mma
839 3916 883 3965 Am
902 3923 926 3963 ει
944 3915 1000 3963 ΘΜ
1017 3905 1212 4023 maxema*

73 4007 146 4070 8ιιιετ.
163 4033 195 4078 ην
211 4011 351 4084 γινομένη.
383 4018 472 4069 ibidem
492 4017 591 4069 Gobier.
610 4024 635 4069 ει
718 4018 735 4067 1.
755 4018 855 4079 Seguer.
873 4015 970 4067 Gobler.
982 4023 1005 4064 ει
1014 4015 1117 4064 Feictrm
1130 4015 1151 4062 ι.
1168 4026 1213 4090 uua
1232 4002 1278 4060 ὅτε

73 4074 153 4135 ferun.
172 4088 192 4136 ι.
211 4080 275 4152 περὶ
292 4084 342 4133 τοῦ
358 4081 450 4152 λόγου.
684 4080 754 4135 κατὰ
774 4077 862 4151 σάρκα
879 4077 1039 4143 πεποίηται,
1058 4079 1277 4145 λυτρωσαμενες.

87 4179 112 4253 ‚b
126 4185 220 4249 Seguer.
241 4185 342 4239 Gobier.
350 4195 373 4238 ει
382 4187 486 4239 i'elcim.
502 4189 523 4237 1.
542 4177 635 4253 κύριος
719 4203 752 4237 m.
772 4189 872 4251 Seguar.
891 4192 914 4236 et
926 4185 1030 4235 Futclrm.
1042 4184 1065 4233 4.
1084 4176 1180 4246 ψάλλει
1197 4174 1243 4228 καὶ
1262 4174 1277 4229 ὁ
1333 4203 1335 4207 -

69 4237 140 4309 ²⁹7⁰5,
163 4263 187 4304 ut
212 4263 236 4305 et
259 4255 368 4305 Nunnius
392 4255 457 4319 legit.
494 4256 520 4305 ln
539 4256 593 4305 otiis
612 4260 636 4303 ει
686 4249 782 4320 Δαβίδ,
817 4254 862 4304 ,titi
882 4262 906 4304 et
924 4253 980 4303 editi
999 4243 1096 4315 ψάλλει
1113 4243 1207 4314 Δαβὶδ.

69 4316 120 4367 odoris
141 4323 207 4372 deest
224 4315 313 4387 λόγος.
349 4322 442 4374 ibidem
458 4323 506 4372 arui
522 4324 636 4374 omittunt
720 4371 745 4406 n·
761 4356 862 4417 sem
880 4354 979 4407 Gomon
998 4353 1135 4404 Mestum·
1148 4351 1169 4400 ¹·
1188 4339 1241 4398 m
1262 4340 1279 4409 ἢ

69 4380 143 4441 ῧῦωῑῐ·
160 4400 183 4442 ²¹
199 4392 307 4442 ΝΜ·
327 4389 352 4445 ¹·
685 4418 733 4472 διὰ
756 4422 807 4473 τοῦ
831 4415 916 4490 φύσει
931 4417 1045 4491 κυρίου,
1079 4412 1125 4468 ἵνα
1149 4411 1196 4468 διὰ
1219 4409 1280 4467 1ιῖθῦ

91 4484 153 4543 'ssu
173 4495 276 4558 Senum.
300 4492 359 4557 Bes.
380 4500 405 4544 et
421 4491 528 4545 Faiakm.
545 4489 570 4542 d.
607 4490 636 4541 tt
684 4488 738 4559 μέν
755 4501 802 4549 att·
904 4528 907 4534 Α
975 4528 978 4533 -
