2948 5092
364 261 371 273 ¹
469 252 578 299 oaarro
595 232 908 302 inconstantior.
1227 247 1286 310 tto

146 386 212 471 73.Ι
243 402 392 486 Scriptum
415 411 477 466 ast:
499 405 648 468 Dominus
670 410 820 487 rapientia
840 409 984 487 laudauit
1005 419 1133 472 terrum.
1177 411 1208 473 Si
1231 412 1376 492 igi-tnta.

65 516 111 570 tur
128 507 276 588 sapientia
299 514 407 569 terram
431 506 578 580 fundarit,
607 511 658 586 qut
680 507 744 569 beri
766 518 876 588 potest,
898 517 932 571 ut
953 509 989 582 is,
1013 510 1063 590 qui
1085 511 1197 584 tundat,
1219 513 1290 575 tun·

63 607 171 672 tetur?
215 608 324 670 Verum
356 607 386 669 id
416 608 505 670 etiam
531 608 681 689 prouerbii
709 609 804 671 instar
826 610 936 673 dietum
959 620 1021 685 est,
1056 613 1179 693 eiusque
1202 613 1290 677 uobis
1395 645 1403 657 .

63 709 231 791 quaeram
252 708 429 788 significatio
452 701 508 781 ist,
531 717 564 770 ut
584 726 808 788 cogitoscamus,
830 710 948 773 Patrem
970 713 1116 792 sapientia
1137 733 1237 777 creare
1259 723 1291 778 et

63 810 187 873 fundare
208 819 330 884 terram,
351 818 385 872 ut
405 811 489 872 firma
512 818 542 872 et
563 809 677 872 stabilis
699 820 880 890 permaneat,
902 812 998 892 ipsam
1020 832 1092 875 vero
1114 815 1291 894 sapientiam
1384 837 1387 844 ’

63 909 156 974 nocui
185 928 275 974 cauea
302 930 372 975 esse
399 911 565 984 tunoaum,
598 919 631 972 ut
659 911 794 974 videlicet
820 921 942 975 nostrae
962 931 1056 975 norae
1078 915 1237 979 creationis
1258 924 1292 979 et

62 1011 264 1075 renovationis
292 1011 473 1093 principium
501 1013 583 1074 tieret
597 1019 636 1074 ct
658 1012 891 1076 tundamentum.
935 1013 1011 1075 iiiuc
1032 1032 1089 1078 nee
1110 1016 1198 1087 eoin
1220 1017 1288 1081 loeo

61 1115 115 1178 ait:
146 1114 227 1177 Ante
247 1130 352 1174 aerum
373 1113 501 1176 Verbum
523 1112 569 1175 rel
590 1113 696 1176 Filium
719 1133 767 1176 me
784 1114 873 1190 iecit,
901 1133 940 1176 ne
961 1115 1045 1195 quasi
1068 1115 1198 1186 initium,
1228 1133 1374 1197 quonam

61 1217 124 1279 tisri
145 1214 309 1295 coepisset,
332 1213 442 1277 babere
464 1214 645 1277 crederetur.
688 1214 819 1294 Namque
841 1215 871 1278 id
887 1223 955 1277 aute
971 1217 1071 1278 omnia
1085 1218 1288 1297 quaerendum
1316 1209 1319 1213 ’

60 1326 123 1393 eat,
146 1317 174 1380 si
197 1335 304 1397 nempe
324 1315 416 1378 Filius
439 1315 505 1395 ipse
528 1323 589 1391 est,
622 1334 714 1396 eaque
736 1317 773 1380 de
794 1335 827 1378 re
848 1316 1017 1398 Scripturas
1039 1325 1109 1380 suut
1129 1319 1289 1399 praecipue

61 1418 250 1483 rmutandus.
295 1417 326 1479 id
349 1418 428 1479 enim
451 1437 518 1481 cum
540 1417 793 1497 interrogarentur
815 1426 845 1479 et
866 1418 923 1498 ipsi
945 1418 1097 1499 Apostoli,
1118 1420 1227 1483 Petrus
1248 1401 1296 1485 ita·

60 1519 232 1602 respondit:
272 1517 315 1582 Ta
342 1538 372 1582 ea
401 1519 541 1582 Christus
554 1512 668 1582 'Filius
695 1519 756 1581 uer·
783 1523 920 1582 uiuentis.
967 1520 1047 1582 idem
1073 1539 1144 1582 vero
1172 1530 1203 1584 et
1224 1521 1290 1601 ipsa

59 1631 145 1704 pater
163 1620 291 1683 Arianae
317 1620 451 1682 haeresis
479 1621 510 1681 in
538 1618 644 1701 primis
666 1628 876 1701 percunctatus
900 1629 961 1682 est:
995 1621 1032 1684 Si
1052 1621 1147 1684 Fiir'us
1169 1620 1228 1687 Dei
1246 1641 1289 1687 aa.

60 1724 125 1788 iloc
151 1722 234 1784 eninr
266 1721 418 1783 rerimtem
446 1729 477 1783 et
503 1722 695 1803 praecipuum
724 1729 856 1784 nostrae
871 1722 940 1784 fidei
971 1722 1193 1785 fundamentum
1221 1742 1290 1787 essa

60 1843 121 1887 uon
142 1821 310 1904 ignorabat,
333 1831 363 1884 et
385 1823 410 1883 si
434 1822 499 1903 ipse
521 1831 604 1884 esset
624 1822 713 1898 tilius,
736 1824 824 1885 finem
847 1822 1013 1885 habituram
1029 1841 1097 1885 ease
1113 1823 1288 1887 diabolicam

60 1925 258 2007 tyrannidem,
280 1924 328 1986 siu
350 1932 447 1986 autem
462 1932 586 1995 ‚creatus
608 1932 699 1999 esset,
721 1943 811 1987 unum
834 1943 953 2004 quoque
975 1943 1043 1986 eum
1066 1942 1135 1987 esse
1156 1944 1192 1987 ex
1207 1925 1287 1989 Adae

61 2026 209 2108 posteris,
240 2044 329 2105 quem
358 2025 428 2087 olim
458 2026 590 2106 decepit,
625 2026 809 2105 proindeque
841 2025 914 2087 nihii
943 2026 1002 2087 hoe
1024 2026 1185 2089 curandum
1207 2045 1288 2091 esse

63 2126 101 2191 tta
122 2127 261 2190 similiter
282 2126 320 2189 de
341 2145 430 2189 causa
451 2127 552 2189 Iudaei
580 2125 824 2206 indignabantur,
854 2127 933 2206 quod
962 2127 1106 2212 Dominus
1128 2147 1162 2191 se
1183 2128 1290 2191 Filium

62 2228 113 2291 bei
134 2237 166 2291 et
187 2227 281 2290 Deum
303 2228 351 2290 sui
371 2227 525 2308 proprium
548 2235 664 2307 patrem
685 2229 807 2290 diceret.
844 2227 918 2289 Nam
940 2228 966 2290 si
990 2247 1024 2289 se
1045 2245 1134 2291 unam
1150 2248 1167 2290 e
1182 2230 1289 2292 creatis

63 2330 219 2393 rabustel
246 2331 356 2392 tactum
383 2348 451 2391 esse
482 2329 621 2404 dixisset,
653 2329 728 2392 nibil
761 2330 828 2391 illos
861 2329 1086 2409 perturbassent
1117 2330 1290 2395 huiusmodi

64 2432 161 2507 rerba,
185 2449 242 2493 uec
261 2430 351 2510 impia
373 2449 441 2493 esse
464 2431 654 2506 iudicassent,
677 2438 709 2492 ut
730 2440 801 2511 pote
821 2430 928 2510 quibus
944 2448 1005 2491 non
1019 2430 1138 2503 latebat,
1160 2429 1289 2510 Angelos

64 2533 131 2596 olim
152 2533 190 2595 ad
212 2550 286 2594 suos
315 2541 414 2611 patres
443 2532 618 2594 accessisse.
663 2532 771 2593 Verum
800 2532 868 2611 quia
897 2550 931 2592 se
961 2531 1067 2593 Filium
1095 2530 1225 2604 dicebat,
1259 2530 1291 2592 id

62 2651 122 2696 non
149 2634 196 2696 rei
225 2642 342 2695 creatae
371 2634 425 2695 sed
457 2633 617 2695 divinitatis
644 2651 679 2694 ac
699 2642 841 2714 pateruae
861 2641 983 2694 naturae
1004 2640 1106 2694 uotam
1129 2650 1196 2695 esse
1217 2650 1290 2711 per-

66 2733 239 2815 spiciebaut.

145 2839 198 2899 74.
242 2834 300 2895 Par
320 2835 418 2914 itaque
441 2844 514 2909 erat,
537 2835 662 2898 Arianos
684 2833 789 2897 saltem
806 2852 892 2895 suum
908 2834 1017 2895 imitari
1032 2841 1146 2914 patrem
1161 2833 1291 2915 quidque
1383 2816 1390 2828 ’

59 2937 105 2999 rei
126 2945 208 2998 esset
229 2934 390 3014 inquirere,
413 2936 452 2997 ita
475 2943 517 3009 ut,
540 2937 568 2998 si
590 2935 715 2998 dixisset
737 2936 873 3014 quidem:
897 2935 1025 2997 Verbum
1048 2935 1092 2996 rel
1113 2934 1219 2997 Filium
1241 2953 1291 2997 me

60 3036 210 3111 mactarit,
245 3035 322 3097 idem
352 3036 498 3097 sentirent
527 3045 615 3116 atque
643 3056 723 3098 nuuc
755 3036 903 3110 sentiunt,
937 3044 967 3097 at
994 3037 1020 3097 si
1047 3054 1109 3098 uon
1130 3036 1203 3098 baec
1224 3036 1290 3100 eiua

58 3147 162 3203 essem
184 3136 285 3211 rerba,
308 3155 342 3199 ea
364 3156 483 3217 quoque
506 3157 581 3217 quae
603 3156 663 3200 non
686 3146 789 3200 esseut
803 3155 865 3199 nou
888 3137 1195 3199 comminiscerentur.
1229 3136 1291 3200 Neo

57 3243 139 3304 euim
161 3239 251 3301 dixit:
283 3239 358 3300 anto
379 3258 484 3301 aerum
507 3240 635 3302 Verbum
658 3240 704 3302 rel
726 3240 832 3301 Filium
854 3258 902 3301 me
924 3239 1072 3312 fundarit,
1099 3237 1154 3300 aed
1177 3245 1291 3301 tautum

54 3343 206 3423 [cadomi
226 3359 281 3411 me,
304 3348 337 3403 ut
357 3341 497 3403 nimirum
521 3341 674 3416 indicaret,
697 3341 945 3421 quemadmodum
960 3341 1019 3402 iam
1041 3339 1206 3413 observari,
1230 3358 1291 3403 uon

54 3452 183 3524 propter
205 3459 249 3515 se,
272 3441 325 3503 sed
348 3450 471 3522 propter
491 3442 571 3516 illos,
594 3443 645 3522 qui
666 3462 758 3524 super
779 3443 877 3524 ipsum
897 3442 1097 3517 aedificantur,
1120 3442 1194 3505 baec
1213 3459 1289 3522 pro-

93 3664 110 3712 i.
128 3661 236 3713 Faicbm.
254 3661 279 3711 4.
296 3655 391 3726 icturi.
703 3674 751 3709 ναι
774 3652 789 3720 ἢ
814 3660 886 3726 τρεῖς
909 3655 1042 3721 θεότητος
1065 3652 1162 3717 itur„
1183 3660 1210 3711 u
1238 3668 1291 3712 aat:

93 3731 117 3779 i.
135 3731 237 3791 Seguer.
257 3730 354 3779 Gobter.
370 3729 475 3779 Fatetur.
487 3729 508 3778 1.
519 3737 543 3779 et
556 3729 578 3778 t.
598 3719 650 3776 ἀλλ’
704 3731 761 3779 Filii
778 3737 884 3779 naturum
901 3732 949 3779 siue
967 3731 1089 3779 essentiam
1106 3745 1153 3779 oea
1162 3731 1219 3780 dicit
1228 3730 1292 3793 fitia-

61 3791 151 3856 ἐπειδὴ
171 3789 234 3844 aibr
251 3787 349 3844 icaria
365 3788 406 3844 ἕλε
426 3808 464 3844 εν.
488 3797 533 3845 atii
544 3804 568 3845 et
578 3796 652 3846 editio
704 3800 749 3847 tem
771 3799 812 3846 sed
833 3804 968 3861 paternam:
992 3800 1111 3861 ipsamque
1128 3799 1166 3848 bic
1184 3805 1205 3848 et
1223 3803 1293 3847 antec

63 3865 180 3916 (lutumst.
197 3856 289 3922 ἐπειδὴ
314 3849 363 3913 οὖν
385 3857 447 3913 otia
471 3861 537 3912 θεοῦ
555 3856 654 3928 ἑαυτὸν
701 3872 822 3929 paternum
834 3864 965 3928 oppetierit,
983 3880 1012 3913 ne
1027 3867 1079 3929 quir
1094 3870 1246 3914 traiecturus
1258 3864 1294 3913 rei

63 3924 158 3998 ἔλεγεν.
704 3934 816 3981 aasentias
823 3938 925 3981 sanctum
932 3939 953 3981 et
964 3933 1183 3982 consubstantialem
1192 3932 1294 3982 biada-

95 4002 111 4050 t.
129 4000 231 4062 Saguer.
249 3988 317 4046 ittet
333 3991 470 4058 θεότητος.
504 3998 616 4048 ttiiraro
630 4005 655 4049 at
704 4006 810 4049 temesae
822 4000 857 4048 ret
869 4007 915 4049 tres
925 4002 1017 4049 omuino
1028 4000 1159 4049 divinitates
1169 4000 1293 4049 existimat.

63 4059 421 4126 mittdtttmteetrqzcc
457 4066 652 4116 ibideminCcd.
739 4080 770 4115 ut.
790 4068 830 4116 Sic
854 4067 954 4128 Seguer.
978 4066 1050 4117 basii.
1070 4066 1168 4115 Gobier.
1186 4065 1292 4116 teleta.

63 4135 187 4186 basiliensi
207 4135 271 4184 baec
285 4142 361 4184 exstat
379 4144 449 4183 nota:
473 4124 518 4181 ὅτι
533 4127 584 4211 apa
601 4127 652 4195 qai·
706 4134 796 4184 tort.
831 4136 859 4184 tt
876 4135 917 4184 atii
936 4143 960 4185 et
976 4135 1034 4184 editi
1051 4124 1156 4199 εἴρηκεν
1173 4125 1291 4197 iio'yoc,

63 4200 174 4251 carrad
191 4194 253 4250 cieri
271 4193 333 4261 ἤτοι
349 4195 400 4261 τὴν
417 4193 515 4249 οὐσίαν
532 4215 564 4248 ου
581 4195 653 4264 λέγει
703 4194 764 4251 υἱόν
780 4215 816 4267 με
833 4210 878 4252 etc.
1119 4216 1124 4222 ·

63 4263 138 4330 oiair
154 4265 217 4336 [sic]
235 4262 302 4316 ἀλλὰ
313 4265 461 4348 πατρικήν·
479 4263 525 4316 καὶ
540 4252 593 4317 ὦδε
607 4262 653 4316 καὶ
738 4285 761 4320 ιι.
781 4269 836 4318 tiss.
854 4263 961 4321 torrete
978 4276 1074 4332 praeter
1091 4265 1232 4317 Polemi.
1251 4267 1293 4332 qai
1377 4336 1384 4346 ι

63 4332 114 4417 ppt
133 4329 374 4417 rodaco-indiscunt
397 4328 650 4417 porpv'nmptarp‘,
704 4345 730 4388 ut
749 4346 772 4387 et
790 4337 847 4416 editi
867 4328 967 4389 αὐτοῖς,
1047 4403 1051 4413 .
1165 4402 1188 4413 ..
1275 4401 1289 4413 ..

65 4419 108 4453 aaa
128 4420 169 4472 μη
188 4417 261 4473 τροις
278 4415 377 4471 φυσεις
396 4421 410 4465 η
431 4416 527 4458 auctor
544 4417 584 4458 τις
602 4418 653 4464 την
738 4419 762 4456 ο.
780 4407 933 4468 SrcSegner.
955 4412 979 4454 at
995 4403 1091 4466 Regius.
1127 4403 1190 4453 Edita
1208 4408 1232 4452 et
1248 4401 1291 4452 atu

64 4462 146 4539 dria
160 4466 209 4522 aet
226 4464 376 4540 ὅμοοὺσιον
392 4465 493 4540 τριάδα
504 4468 605 4541 νομίσῃ
617 4460 653 4523 al·
703 4464 975 4539 bromudopappirovc.
