2948 5092
184 221 249 284 252
591 232 617 277 ε.
632 224 1024 276 ιττιιιιειιιιιοοιτνιοιονι

99 385 247 450 εαυτοῦ
270 380 459 466 πνεύματος
481 377 580 464 δοτὴρ
602 374 620 444 δ
642 378 753 465 κόριος
775 371 813 443 οὗ
828 386 1044 461 παραιτεῖται
1060 377 1168 446 εἰπεῖν
1192 377 1226 445 ἐν
1252 376 1422 461 πνεύματι

190 481 359 569 ἐκβάλλειν
374 480 417 548 τά
434 479 591 564 δαιμόνια
611 476 656 558 ὥς
674 477 865 564 ἄνθρωπος,
883 477 940 543 τὸν
958 471 1058 544 αὐτόν
1075 473 1235 564 τρόπονό
1253 473 1354 557 αὐτὸς
1371 473 1420 544 ὢν

101 604 179 649 ms.
189 587 248 652 τοῦ
263 579 453 668 πνεύματος
464 579 564 667 δοτὴρ
575 575 614 645 οό
630 577 844 666 παρῃτήσπο
857 578 976 662 λέγειν’
994 582 1125 663 πνεῦμά
1139 585 1270 664 ικυρίου
1283 574 1335 646 ἐπ’
1350 577 1418 664 ἐμέ,

190 673 229 752 οὗ
252 684 372 752 εἵνεκεν
395 683 502 769 ἐ’χρισέ
522 684 603 764 μει),
628 679 744 746 διὰτὸ
766 680 964 766 γεγενῆσθαι
986 674 1086 745 αὐτόν
1109 677 1230 767 σάρκα,
1254 676 1300 758 ιός
1323 673 1420 748 εἶπεν

190 780 386 870 δ’ίιοάννης,
411 783 467 849 ἵνα
489 783 606 868 δειχθῇ
631 777 685 846 ότι
706 778 789 845 κατά
810 778 852 845 τά
874 774 1049 867 άμφότερα
1070 777 1166 868 ἡμεῖς
1187 780 1285 863 ἐσμεν
1308 781 1342 846 οί
1363 783 1419 847 καί

190 885 224 953 ἐν
246 888 293 972 τῷ
316 880 515 969 άγιάζεσθαι
538 881 688 965 δεόμενοι
710 883 768 965 τῆς
788 883 847 946 τοῦ
869 880 1057 965 πνεύματος
1076 880 1211 968 χάριτος
1231 881 1345 969 καὶμὴ
1362 882 1423 948 δο-

191 985 328 1071 νάμενοι
361 986 520 1069 δαίμονας
548 983 716 1069 ἐκβάλλειν
746 978 823 1055 άνευ
850 985 908 1071 τὴς
935 986 994 1048 τοῦ
1021 981 1210 1066 πνεύματος
1238 982 1420 1067 δυνάμεως.

192 1088 249 1155 διὰ
270 1094 359 1165 τίνος
382 1086 418 1151 δὲ
440 1087 494 1151 καὶ
516 1084 610 1171 παρὰ
631 1090 721 1162 τίνος
743 1082 810 1149 ἔδει
831 1081 869 1149 τό
891 1086 1022 1168 πνεῦμα
1045 1084 1214 1163 δίδοσθαι,
1238 1078 1258 1170 ἢ
1281 1083 1339 1150 διὰ
1359 1088 1421 1151 τοῦ

190 1190 274 1268 υίοό,
300 1178 338 1254 οὗ
361 1189 413 1253 καὶ
436 1183 476 1252 τό
499 1185 629 1270 πνεῦμά
645 1185 716 1252 ἐστι
723 1213 734 1266 ,·
763 1182 846 1251 πότε
863 1185 899 1251 δὲ
914 1184 1092 1270 λαμβάνειν
1107 1181 1202 1270 ἡμεῖς
1217 1184 1420 1269 ἐδυνάμεθα,

191 1288 286 1377 εἰμὴ
310 1284 365 1355 ὅτε
388 1283 405 1351 ό
429 1286 525 1373 λόγος
546 1292 675 1373 γέγονεν
699 1283 900 1372 άνθρωπος,·
933 1288 1007 1351 λκαί
1038 1282 1147 1373 ὥςπερ
1175 1285 1214 1351 τὸ
1244 1285 1339 1373 παρὰ
1359 1292 1421 1352 τοῦ

191 1386 384 1459 άποστόλου
408 1387 582 1473 λεγόμενον
606 1389 777 1466 δείκνυσιν,
801 1381 856 1453 ότι
870 1381 929 1453 οὐκ
944 1380 984 1452 δν
1000 1386 1232 1475 ἐλυτρώθημεν
1246 1387 1303 1454 καὶ
1318 1383 1419 1474 άπερ-

191 1491 388 1577 υψιόθημεν,
413 1489 442 1555 εἰ
462 1488 507 1575 μὴ
520 1484 538 1555 δ
555 1488 588 1556 ἰν
602 1491 717 1577 μορφῇ
731 1489 813 1555 θεοῦ
829 1482 986 1574 δπάρχων
1001 1488 1098 1573 ἔλαβε
1113 1488 1232 1555 δούλου
1247 1475 1421 1576 μορφήνί),

193 1589 299 1670 οότιος
320 1594 392 1657 οκαί
417 1585 435 1654 δ
457 1590 569 1674 Δαβίδ
590 1591 768 1669 δείκνυσιν,
792 1584 846 1654 ότι
868 1583 926 1654 οόκ
948 1583 988 1655 άν
1011 1587 1120 1668 άλλως
1140 1596 1339 1674 μετέσχομεν
1361 1592 1422 1655 τοῦ

192 1691 380 1778 πνεύματος
401 1691 455 1756 καί
477 1687 702 1779 ὴγιάσθημεν,
726 1691 755 1759 εἰ
776 1690 820 1778 μὴ
844 1686 862 1755 ό
885 1693 944 1757 τοῦ
967 1691 1156 1776 πνεύματος
1178 1688 1278 1779 δοτὴρ
1301 1684 1424 1770 ἀότδς

194 1791 213 1860 ό
236 1795 333 1881 λόγος
355 1793 462 1878 ἔλεγεν
485 1792 603 1859 ἑαυτὸν
625 1789 709 1880 όπέρ
733 1788 826 1879 ὴμῶν
847 1794 894 1878 τῷ
917 1792 1082 1877 πνεύματι
1101 1797 1267 1877 χρίεσθαι.
1298 1791 1425 1859 διὸκαὶ

191 1903 336 1982 βεβαίως
359 1892 527 1980 ἐλάβομεν,
552 1888 653 1960 αὐτοῦ
676 1895 850 1979 λεγομένου
873 1897 1049 1980 κεχρῖσθαι
1071 1900 1182 1978 σαρκί·
1207 1897 1266 1981 τὴς
1287 1892 1366 1979 ’γὰρ
1390 1892 1424 1959 ἐν

193 1992 282 2084 αὐτῷ
306 1994 426 2082 σαρκὸς
448 1995 583 2082 πρώτης
604 1992 832 2083 άγιασθείσης,
856 1998 909 2061 καὶ
933 1989 1033 2060 αδτοό
1057 1996 1231 2081 λεγομένου
1255 1988 1296 2060 δι’
1322 1989 1423 2079 αὐτὴν

194 2099 366 2186 εἰληφέναι
399 2093 444 2176 ὡς
476 2093 677 2184 ἀνθρώπου,
711 2094 806 2185 ἡμεῖς
828 2096 1125 2164 ἐπακολουθοῦσαν
1148 2097 1261 2180 ἐχομεν
1283 2095 1343 2182 τὴν
1364 2098 1423 2160 τοῦ

194 2199 383 2283 πνεύματος
402 2199 508 2285 χάριν,
534 2199 568 2266 ἐκ
589 2203 648 2265 τοῦ
672 2199 893 2287 πληρώματος
915 2194 1016 2266 αὐτοῦ
1039 2197 1299 2284 λαμβάνοντες’).

280 2308 330 2367 51.
379 2299 426 2365 Τὸ
457 2301 493 2366 δὲ
522 2296 696 2389 ἠγάπησας
724 2300 934 2389 δικαιοσύνην
968 2304 1022 2368 καί
1058 2300 1217 2387 ἐμίσησας
1246 2294 1424 2378 ’άδικίανὴ

193 2400 386 2489 πρόςκειται
415 2400 448 2468 ἐν
475 2406 521 2490 τῷ
549 2405 690 2489 ψαλμῷ,
714 2398 798 2486 οὐχ’,
829 2399 874 2482 ὥς
901 2399 995 2487 ὑμεῖς
1017 2402 1120 2470 πάλιν
1142 2412 1256 2481 νοεῖτε,
1280 2399 1425 2486 τρεπτὴν

193 2504 361 2572 ίδεικνδον
394 2507 453 2570 τοῦ
483 2503 582 2590 λόγου
610 2504 669 2591 τὴν
698 2505 814 2593 φύσιν,
850 2500 934 2571 άλλδι
962 2506 1088 2589 μᾶλλον
1109 2502 1166 2570 καί
1188 2503 1221 2570 ἐκ
1243 2502 1363 2568 τούτου
1387 2500 1425 2567 τό

194 2602 360 2693 άτρεπτον
383 2601 483 2671 αὐτοῦ
507 2616 676 2693 σημαῖνον.
710 2605 825 2695 ἐπειδὴ
848 2606 908 2693 γάρ
921 2610 998 2673 ,τῶν
1020 2608 1180 2692 11γεννητῶν
1201 2600 1220 2690 ὴ
1238 2603 1339 2690 φάσις
1356 2602 1425 2670 ἐστί

194 2707 328 2794 τρεπτὴ,
353 2710 408 2773 καλ
431 2708 463 2773 οί
484 2711 544 2792 μὲν
568 2715 771 2796 παρέβησαν,
796 2708 828 2774 οί
850 2708 887 2774 δὲ
911 2707 1134 2794 παρήκουσαν,
1159 2702 1269 2792 ὥςπερ
1286 2706 1424 2792 εἴρηται,

193 2804 274 2895 ἥτε
295 2810 416 2896 πρᾶξις
439 2805 546 2875 αὐτῶν
570 2805 628 2875 οὐκ
651 2810 722 2876 ἐστι
742 2815 871 2895 βεβαία,
896 2804 980 2875 άλλά
1003 2808 1164 2886 πολλάκις
1186 2806 1351 2889 ἐνδέχεται
1369 2806 1427 2873 τὸν

195 2912 251 2977 νόν
281 2904 411 2995 άγαθόν
433 2909 517 2993 μετὰ
538 2913 642 2977 ταῦτα
663 2916 852 2998 τρέπεσθαι
872 2912 927 2975 καὶ
951 2910 1060 2996 ἕτερον
1082 2911 1268 2994 ῑγίνεσθαι,
1300 2903 1346 2986 ὦς
1368 2907 1426 2974 τὸν

94 3029 99 3035 ·
196 3007 273 3097 άρτι
294 3011 422 3077 δίκαιον
445 3009 559 3077 άδικον
580 3008 649 3095 μετ’
676 3009 785 3097 ὀλίγον
809 3003 1003 3098 εόρεθὴναι·
1028 3008 1084 3077 διὰ
1098 3013 1197 3075 τοῦτο
1213 3008 1316 3075 πάλιν
1332 3003 1428 3095 άτρέ-

196 3133 283 3176 πτου
313 3117 407 3196 χρεία
428 3102 505 3198 ἰὴν,
535 3113 591 3179 ἵνα
618 3112 657 3178 τὸ
686 3108 911 3199 ἀμετάβλητον
933 3115 992 3199 τῆς
1012 3115 1072 3178 τοῦ
1095 3111 1193 3196 λόγου
1216 3108 1429 3198 δικαιοσύνης

196 3212 315 3294 ἔχωσιν
339 3210 449 3278 εἰκόνα
471 3216 524 3280 καί
547 3214 654 3279 τόπον
675 3214 763 3301 πρὸς
785 3209 902 3300 άρετὴν
925 3214 959 3279 οἰ
980 3211 1169 3300 άνθρωποι.
1202 3209 1275 3299 ὴδὲ
1290 3211 1427 3299 τοιαύτη

197 3311 329 3379 διάνοια
352 3313 417 3396 ἔχει
439 3313 495 3380 καί
515 3314 574 3400 τὴν
596 3316 705 3382 αἰτίαν
728 3326 800 3394 τοῖς
823 3309 1041 3403 εὖφρονοῦσιν
1058 3312 1201 3399 εόλογον.
1233 3311 1351 3402 ἐπειδὴ
1366 3313 1428 3399 γὰρ

196 3409 215 3479 ὃ
238 3417 372 3500 πρῶτος
395 3411 579 3500 άνθρωπος
596 3411 706 3500 Ἀδὰμ
728 3415 865 3504 ἐτράπη,
888 3417 943 3481 καί
967 3416 1023 3482 διὰ
1044 3419 1103 3501 τῆς
1125 3412 1288 3500 ἁμαρτίας
1312 3409 1345 3479 Ιό
1361 3413 1430 3481 θά-

196 3539 294 3594 νατος
327 3515 478 3602 εἷςῆλθεν
513 3515 559 3595 εἷς
586 3516 643 3584 τόν
665 3515 837 3602 κόσμονὴ,
870 3517 928 3584 διὰ
948 3520 1046 3584 τοῦτο
1068 3515 1125 3584 τὸν
1149 3515 1300 3602 δεύτερον
1319 3509 1430 3600 Ἀδάμ

196 3706 424 3833 5‚fl¹¹⁸{⁰'¹⁶2¹'
445 3708 468 3757 ι.
521 3706 755 3768 mmmm
809 3706 919 3764 ειιιιι.
942 3707 964 3766 ¹,
987 3706 1025 3756 ιε.
1079 3701 1429 3770 ονταιομιιτκχε.

261 3787 308 3822 om.
346 3811 352 3834 ,
407 3811 412 3823 .

196 3908 289 3957 ταῦθα
307 3900 389 3962 αότὸε
407 3903 421 3957 ὅ
440 3911 547 3969 (Gobler.
567 3919 590 3959 οι
609 3910 713 3960 Felckm.
728 3911 750 3960 l.
769 3903 795 3956 ό·
870 3910 894 3960 h.
913 3909 953 3959 Sic
971 3907 1071 3971 Seguer.
1090 3908 1146 3969 neg.
1170 3906 1262 3970 λαςίλα
1289 3908 1388 3957 Gobler.
1407 3916 1431 3958 τι

197 3978 318 4038 ominum)
336 3975 386 4025 τοῦ
403 3971 784 4044 πνεόματοςδοτὴρόκόριοε.
837 3976 974 4027 ΡεΙοΙιιατιι.
995 3977 1018 4026 1.
1053 3976 1114 4025 Εδιιί
1142 3990 1198 4025 vero
1224 3975 1263 4025 τΙῐί
1282 3989 1314 4025 σε
1341 3965 1429 4041 ὥσπερ

197 4045 259 4095 aditi
277 4054 301 4095 εἰ
319 4046 360 4094 alii
378 4037 500 4095 ἐνταῦθα
517 4044 566 4095 τοῦ
575 4041 729 4113 πνεύματος
740 4040 784 4094 δο-
836 4036 921 4109 παρά.
956 4044 1016 4094 Ibid.
1035 4044 1178 4119 δεκαετίαν,
1194 4041 1244 4090 τοῦ
1263 4036 1427 4091 αποστόλον.

195 4106 248 4179 τὴρ
267 4105 307 4160 ὢν
324 4106 339 4162 ό
357 4106 422 4165 υἱός.
839 4113 884 4162 Am
903 4120 927 4161 οι
944 4109 1054 4177 edilia?
1073 4103 1224 4175 ἀποσταίην.
1261 4111 1428 4174 Μοτδεμοτ.

231 4197 253 4230 ε.
271 4183 371 4242 Seguer.
390 4180 498 4246 πνεῦμα
514 4173 603 4244 ἅγιον.
639 4181 714 4230 Paulo
730 4189 789 4246 ροει
839 4179 930 4241 Angue.
950 4180 1046 4230 Gobler.
1066 4180 1170 4229 Fetckm.
1185 4180 1206 4229 l.
1232 4184 1257 4227 ut
1280 4186 1305 4228 τι
1322 4178 1430 4229 Νισαῖοι

197 4248 261 4298 idem
280 4240 326 4296 ἵνα
344 4244 448 4314 δειχθῇ.
480 4249 577 4300 Gobler.
597 4257 620 4299 ει
638 4249 743 4298 Felckm.
764 4250 788 4298 1.
840 4246 898 4310 legit
920 4239 1113 4315 ἐλυτρώθημεν
1130 4241 1175 4294 καὶ
1198 4239 1428 4361 όπερυηνυίθημεζ.

197 4308 283 4382 δεχθῇ
302 4317 417 4366 mendose
436 4331 481 4380 ρτο
500 4309 604 4382 δειχθῇ.
633 4310 786 4383 Εδίιίδείξμ.
840 4316 867 4365 ln
885 4317 972 4366 ceteris
992 4324 1015 4364 ει
1032 4316 1103 4366 edilis
1128 4317 1196 4365 deest
1219 4326 1265 4364 και
1300 4317 1430 4383 περυψυ·

197 4380 297 4446 δοροοτ.
316 4385 375 4434 ibid.
392 4376 462 4431 κατὰ
477 4376 512 4430 τὰ
523 4375 678 4452 όμηιότερα.
708 4384 787 4434 Ceteri
839 4382 936 4448 θμμεν.

196 4452 225 4499 et·
239 4450 296 4500 editi
312 4441 369 4500 κατ’
390 4443 547 4518 ἀμφότερα.
874 4467 895 4502 c.
913 4445 961 4500 καί
977 4452 1045 4502 abest
1063 4466 1076 4501 a
1095 4451 1195 4512 Seguer.
