2934 5078
375 318 387 335 ,
474 245 707 291 mauretania
723 195 922 292 emerem.
1229 236 1292 300 ttt

63 399 208 471 bibimus,
231 396 380 460 Christum
403 416 461 459 uua
483 395 622 459 bibimus.
665 396 798 477 Namque
813 398 950 461 bibebant
973 399 1007 461 ds
1029 400 1167 480 spirituli
1188 399 1378 465 crure-eam

64 511 176 582 queste
196 512 296 580 petru.
339 499 433 561 Petra
454 511 554 560 cutem
575 507 643 561 erut
665 498 815 562 Cbristus.
859 499 1016 562 Praeterea
1039 508 1073 562 ut
1087 500 1224 563 Christus
1240 520 1292 565 vs·

26 580 38 596 ⁹
63 622 117 665 rus
140 610 188 663 est
208 601 311 674 Filius,
333 601 373 662 ita
395 619 451 661 uos
475 599 619 680 Spiritum
640 600 817 680 accipientes
839 600 891 662 itti
913 601 1066 663 efficimur.
1110 603 1180 666 Neu
1206 608 1292 677 cuiun

62 705 179 783 inquit,
203 707 360 784 accepistis
383 704 526 782 spiritum
550 704 708 765 seruitutis
730 707 842 764 iterum
863 706 896 764 iu
919 707 1040 775 tiruure,
1064 706 1117 766 sed
1138 709 1293 786 accepistis

11 864 22 873 .
61 807 218 888 Spiritum
239 805 422 884 adoptionis.
467 801 541 864 Cum
568 810 666 865 autem
693 803 806 882 Spiritu
838 804 889 865 iiiii
919 804 971 866 Dei
999 805 1160 880 efficimur,
1193 806 1288 868 mauu

61 909 178 970 festum
199 914 245 1001 ept
266 924 322 966 uos
345 905 374 966 iu
398 904 517 966 Christo
539 904 618 966 fuiss
639 905 694 967 Dei
715 905 865 985 appellari.
909 907 982 968 Nam
1005 918 1151 989 quotquot
1173 927 1293 989 recepe·

62 1019 143 1072 ruut
165 1026 250 1076 mm,
274 1008 353 1069 dedit
376 1006 439 1068 illis
460 1016 641 1086 potestatem
659 1006 742 1088 filias
764 1006 823 1070 Dei
842 1007 920 1088 fieri.
964 1008 1078 1070 Deinde
1099 1010 1293 1088 qrueuaadmc-

62 1112 137 1174 dum
158 1110 264 1182 Pater,
293 1109 337 1169 uti
358 1108 446 1170 ducet
466 1107 592 1180 Paulus,
622 1107 706 1170 sulus
736 1117 783 1169 cst
809 1108 945 1188 sapiens,
974 1110 1019 1171 sic
1045 1110 1109 1172 eius
1131 1110 1224 1172 Filius
1247 1119 1295 1172 est

61 1212 222 1293 sapientia.
268 1210 407 1273 Christus
431 1200 509 1270 enim
533 1208 591 1271 Dei
608 1214 710 1274 uirtus
732 1222 761 1272 et
775 1209 834 1273 Dei
854 1215 1011 1291 scpieutiu.
1055 1212 1095 1274 Ut
1115 1211 1185 1273 item
1199 1211 1292 1274 Filius

61 1323 112 1376 est
134 1311 291 1392 sapientia,
313 1311 353 1372 ita
375 1330 430 1372 uos
452 1309 564 1390 Spiritu
586 1311 748 1390 sapientias
765 1320 894 1391 ,acceptu
917 1312 1023 1375 Filium
1045 1313 1189 1375 babemus
1210 1321 1241 1374 ct
1261 1313 1293 1374 in

60 1416 174 1479 eedem
195 1414 345 1493 sapientes
368 1413 521 1474 efficimur.
567 1412 618 1475 Sic
643 1413 721 1476 enim
751 1414 893 1494 scriptum
927 1416 1026 1476 estin
1048 1415 1167 1478 Psaimc
1190 1423 1292 1476 cente·

60 1519 145 1581 simo
166 1515 392 1596 quadragesimo
415 1513 534 1594 quinto:
556 1513 706 1577 Dominus
727 1516 820 1596 seivit
842 1517 1031 1598 compeditur,
1052 1517 1201 1580 Dominus
1224 1534 1293 1580 cue-
1381 1577 1386 1586 ,

60 1639 115 1683 cce
140 1623 291 1698 sepientes
314 1617 420 1696 efficit.
465 1616 538 1677 Cum
553 1615 677 1696 iusuper
692 1616 822 1696 Spiritus
838 1616 925 1679 nubis
948 1618 1043 1691 datur,
1066 1618 1196 1700 Accipite
1211 1605 1291 1679 euir'rt

60 1720 217 1800 Spiritum
239 1728 386 1789 sunctum,
409 1712 561 1796 inquiebat
575 1716 718 1791 Salvator,
741 1717 821 1780 Deus
843 1717 883 1780 ita
904 1719 935 1779 in
958 1716 1130 1794 nobis‘est3
1153 1718 1198 1780 sic
1212 1717 1292 1780 enim

60 1820 187 1901 scripsit
207 1820 352 1881 isannes:
375 1819 411 1880 Si
431 1819 589 1899 dilipcmus
610 1823 746 1893 iuuicesu
768 1820 851 1883 Reus
873 1825 905 1881 iu
926 1822 1013 1884 uubis
1030 1830 1139 1883 mcuet.
1184 1820 1223 1882 iu
1237 1819 1293 1884 buc
1309 1850 1325 1875 ο

59 1925 287 2001 cupscscimur,
316 1925 458 2001 qucuiuut
485 1924 519 1982 iu
539 1939 574 1984 ec
595 1940 749 1984 msuestus
772 1926 885 2003 etipse
906 1924 939 1984 iu
960 1923 1065 1998 uubis,
1093 1926 1236 2004 puccium
1258 1922 1376 1991 derum

59 2023 264 2105 Spiritusne
288 2023 368 2084 dedit
389 2021 487 2084 uubis.
530 2021 664 2103 Cumque
684 2021 764 2084 Deus
785 2022 816 2085 in
838 2022 925 2084 uobis
948 2031 1004 2097 est,
1026 2022 1119 2085 Filius
1142 2032 1222 2085 certe
1238 2022 1290 2085 iti·

58 2124 131 2187 dem
154 2124 186 2185 in
207 2122 296 2186 nobis
319 2131 376 2198 est,
397 2124 465 2203 ipsu
487 2124 562 2186 Filio
585 2124 715 2187 dicente:
738 2125 799 2204 Epa
822 2138 852 2188 et
866 2125 959 2188 Peter
980 2131 1131 2187 veniemus
1153 2135 1182 2187 et
1202 2143 1293 2188 mcu-

58 2230 178 2290 sicueat
205 2226 288 2305 apud
315 2244 383 2287 euru
410 2227 566 2306 [sciemus.
612 2224 753 2288 Similiter
782 2235 816 2287 ut
835 2226 926 2289 Filius
956 2236 1003 2288 est
1035 2227 1092 2287 vitu
1115 2226 1220 2288 eudem
1242 2235 1291 2289 te·
1333 2304 1336 2309 ⁸

58 2336 177 2390 stante:
198 2327 260 2406 Cpr
282 2345 349 2390 sum
371 2332 445 2404 citu,
467 2327 512 2389 sic
533 2328 622 2390 etism
644 2327 674 2390 in
693 2327 805 2407 Spiritu
827 2328 967 2389 vivificari
989 2328 1124 2402 dicimur,
1147 2328 1291 2407 quemad·

58 2429 185 2492 mudum
206 2428 314 2491 Paulus
337 2428 392 2490 ait:
427 2429 488 2504 Qui
515 2433 676 2492 suscitavit
696 2427 798 2492 Iesum
821 2431 975 2492 Christum
996 2448 1016 2491 c
1037 2435 1182 2502 mortuis,
1213 2432 1292 2491 uici-

58 2532 166 2614 ficsbit
188 2540 217 2592 et
238 2530 383 2592 uortatu
404 2549 539 2612 corpora
560 2542 664 2593 vestre
681 2548 740 2612 per
763 2530 980 2594 inhabitantem
1000 2534 1066 2592 eius
1089 2529 1239 2610 Spiritum
1258 2533 1292 2590 iu

58 2633 157 2697 cubis.
201 2630 294 2693 Nubis
323 2650 415 2710 porro
443 2633 474 2694 in
497 2632 609 2712 Spiritu
638 2631 727 2694 ritum
760 2631 973 2710 accipientibus
1001 2631 1068 2711 ipse
1096 2630 1232 2692 Christus
1260 2628 1291 2691 iu

59 2735 151 2796 uubis
173 2733 272 2795 rivere
300 2733 422 2806 dicitur,
452 2741 485 2795 ut
514 2754 549 2795 ex
576 2733 625 2795 bis
652 2733 753 2796 verbis
779 2715 878 2813 patet}
908 2734 1030 2796 Cirristc
1058 2732 1197 2813 confisus
1225 2751 1293 2794 surr

59 2841 157 2900 cruci.
204 2835 274 2897 Viuo
296 2846 397 2898 cutem
417 2840 478 2897 ium
499 2854 562 2898 ucu
584 2855 650 2915 epe,
674 2839 750 2898 uiuit
770 2854 842 2898 usrc
865 2840 898 2897 iu
920 2854 966 2896 ute
982 2835 1133 2898 Christus.
1168 2833 1207 2894 Et
1219 2850 1291 2894 rur·

59 2956 126 3013 sus,
151 2937 399 3017 quemadmodum
421 2937 515 3000 Filius
537 2957 612 3017 quae
633 2937 758 3000 iaciebat
778 2956 869 3017 opera
891 2937 1008 2998 Patrem
1031 2956 1118 2998 suum
1139 2936 1237 2997 iacere
1251 2933 1291 2996 ita

58 3038 240 3126 testabatur:
263 3039 359 3102 Pater
379 3045 413 3101 iu
434 3058 480 3101 me
500 3058 625 3102 maneus
647 3044 712 3120 ipss
731 3040 807 3118 [scit
829 3058 933 3120 spera.
979 3038 1097 3100 Credite
1118 3037 1199 3108 mibi,
1222 3041 1292 3118 puris

59 3161 113 3224 epu
136 3145 170 3202 iu
192 3140 285 3202 Putre
308 3150 337 3201 et
358 3140 451 3202 Pater
473 3145 506 3202 iu
526 3160 572 3202 ute
593 3151 648 3203 est.
692 3140 833 3222 db'cpuiu
857 3152 988 3222 propter
1018 3158 1111 3220 opera
1133 3143 1201 3219 ipsu
1223 3155 1292 3200 cre·

58 3245 121 3307 dite
143 3242 232 3312 mibi,
262 3240 305 3301 sic
333 3260 407 3320 quae
429 3241 460 3302 in
482 3241 590 3303 virtute
610 3240 739 3322 Spiritus
761 3242 869 3303 Paulus
899 3240 1045 3303 efficiebat
1067 3239 1177 3303 Christi
1200 3256 1292 3319 upers

58 3362 130 3407 esse
153 3341 292 3403 ducebat:
316 3342 385 3404 Ncu
407 3348 484 3405 euius
501 3344 625 3416 audebo,
648 3343 753 3424 iuquit,
776 3344 890 3425 ulr'quid
912 3344 996 3426 loqui
1009 3363 1123 3414 eurum,
1146 3361 1221 3424 quus
1231 3359 1293 3422 per
1323 3329 1326 3335 Δ

56 3464 105 3506 me
128 3463 192 3506 usu
214 3443 310 3524 efficit
333 3443 529 3511 Cbristusiu
553 3447 747 3509 obedientiam
770 3445 924 3518 Centrum,
954 3446 1045 3507 uerbo
1069 3454 1097 3507 et
1120 3462 1226 3525 opere,
1260 3447 1293 3504 iu

57 3549 178 3608 uirtute
201 3548 359 3625 sipucrum
381 3557 410 3608 et
427 3548 649 3626 prudipicrum,
672 3551 705 3609 iu
727 3551 841 3609 uirtute
862 3547 999 3627 Spiritus
1022 3549 1131 3608 suncti.

146 3849 200 3912 20.
246 3846 319 3907 Cum
347 3846 436 3926 igitur
459 3867 493 3909 ea
516 3848 556 3909 sit
576 3849 608 3910 in
629 3858 729 3914 sancta
752 3847 895 3909 Trinitste
925 3847 1093 3910 coniunctio
1123 3857 1152 3909 et
1182 3847 1290 3921 unitas,

54 4000 151 4064 buglis.
187 4000 249 4049 Editi
269 4009 293 4049 et
312 3995 554 4050 siiixcu'sbiiciunt.
590 4001 651 4052 ibid.
738 4002 754 4051 i.
778 4002 820 4052 Sic
842 4001 898 4071 lieu.
918 4000 940 4049 2.
973 4009 996 4050 et
1023 4002 1128 4053 Graecus
1151 4000 1291 4062 Scripturas

54 4072 93 4119 sic
119 4068 210 4117 babent
234 4068 332 4118 Cubier.
359 4077 383 4117 et
406 4069 510 4118 Feicirn.
531 4070 553 4119 t.
579 4061 650 4118 οὕτω
703 4077 789 4120 textus.
825 4070 882 4130 Rep.
903 4069 924 4118 i.
949 4070 1048 4130 Segusr.
1072 4076 1096 4119 ct
1123 4069 1179 4117 editi
1198 4059 1290 4117 αὐτοῦ.

52 4130 113 4254 rid)
133 4130 335 4253 ffissobicdi‘r‘rfbgnt
344 4148 441 4255 {5⁸⁰⁵}
453 4147 497 4254 elei
510 4205 541 4254 Se
559 4206 641 4255 uerian
701 4138 771 4253 pidet
781 4137 881 4254 {fufitii
896 4138 1057 4254 itztmszgrilresrii
1069 4137 1141 4200 panio
1160 4146 1215 4185 m
1235 4144 1292 4199 post

50 4241 147 4323 stti’u
166 4273 222 4321 editi
241 4274 360 4321 emittunt.
387 4220 472 4322 gistris
485 4219 650 4336 pusthcbier:
716 4219 807 4335 ezir
824 4274 893 4322 abest
909 4288 922 4322 s
941 4274 998 4333 fleg.
1020 4273 1039 4320 l.
1059 4240 1082 4320 et
1100 4272 1198 4332 Segusr.

53 4349 79 4392 ct
104 4339 254 4417 f⁰¹⁰k¹¹¹x¹¹
286 4331 358 4418 prircp
381 4333 436 4407 γὰρ
462 4335 509 4388 καὶ
529 4331 650 4400 'tactuum
736 4341 878 4416 h·tfl‘8·,¹·
899 4350 922 4390 st
939 4342 1083 4417 Seguerisu.⁴
1098 4340 1192 4417 'babent
1210 4331 1290 4418 ἐξιῇ

50 4420 181 4477 yperper-
200 4401 249 4456 ἰαν
264 4423 320 4472 γαρ
339 4410 491 4474 uyunuipttr
508 4419 553 4460 etc.
702 4401 886 4476 dyiprptudt.
930 4410 974 4457 ΑΙιι
998 4417 1021 4457 et
1048 4409 1103 4457 editt
1121 4422 1203 4457 vocem
1223 4421 1290 4472 αγιᾳ

90 4493 115 4529 s.
133 4478 193 4542 ileu.
211 4476 235 4528 2.
254 4474 468 4544 cucrcupcipeut.
702 4481 822 4529 cmiuunt·
857 4477 912 4528 Μαι
928 4477 1017 4527 ibidem
1035 4477 1092 4540 lieu.
1108 4477 1130 4526 1.
1148 4478 1290 4540 Sepucrisn.
