2948 5092
515 269 624 322 enarro
639 269 682 313 ur.
700 269 815 314 conrna
829 240 965 316 munos.
1013 273 1017 279 ’
1288 262 1351 325 577

102 426 157 488 bis
179 423 282 486 vorbis
304 422 406 484 docet:
429 421 611 484 Potestotem
634 421 725 483 babeo
744 424 882 502 ponenda·
897 425 1029 486 salmom
1044 443 1146 496 mecm,
1163 435 1192 488 et
1202 437 1428 507 potesta-aua

107 541 171 593 tom
195 527 288 589 babeo
310 529 423 587 iterum
445 524 584 585 sumendi
604 540 677 594 eom,
700 530 730 582 et
750 541 837 585 nemo
863 523 949 586 tollet
971 544 1035 586 eom
1056 545 1075 587 ο
1096 545 1152 588 me.

198 633 251 692 55.
295 627 402 687 Verum
424 625 498 685 baec
519 643 579 685 non
602 632 723 685 naturae
744 623 844 696 Verbi,
868 635 1013 704 quatenus
1037 627 1166 690 Verbum
1188 638 1243 703 est,
1266 648 1340 709 pro-

106 730 177 811 pria
201 737 302 801 erant,
332 726 386 788 sed
408 725 554 799 Verbum,
584 743 602 785 o
626 724 733 786 Christi
755 725 859 787 bostes
881 736 912 788 et
933 727 1040 807 ingrati
1062 729 1177 804 ludaei,
1200 732 1342 792 incarne

107 832 188 892 baec
215 830 347 910 patiente
375 827 530 889 existebat.
574 826 651 887 Hinc
678 827 736 888 ista
765 845 826 889 non
848 837 917 890 ante
939 848 1059 892 carnem
1081 839 1244 893 assumtam
1266 832 1343 893 diota

110 941 195 1004 sunt,
219 931 273 993 sed
294 939 453 1011 postquam
476 929 605 990 Verbum
628 946 697 990 caro
720 928 855 992 ¹atbomo
871 933 1050 1005 estfactum,
1073 932 1147 994 baeo
1161 933 1198 993 de
1213 933 1343 994 bumana

109 1043 220 1096 natura
241 1033 319 1095 dicta
341 1050 409 1093 esse
433 1030 575 1109 scriptum
598 1039 653 1092 est.
697 1030 783 1094 Certo
804 1032 870 1105 ille,
899 1032 1016 1112 dequo
1040 1033 1098 1094 ista
1120 1034 1231 1112 scripta
1257 1041 1337 1107 sunt,

109 1135 258 1197 Lazarum
287 1153 305 1196 a
332 1134 457 1194 mortuis
487 1132 637 1206 excitavit,
666 1152 773 1213 aquam
795 1135 940 1197 convertit
960 1136 992 1198 in
1014 1137 1129 1209 vinum,
1160 1153 1247 1198 caeco
1269 1142 1340 1195 nato

108 1237 210 1299 risum
231 1236 372 1307 restituit,
396 1243 426 1296 et
447 1234 533 1296 dixit:
557 1235 619 1314 Epo
643 1246 671 1297 et
693 1236 787 1298 Potor
808 1256 904 1298 unum
926 1256 1041 1299 sumus.
1087 1237 1233 1310 Quocirca
1257 1237 1283 1297 si
1306 1255 1343 1298 ex

109 1337 252 1401 humanis
284 1338 349 1398 eius
383 1337 474 1416 gestis
503 1337 691 1398 occasionem
720 1345 838 1417 captant
865 1338 1016 1400 humiliter
1042 1349 1073 1400 et
1094 1339 1207 1400 abiecte
1228 1338 1266 1399 de
1287 1337 1341 1399 Dei

108 1439 187 1524 Filio
210 1439 376 1511 sentiendi,
403 1438 462 1499 imo
485 1457 556 1499 vero
578 1438 732 1500 bominem
756 1459 823 1501 eum
846 1447 941 1502 totum
964 1460 980 1502 ο
1003 1448 1099 1515 terra,
1121 1459 1181 1501 non
1205 1448 1343 1502 autcmo

110 1541 194 1605 coelo
227 1560 296 1603 esse
328 1540 524 1614 arbitrantur3
558 1559 611 1601 cur
638 1559 699 1602 non
729 1542 818 1603 etiam
846 1561 881 1603 ex
910 1542 1018 1604 divinis
1047 1542 1131 1604 lactis
1154 1541 1284 1602 Verbum
1311 1542 1344 1602 in

109 1644 201 1706 Patre
234 1643 365 1704 existens
401 1651 565 1722 agnoscunt
597 1643 809 1723 propriamque
846 1643 1001 1724 deponunt
1027 1642 1232 1725 impietatem?
1281 1643 1343 1705 lllis

110 1745 193 1806 enim
214 1744 284 1806 licet
304 1743 474 1823 perspicere
497 1743 625 1805 eundem
648 1744 772 1806 omnino
797 1764 876 1817 esse,
900 1746 950 1825 qui
965 1745 1081 1807 illorum
1098 1764 1222 1825 operum
1238 1753 1342 1806 auctor

110 1854 168 1919 cst,
192 1846 294 1924 etqui
316 1845 436 1924 patibile
458 1863 567 1924 corpus
590 1865 624 1907 se
646 1846 757 1908 babere
782 1847 925 1920 ostendit,
948 1865 1014 1909 oum
1034 1847 1105 1908 illud
1121 1848 1203 1920 llere,
1227 1846 1341 1908 esurire
1350 1864 1427 1909 noca

109 1957 142 2010 et
168 1965 246 2027 quae
274 1948 409 2027 corporis
438 1947 559 2025 propria
590 1948 717 2008 suntin
746 1967 782 2009 co
805 1948 1117 2028 apparerepermisit.
1161 1947 1342 2009 Huiusmodi

110 2049 223 2130 qnippe
251 2048 388 2128 corporis
417 2048 623 2110 allectionibus
652 2048 892 2124 demonstrabat,
916 2068 965 2124 se,
988 2069 1055 2112 cum
1076 2049 1156 2112 lleus
1178 2058 1262 2111 esset
1283 2050 1342 2111 im-

108 2149 281 2231 passibilis,
304 2149 475 2228 passibilem
498 2149 677 2212 assumsisse
699 2147 835 2224 carnem,
858 2158 945 2212 alex
968 2151 1110 2230 operibus
1131 2152 1226 2231 palam
1250 2152 1341 2212 lacio-

110 2252 179 2325 bat,
205 2270 257 2324 se,
285 2269 351 2311 cum
375 2251 427 2311 llei
451 2250 579 2312 Verbum
601 2260 698 2325 esset,
721 2251 874 2314 bominem
895 2261 1000 2332 postea
1023 2254 1131 2314 lactum
1154 2272 1242 2326 esse,
1264 2252 1344 2314 unda

109 2354 222 2417 aiebat:
247 2352 279 2413 Si
301 2353 383 2426 mihi,
407 2360 440 2412 ut
459 2363 531 2432 pote
554 2354 641 2433 quem
663 2354 795 2415 bumano
818 2372 946 2434 corpore
966 2354 1105 2416 amictum
1121 2354 1251 2428 comitis,
1275 2372 1342 2415 cre-

109 2457 182 2518 dere
205 2473 266 2516 uon
289 2453 393 2527 vultis,
416 2454 521 2515 saltem
544 2455 688 2533 operibus
711 2456 838 2529 credite,
869 2464 902 2517 ut
924 2456 1111 2535 cognoscatis
1133 2456 1232 2515 mein
1254 2455 1342 2515 Patro

109 2569 142 2620 et
168 2557 289 2619 Patrem
322 2555 352 2615 iu
386 2574 433 2616 me
466 2571 544 2617 essa
589 2557 679 2619 Plane
707 2557 895 2637 impudentes
925 2565 955 2618 et
980 2557 1063 2636 impii
1092 2555 1251 2618 admodum
1274 2573 1342 2617 esso

109 2660 183 2721 mibi
213 2658 351 2719 videntur
379 2657 488 2719 Cbristi
518 2658 697 2732 adversarii,
731 2660 781 2738 qui
811 2660 952 2720 nimirum
981 2658 1031 2719 nbi
1053 2657 1201 2722 audierint
1228 2657 1290 2736 llpo
1313 2664 1343 2718 et

108 2760 207 2825 Potor
230 2777 327 2821 aarum
353 2777 472 2829 sumus,
508 2778 630 2821 sensnm
664 2760 824 2821 verborum
854 2759 1019 2821 adulterare
1049 2767 1080 2820 et
1100 2759 1196 2819 Patris
1219 2776 1253 2819 ac
1275 2756 1341 2817 Filii
1417 2832 1421 2848 .

109 2863 256 2923 unitatem
279 2859 410 2921 dividere
432 2861 504 2922 totis
527 2870 673 2923 conantur
695 2861 819 2934 viribus,
842 2881 909 2923 oum
932 2869 1031 2923 autem
1052 2861 1181 2933 flevisse,
1204 2858 1340 2932 sudasse,

107 2981 234 3043 passum
262 2979 329 3022 esse
357 2961 496 3036 audiunt,
527 2981 588 3023 non
617 2982 726 3043 corpus
755 2963 948 3044 adspectant,
981 2962 1035 3024 sed
1062 2980 1098 3023 ex
1120 2962 1168 3022 bis
1191 2961 1269 3021 inter
1290 2976 1341 3020 res

110 3073 227 3127 creatas
257 3081 342 3136 eum,
372 3082 535 3143 perquem
560 3066 652 3126 laetae
675 3065 741 3126 illae
764 3074 850 3138 sunt,
882 3065 991 3126 audent
1011 3081 1216 3125 annumerare.
1261 3059 1340 3134 Quid

109 3185 181 3246 ergo
214 3165 311 3227 adbuc
336 3164 405 3225 illos
436 3165 513 3226 inter
545 3175 574 3227 et
600 3167 727 3228 ludaeos
756 3166 918 3229 interest‘l*
950 3167 987 3228 Ut
1009 3166 1087 3226 cuim
1109 3165 1152 3225 illi
1174 3164 1227 3225 llei
1250 3180 1342 3242 opera

109 3267 202 3348 impie
224 3267 390 3328 beelzebuli
413 3267 635 3340 adscribebant,
659 3270 698 3330 ita
721 3269 782 3343 isti,
805 3270 873 3349 quia
895 3268 1053 3330 Dominum
1077 3286 1200 3347 operum
1222 3265 1357 3326 illorum

110 3378 264 3432 auctorem
295 3370 373 3430 inter
400 3388 450 3430 res
478 3379 592 3432 mestas
616 3371 778 3445 collocant,
813 3371 932 3433 easdem
955 3389 990 3432 ao
1010 3369 1052 3430 illi
1072 3386 1186 3450 poenas
1208 3367 1341 3448 pendent

111 3470 318 3551 inexpiabiles.

198 3675 252 3736 56.
295 3671 384 3751 Atqui
406 3691 532 3752 aequum
554 3673 673 3748 luisset,
696 3674 764 3735 illos
787 3693 823 3735 ex
846 3674 894 3734 bis
917 3671 1015 3733 verbis
1028 3671 1236 3752 Epoetl'otcr
1249 3687 1345 3731 uuam

143 3910 167 3958 g.
186 3895 229 3944 Sic
247 3901 347 3956 uterque
365 3894 421 3955 lleg.
441 3893 573 3955 etSeguer.
609 3895 703 3943 ltaditi
754 3892 846 3943 lbidcm
870 3893 977 3941 Felolrm.
996 3890 1019 3941 2.
1044 3906 1097 3940 enm
1124 3890 1193 3939 editis
1217 3881 1261 3935 καὶ
1279 3877 1344 3935 ἴδια.

109 3962 193 4012 etalii
212 3952 313 4013 αὐτοῖς.
350 3963 481 4025 Utrumque
505 3970 583 4010 autern
602 3961 702 4011 abesto
755 3961 833 4011 Ceteri
852 3954 975 4008 messal
993 3952 1028 4006 τὰ
1046 3950 1111 4005 ἴδια.
1301 4011 1315 4032 ο

108 4031 217 4080 Fclekm.
237 4031 261 4079 5.
297 4030 363 4088 Quae
387 4031 476 4079 ibidem
495 4039 643 4092 sequuntur,
667 4031 704 4079 sic
788 4029 803 4078 i.
823 4029 924 4089 Segner.
950 4028 1048 4078 Gobler.
1077 4036 1101 4075 et
1128 4025 1230 4074 Felolrm.
1253 4021 1275 4070 l.
1300 4031 1344 4067 ort
1399 4057 1403 4060 .

109 4105 206 4148 exstant
233 4099 256 4147 in
280 4097 385 4146 Velelm.
405 4096 427 4145 2.
457 4105 480 4146 et
508 4099 531 4146 in
560 4098 637 4145 editis.
675 4098 701 4146 ln
753 4109 783 4144 τε
800 4088 873 4147 θεός.
907 4083 1346 4156 lloxlteg.l.etSeguer.ddabwuer

110 4167 165 4215 aliis
185 4174 265 4215 autem
284 4180 343 4213 mss.
364 4155 703 4224 italegitur:⁷roicdaairo's
754 4154 846 4212 αὐτόν.
1341 4212 1344 4217 p

108 4227 186 4282 lom
216 4226 230 4280 ὃ
257 4227 302 4279 καὶ
330 4225 363 4278 τὰ
385 4224 454 4298 ἔργα
479 4231 569 4279 ποιῶν
586 4225 601 4278 ri
620 4226 703 4285 αὐτός
790 4231 812 4280 lx.
832 4232 887 4279 lle.
909 4229 931 4279 l.
955 4238 978 4279 et
1001 4230 1102 4291 Segncr.
1125 4219 1176 4289 κᾷν
1193 4217 1269 4289 ἐμοὶ,
1287 4217 1344 4286 βλέ-

108 4295 188 4351 ἔσιιν
206 4294 220 4348 ὃ
239 4294 334 4348 καὶτὸ
354 4298 442 4365 σῶμα.
755 4312 853 4351 noncc
862 4290 1050 4363 ανθρώπων,
1066 4288 1282 4360 περιβεβλημένῳ
1292 4288 1344 4337 ocd-

143 4373 168 4420 b.
189 4372 289 4432 Segner.
309 4368 556 4427 contererentur.
569 4370 590 4417 1.
611 4359 703 4418 αὐτόν.
754 4383 795 4433 μα
812 4361 850 4432 μὴ
868 4360 1025 4426 πιστεύητε·
1046 4356 1112 4412 ἀλλὰ
1125 4353 1344 4425 κᾷνῐοῖςέργοκ·

109 4440 150 4489 Sic
169 4440 228 4488 item
247 4439 324 4501 prima
344 4439 459 4486 mann'in
479 4438 553 4497 Regio
572 4437 602 4495 l.,
621 4444 645 4486 ot
662 4452 703 4486 se·
754 4427 901 4485 πιστεύετε.

338 4494 346 4515 ²
375 4496 382 4515 V

109 4508 192 4558 cunda
216 4520 291 4556 naono
314 4517 398 4560 acto,
423 4507 491 4554 ut‘iu
510 4506 564 4555 aliis
582 4512 607 4555 et
624 4505 703 4556 aditis.
789 4504 806 4552 l.
824 4503 882 4566 fleg.
901 4502 924 4552 1.
944 4509 969 4552 ot
986 4501 1085 4564 Segner.
1104 4489 1279 4546 anetarum.

142 4595 489 4638 Aauaaruoeaoocmxx.
517 4586 522 4590 '
1105 4581 1138 4633 37
