2948 5092
341 250 489 295 ΙΡΙΠΟΙΔ
503 250 542 295 Μ
556 250 700 295 ntcnnrts
716 251 859 313 Nimim
874 252 993 298 molli.
1240 240 1281 305 Ἃ

68 404 123 464 dem
142 402 217 463 baud
240 400 335 463 multo
357 411 428 481 post
450 401 580 462 futurum
604 408 659 474 est,
681 409 716 463 ut
736 400 825 463 iidem
847 402 884 465 ad
906 404 1028 467 inituias
1051 425 1084 466 se
1107 422 1140 467 se
1155 418 1369 468 conver-m.

64 514 129 579 tent3
156 502 326 583 deindeque
353 502 508 565 cohortem
532 510 561 563 et
583 501 732 565 tribunum
754 503 843 565 nobis
864 505 1092 569 minitabantur:
1122 507 1169 570 his
1199 509 1280 572 enim

63 615 114 667 tcta
133 605 271 669 innititur
292 622 434 685 perversa
453 604 573 691 illorum
595 604 738 666 doctrina.
782 604 896 687 Nempe
909 617 1068 687 postquam
1084 609 1135 670 Dei
1152 608 1282 675 Verbum

60 708 112 769 sire
137 706 288 769 rationem
309 704 493 779 reiecerunt,
522 704 715 767 meritissimo
739 706 821 768 omni
841 725 968 787 prorsus
988 710 1104 772 ratione
1125 719 1195 773 sunt
1215 711 1281 792 pri-

59 808 115 870 nti.
159 808 247 883 Quae
269 806 389 888 quidem
411 824 480 869 cnm
500 806 572 868 mibi
595 806 715 885 penitus
737 816 839 870 essem
860 817 1026 889 perspecta,
1049 809 1123 873 nibil
1144 813 1279 891 profecto

58 909 104 971 illis
129 910 374 991 respondissem.
418 909 527 971 Verum
555 909 624 989 quin
645 916 694 971 tna
716 907 828 973 Curius
852 929 900 983 ea,
923 929 998 990 quae
1020 912 1052 975 iu
1072 913 1191 992 synodo
1214 921 1364 976 acaron.

57 1022 124 1086 sunt,
145 1011 229 1074 scire
252 1029 290 1073 ex
309 1028 360 1073 me
381 1009 483 1083 voluit,
505 1026 568 1071 rem
590 1008 701 1072 diutius
711 1009 793 1071 nolui
808 1010 938 1085 differre,
962 1013 1015 1074 sed
1031 1013 1188 1075 confestim
1204 1032 1279 1094 quae

56 1120 114 1173 turc
140 1119 229 1191 gestu
258 1120 331 1175 sunt
357 1120 429 1175 nota
456 1110 512 1173 feci
539 1111 702 1192 paucisque
723 1110 938 1185 demonstravi,
972 1132 1058 1193 quam
1081 1133 1097 1175 a
1119 1122 1199 1177 recta
1221 1115 1280 1179 fida

55 1213 146 1293 pond
176 1214 220 1275 sit
241 1213 351 1275 Ariana
375 1212 528 1285 haeresis,
557 1211 658 1291 nilque
686 1210 763 1275 aliud
791 1213 859 1273 illos
889 1213 945 1273 nisi
968 1230 1041 1275 vana
1063 1215 1171 1293 effugia
1192 1233 1260 1277 com

54 1314 173 1377 minisci.
220 1314 270 1375 'l'u
291 1332 402 1395 porro,
430 1312 601 1387 carissime,
624 1313 690 1375 vide
713 1333 750 1374 an
772 1332 833 1375 non
856 1314 894 1375 ita
918 1333 950 1376 se
972 1333 1022 1376 res
1044 1314 1160 1377 babeat.
1203 1314 1278 1379 Nam

55 1416 140 1479 cibis
163 1416 226 1495 ipsi
251 1414 414 1488 confidunt,
437 1434 512 1495 quae
534 1424 654 1477 auctore
678 1422 707 1476 et
729 1414 910 1477 seminatore
932 1414 1050 1477 diabolo
1068 1434 1209 1495 perverse
1224 1435 1277 1479 ex-

56 1519 225 1597 cogitavere,
249 1526 378 1596 purgent
400 1516 539 1596 seprius
561 1516 599 1577 de
619 1516 677 1577 illis
702 1515 872 1590 erroribus,
895 1524 1018 1596 proptor
1039 1536 1114 1596 quos
1137 1517 1276 1580 baeretici

56 1628 115 1682 sunt
135 1617 296 1690 declarati,
319 1636 352 1679 ac
373 1616 480 1679 deinde
502 1634 578 1697 quae
600 1625 702 1680 contra
726 1636 759 1679 se
782 1618 900 1679 decreta
924 1626 1003 1689 sunt,
1027 1617 1053 1679 si
1075 1618 1194 1699 possint
1215 1620 1276 1681 cri-

55 1721 209 1783 nincntur.
260 1718 356 1783 Nemo
393 1718 473 1781 onim
504 1719 655 1781 homicidii
693 1728 742 1781 aut
770 1719 905 1780 adulterii
934 1718 1085 1781 ‹ronvictus
1112 1720 1160 1781 ius
1188 1718 1279 1782 habet

56 1832 115 1903 pest
142 1820 291 1883 iudicium
318 1821 495 1883 sententiam
523 1821 842 1895 iudielscriminandi,
870 1839 923 1882 eur
945 1839 1052 1900 nempe
1074 1839 1133 1881 non
1158 1821 1202 1882 sic
1224 1821 1278 1883 sed

57 1923 93 1985 sic
115 1922 239 2017 inultus
260 1922 362 1983 fuerit.
406 1923 539 2003 Namque
561 1922 589 1983 id
613 1942 695 1995 eum,
720 1923 769 2002 qui
792 1922 880 1983 fuerit
902 1921 1132 1995 condemnatus,
1154 1921 1276 1983 minime

58 2022 226 2093 liberaverit,
251 2024 306 2085 sed
328 2025 429 2103 potius
453 2025 517 2085 eius
540 2024 624 2104 culpa
647 2024 817 2086 huiusmodi
841 2024 1006 2085 temeritate
1028 2032 1058 2084 et
1079 2022 1199 2084 audacia
1220 2039 1302 2099 aus

58 2131 141 2203 μιν.
188 2122 235 2186 11Ιὶ
256 2142 329 2204 ergo
352 2124 488 2186 similiter
510 2126 555 2185 vel
577 2125 737 2187 ostendant
757 2145 790 2187 se
812 2124 861 2205 pie
877 2124 1005 2198 sentire3
1027 2124 1173 2203 siquidem
1187 2140 1277 2184 accu-

58 2225 103 2286 sati
130 2224 262 2287 convicti
290 2234 379 2299 sunt,
406 2244 472 2289 cnm
505 2226 577 2287 nibil
599 2233 684 2287 antea
706 2235 809 2289 essent
830 2225 1000 2303 conquesti:
1030 2244 1156 2304 aequum
1178 2233 1277 2287 autem

59 2336 94 2387 est
119 2346 186 2395 eos,
208 2326 261 2407 qni
283 2336 473 2402 annonantur,
502 2328 574 2389 nibil
598 2327 675 2390 aliud
697 2345 785 2406 agere
807 2345 893 2405 quam
916 2334 949 2386 ut
971 2346 1005 2384 so
1028 2326 1202 2399 defendant3
1229 2324 1277 2387 vel

58 2428 250 2490 sisnrdidata
271 2429 398 2490 convicti
420 2429 599 2491 conscientia
622 2446 706 2491 sunm
727 2427 909 2506 impietatem
931 2435 1103 2506 agnoscunt,
1127 2445 1165 2487 nc
1187 2426 1278 2505 igitur

59 2529 165 2609 nabent
193 2546 271 2609 quae
301 2531 453 2610 ignorant,
484 2550 521 2592 ne
542 2531 619 2591 forte
642 2529 698 2610 ipsi
720 2528 827 2607 duplex
849 2527 918 2589 inde
940 2528 1049 2589 malum
1072 2547 1172 2589 secum
1194 2528 1276 2588 rele-

58 2640 126 2701 rem,
155 2631 322 2712 impietatis
345 2632 433 2694 simul
456 2644 485 2693 et
506 2630 689 2711 ignorantiae
709 2629 816 2691 merito
839 2628 1036 2690 condemnati.
1080 2628 1154 2689 liam
1177 2629 1277 2706 potius

58 2733 181 2797 studiose
203 2733 382 2812 expendant,
406 2743 439 2795 ut
459 2733 517 2806 bis,
539 2750 614 2812 quae
635 2730 717 2811 prius
740 2731 923 2803 nesciebant,
945 2729 1071 2808 cognitis
1086 2728 1191 2807 impias
1208 2745 1277 2788 suas

60 2852 134 2897 aures
163 2835 302 2896 veritatis
329 2834 408 2896 unda
436 2843 465 2895 et
491 2832 610 2913 pietatis
633 2832 780 2912 dogmatis
802 2831 920 2912 possint
941 2830 1072 2891 abluere.
1116 2828 1165 2889 Sic
1187 2827 1278 2906 igitur

62 2934 230 2999 bNicaena
251 2936 373 3016 synodo
396 2954 464 3013 erga
486 2933 672 2996 Eusebianos
694 2942 791 2995 actum
814 2941 870 2993 est.

128 3142 160 3204 3.
206 3139 247 3200 U
268 3147 355 3200 erant
376 3138 404 3198 in
429 3156 481 3199 sna
503 3136 653 3216 impietate
675 3137 841 3216 pertinaces
857 3134 1111 3212 moliebanturque
1127 3153 1191 3194 cnm
1208 3134 1276 3213 ipso

57 3236 107 3301 deo
127 3258 277 3321 pugnare,
299 3238 340 3301 ita
362 3258 437 3317 quac
459 3238 494 3299 ab
518 3239 562 3299 eis
584 3237 765 3311 dicebantur,
788 3238 873 3317 plena
897 3234 1164 3314 crantimpietatis.
1203 3235 1275 3316 Epi·

57 3341 129 3423 tcnpi
150 3350 271 3413 autem,
296 3341 346 3419 qui
369 3338 484 3401 tricenti
506 3338 574 3418 pius
595 3338 695 3400 minus
717 3347 931 3409 convenerant,
965 3345 1120 3397 mansuete
1146 3354 1180 3397 ac
1204 3354 1275 3415 per·

50 3438 216 3507 tumtur
238 3440 276 3502 ab
299 3440 358 3502 ibis
380 3440 577 3519 postularunt,
600 3449 633 3501 ut
654 3440 691 3500 de
705 3438 763 3513 his,
787 3432 862 3518 quae
877 3438 1023 3511 dicebant,
1046 3437 1191 3499 rationem
1204 3438 1276 3498 red-

42 3530 151 3607 'hent
173 3544 301 3623 piasque
322 3542 464 3603 afferrent
485 3540 767 3603 demonstrationes.
813 3539 869 3612 Qui
892 3548 926 3600 ut
944 3529 993 3599 ’vix
1008 3538 1090 3618 loqui
1104 3546 1275 3618 coeperunt,

55 3642 214 3724 dpnissiuri
238 3642 297 3705 risi
319 3642 447 3704 suntab
470 3642 609 3704 omnibus
631 3642 682 3721 qni
705 3642 988 3715 condemnarentur3
1018 3640 1075 3719 ipsi
1099 3639 1176 3701 enim
1199 3638 1278 3699 inter

24 3754 82 3806 tue
98 3744 323 3809 dtercabantur
343 3745 500 3823 agnitaque
521 3761 593 3807 suae
614 3743 748 3805 haeresis
771 3743 908 3805 futilitate
931 3742 1003 3803 muti
1020 3739 1232 3821 permanebant
1247 3747 1279 3799 et

53 3864 100 3909 nn
120 3846 247 3911 silentiu
267 3862 430 3926 perversae
450 3844 615 3906 sententiae
637 3843 850 3925 turpitudinem
874 3843 1049 3904 fatebantur.
1087 3842 1188 3920 ltaque
1204 3839 1277 3919 Epi-

56 3950 126 4029 scopi
148 3946 317 4019 vocabulis,
341 3963 416 4025 quae
437 3944 480 4006 illi
501 3947 661 4007 commenti
679 3955 776 4034 eraut,
799 3944 937 4005 rescissis
960 3961 1062 4005 sanam
1084 3952 1114 4002 et
1135 3939 1277 4001 ecclesia-

56 4049 146 4111 dnm
167 4048 261 4111 fidem
284 4045 431 4107 adversus
453 4044 520 4107 illos
543 4065 719 4126 exposuere,
742 4046 788 4109 cui
812 4063 880 4108 cum
895 4063 1000 4106 omues
1015 4042 1275 4122 subscripsissent,

54 4145 199 4215 insebiani
230 4166 356 4230 quoque
376 4146 426 4207 his
448 4145 522 4227 ipsis
544 4148 711 4223 vocabulis,
739 4166 815 4227 quae
836 4164 916 4208 nunc
937 4144 1172 4225 reprehendunt,
1201 4141 1275 4202 sub-

76 4338 167 4404 dlieg.
186 4337 238 4401 rtis·
256 4328 397 4403 triplam
415 4324 515 4384 αὐτῶν.
690 4336 723 4397 git
741 4334 883 4384 ambrosius
902 4331 1110 4393 camaldulensis,
1129 4331 1169 4395 qni
1187 4341 1275 4391 nempe

74 4422 93 4457 e.
108 4408 147 4461 Sic
162 4411 221 4473 fleg.
248 4416 329 4471 atque
354 4404 389 4453 ita
408 4406 479 4452 etism
498 4404 556 4466 legit
572 4403 638 4453 Nun·
688 4403 772 4452 vertit:
790 4404 887 4468 ipsoque
904 4403 997 4452 silentio
1016 4401 1183 4463 confutentur
1200 4398 1276 4460 carpt-

51 4472 97 4525 is
128 4478 208 4531 ceteri
227 4485 254 4528 et
274 4472 339 4539 editi
356 4464 509 4533 modofiq,
531 4472 637 4522 ntetle·
690 4472 792 4522 ludicen
809 4473 910 4521 innotus
928 4475 1033 4534 captatae
1049 4468 1146 4531 ebriae
