2948 5092
404 251 764 297 sarsrounrorcasrrs
780 252 1055 300 messuissrrmor.
1303 244 1342 307 dt

98 436 107 451 ι
127 406 219 483 pictate
249 403 307 465 dici
336 422 399 465 non
429 412 540 483 potest.
584 402 644 464 Nec
665 403 744 465 enim
767 403 864 466 estin
886 404 948 466 Deo
970 406 1125 484 superbia,
1154 408 1204 486 qui
1226 417 1256 469 et
1278 409 1343 487 ipse
1353 424 1431 469 corr.

127 524 178 566 tur
197 503 308 566 iacebo
332 506 364 565 in
386 504 552 585 Aegyptum
572 505 724 583 proiectus
747 513 810 577 est,
839 512 869 566 et
890 514 1013 585 propter
1033 507 1231 570 Abrabamum
1253 510 1344 572 Sarae

124 626 198 667 causa
218 605 448 668 Abimelacbum
478 604 644 685 castigavit,
673 605 723 685 qui
752 606 830 668 idem
864 625 930 667 cum
951 607 1053 687 Moyse
1083 610 1199 671 tametsi
1223 610 1344 673 bomine

123 726 151 767 os
167 706 203 767 ad
226 726 263 769 os
286 707 480 786 loquebatur,
503 714 532 767 et
554 707 583 768 in
605 715 738 768 montem
761 706 832 767 Sina
851 708 1023 783 descendit:
1047 711 1345 790 acdeniqueoccuita

121 808 284 889 gratianua
307 807 455 889 populum
477 807 596 881 adiurit,
620 808 726 869 devicit
739 808 916 871 Amalecum.
951 810 1058 872 Verum
1082 812 1153 872 falsa
1175 812 1249 874 baec
1263 820 1343 888 sunt,

121 929 181 988 quse
201 910 426 991 propugnatis:
449 909 596 988 siquidem
618 914 682 991 ipsa
703 910 777 989 [scri
798 928 854 973 aas
878 922 905 973 st
928 930 990 973 noa
1010 916 1073 992 ipsi
1092 932 1159 974 nos.
1203 914 1270 992 ipse
1286 921 1343 989 est,

121 1011 157 1089 qui
183 1030 241 1089 per
264 1029 359 1073 suum
382 1009 512 1073 Verbum
534 1010 633 1071 omnia
654 1018 681 1071 et
704 1010 792 1090 parva
815 1020 844 1071 et
866 1030 971 1091 magna
992 1013 1078 1087 fecit3
1108 1032 1163 1075 noc
1183 1033 1233 1077 res
1256 1034 1341 1078 orea-

121 1122 154 1171 tus
173 1116 220 1172 ias
244 1120 296 1174 est
319 1111 464 1186 dividere,
486 1112 526 1173 ita
549 1120 582 1172 nt
603 1111 716 1173 dicatur·
737 1113 794 1173 boo
815 1112 926 1186 Patris,
950 1112 1019 1174 iilud
1042 1114 1107 1175 Filii
1130 1133 1212 1189 essm
1240 1135 1342 1199 rernm

120 1215 205 1274 onnia
228 1220 308 1275 sunt
329 1214 421 1275 unius
435 1212 499 1285 boi,
523 1213 572 1292 qui
594 1213 716 1293 proprio
731 1212 828 1274 Verbo
852 1221 998 1292 tamquam
1020 1232 1109 1275 manu
1131 1215 1233 1289 utitur,
1255 1226 1344 1295 atquo

120 1315 205 1375 sunia
234 1316 269 1376 in
300 1334 340 1377 eo
368 1314 453 1388 iacit,
487 1322 520 1374 ut
545 1312 610 1392 ipse
633 1313 712 1375 Deus
734 1314 782 1376 his
805 1314 903 1375 verbis
925 1315 1027 1375 docet:
1051 1316 1161 1378 Manus
1183 1336 1249 1379 maa
1269 1320 1344 1396 fecit

121 1416 178 1477 iser
199 1420 321 1477 mair.
366 1414 448 1476 idern
470 1414 557 1475 etiam
580 1414 682 1475 didicit
703 1420 733 1474 et
753 1414 853 1476 docuit
866 1416 984 1477 Paulus.
1019 1415 1111 1491 Unus,
1128 1417 1232 1496 inquit,
1249 1418 1341 1490 Deris,

76 1508 83 1539 ·’
121 1535 151 1577 er
176 1536 238 1599 quo
270 1521 391 1588 omnio,
422 1527 450 1577 st
478 1534 560 1577 unas
582 1513 731 1577 Dominus
754 1515 839 1579 iesus
863 1517 1017 1589 Christus,
1044 1536 1210 1600 perquem
1232 1523 1342 1582 omnia.

119 1614 175 1695 ipsc
197 1618 294 1697 igitur
318 1625 348 1678 et
371 1635 491 1696 semper
513 1624 543 1677 et
563 1634 642 1678 nunc
656 1615 781 1695 imperat
796 1618 862 1692 soii,
886 1627 917 1679 et
937 1618 1078 1693 exoritur,
1102 1619 1230 1681 nubibus
1252 1638 1342 1698 prae-

69 1712 71 1717 ’
119 1718 188 1797 cipit,
211 1726 246 1779 et
267 1718 301 1779 in
324 1736 416 1778 unam
439 1727 535 1779 terrae
554 1726 668 1797 partem
691 1719 889 1795 effunduntur,
913 1739 988 1798 quae
1003 1729 1101 1782 autem
1116 1739 1178 1782 non
1192 1721 1341 1800 irrigatur,

118 1819 246 1880 siccatur.
295 1817 383 1879 {ubet
408 1818 546 1881 similiter
572 1827 681 1880 terram
710 1822 821 1882 tructus
845 1822 948 1894 edere,
978 1831 1007 1882 ct
1028 1821 1182 1884 ieremiam
1203 1823 1235 1883 in
1257 1832 1342 1884 utero

117 1921 228 1981 ionriat.
274 1919 310 1980 Si
332 1938 426 2000 porro
448 1920 522 1981 baec
542 1939 622 1982 nunc
643 1921 707 2000 ipsc
730 1923 828 1989 efficit.
853 1923 974 1984 dubium
997 1932 1077 1984 certe
1100 1941 1162 1983 non
1185 1933 1246 1997 est,
1269 1924 1342 2002 quin

119 2024 174 2100 ipsc
207 2022 302 2084 ctiam
336 2022 374 2083 ab
402 2021 489 2082 initio
514 2021 666 2100 indignum
694 2040 727 2084 se
755 2043 814 2084 non
843 2024 986 2103 putaverit
1015 2024 1114 2085 omnia
1135 2042 1189 2102 per
1213 2025 1340 2085 Verbum

119 2126 222 2195 tarem
245 2124 361 2203 quippe
383 2141 450 2184 eum
472 2123 530 2184 ista
552 2141 651 2184 rerum
673 2125 875 2186 universarum
897 2125 958 2187 sint
979 2135 1088 2204 partes.

194 2434 227 2496 8.
273 2427 328 2489 Sin
359 2436 457 2489 autem
486 2427 553 2505 quia
579 2444 628 2487 res
650 2427 723 2488 aliae
745 2434 858 2488 creatae
881 2427 1025 2487 actionem
1048 2428 1171 2489 invictae
1193 2430 1341 2492 non-iacti

119 2553 216 2595 manus
240 2533 323 2593 ferre
345 2548 407 2589 non
430 2529 569 2603 vaierent,
592 2527 674 2589 sotus
688 2526 778 2589 b'iiius
801 2547 817 2587 a
840 2527 903 2588 solo
919 2528 980 2588 beo
1004 2538 1050 2590 cst
1072 2530 1175 2603 sactus,
1199 2548 1248 2590 rcs
1271 2550 1341 2591 roro

121 2637 183 2697 diac
205 2653 262 2716 per
284 2631 394 2693 fitium
417 2640 555 2709 tanquam
578 2629 746 2689 ministrum
770 2637 800 2689 ct
820 2629 985 2690 adiutorem
1003 2632 1092 2690 iactae
1109 2639 1187 2703 sunt,
1211 2641 1244 2691 ut
1266 2632 1341 2693 scci-

121 2738 168 2815 psit
190 2734 341 2806 Asterius,
366 2732 415 2811 qui
439 2732 526 2792 idoiis
550 2729 719 2802 immolarit,
743 2730 821 2809 quod
845 2730 923 2791 idem
945 2732 1155 2810 transcriptum
1169 2731 1255 2793 Arius
1280 2733 1342 2793 suis

124 2838 250 2911 tradidit,
286 2853 348 2915 quo
370 2832 473 2912 utique
495 2832 637 2893 rcroabulo
662 2841 796 2910 tanquam
820 2832 931 2892 calamo
954 2841 1093 2910 quassato
1117 2841 1255 2907 utuntur,
1288 2844 1437 2895 nect-‘21⁵5

125 2940 194 3002 stulti
218 2940 287 3001 eius
309 2944 475 3015 agnoscunt
496 2935 671 2997 futilitatem.
717 2935 750 2995 Si
771 2934 850 2995 enirn
872 2953 920 2996 ros
942 2936 1033 2995 iactae
1055 2952 1173 2996 niarium
1196 2935 1247 2996 Dei
1265 2936 1342 2997 icrre

127 3061 173 3102 nnn
194 3048 350 3121 poterant,
372 3038 438 3121 ipse
460 3046 557 3098 autom
579 3036 672 3098 Filius
694 3055 752 3097 una
775 3045 838 3111 est,
862 3046 893 3096 ut
914 3035 1048 3109 cernitis,
1071 3056 1106 3096 cn
1129 3037 1219 3097 reims
1242 3038 1343 3107 dictim

69 3158 72 3263 q
127 3142 264 3221 quomodo
289 3141 397 3220 ipses
419 3139 485 3199 solo
508 3138 568 3199 Deo
590 3138 655 3199 tisri
678 3135 799 3217 potuit?
843 3139 874 3197 Si
898 3138 967 3199 item
989 3146 1022 3198 ut
1043 3156 1092 3198 res
1115 3140 1205 3200 iactae
1229 3142 1343 3213 tierent,

69 3272 71 3297 ι
128 3242 293 3306 intermedio
317 3240 453 3301 adiutore
476 3260 551 3319 opus
575 3240 638 3313 suit,
663 3240 805 3317 ctFilius,
827 3248 860 3300 ut
881 3240 1002 3318 putatis,
1025 3242 1118 3301 facins
1140 3259 1256 3319 quoquc
1280 3242 1344 3320 ipse

69 3300 72 3431 Ι
128 3357 177 3415 est}
197 3346 339 3425 profecto
362 3360 487 3403 necesse
511 3342 597 3403 ctiam
619 3339 675 3403 iuit
697 3340 904 3402 intermedium
927 3341 1054 3418 aliqum
1077 3350 1143 3401 anto
1159 3361 1227 3402 erim
1242 3343 1345 3416 inisse,

69 3438 72 3529 ξ
127 3454 333 3515 ttcrearetur,
357 3442 407 3521 qui
428 3442 495 3521 ipse
517 3442 726 3515 intermedius,
749 3461 816 3504 cum
838 3461 887 3504 res
911 3451 1005 3503 creata
1029 3462 1146 3521 quoquc
1169 3453 1265 3517 esset,
1288 3438 1351 3505 aiio

69 3544 72 3575 :
128 3549 185 3610 item
218 3545 401 3633 intermedio
430 3546 465 3606 ad
496 3546 543 3606 sui
570 3546 807 3625 procreationem
837 3564 912 3623 opus
943 3544 1082 3605 babuisse
1110 3563 1169 3605 non
1200 3545 1346 3606 immerito

127 3650 273 3711 ridebitur.
320 3645 355 3709 Si
377 3646 442 3726 quis
465 3654 563 3706 autem
584 3647 672 3708 alium
688 3646 896 3725 excogitaverit
909 3645 1127 3719 intermedium,
1151 3646 1224 3707 alius
1239 3664 1346 3709 rursus

69 3766 71 3791 ¹
128 3750 315 3815 intermedius
344 3758 469 3828 propter
490 3746 571 3809 ilium
593 3749 683 3810 alium
706 3747 762 3809 erit
784 3748 954 3827 tingendus,
977 3758 1063 3825 atquc
1086 3747 1124 3806 ita
1148 3749 1177 3807 in
1199 3747 1346 3808 inlinitum

69 3834 71 3839 Ι
127 3850 299 3915 ieiabemur.
344 3850 440 3911 Porro
461 3849 532 3911 dum
554 3850 592 3910 ita
615 3851 807 3913 intermedius
820 3850 926 3928 aliquis
938 3868 1057 3928 scrnper
1068 3849 1243 3927 requiretur,
1268 3858 1347 3909 certe

127 3970 165 4016 ns
186 3964 304 4017 creatae
327 3950 472 4015 constitui
494 3970 554 4012 uon
576 3961 728 4031 poterunt,
750 3952 997 4031 quandoquidem,
1021 3958 1053 4009 ut
1075 3950 1181 4010 dicitis.
1206 3950 1282 4010 rurba
1298 3966 1347 4010 res

129 4058 189 4116 tnta
211 4058 292 4119 serre
317 4054 391 4117 valet
417 4054 554 4114 invictam
577 4055 725 4115 ison-timii
749 4072 877 4115 marium.
909 4052 995 4124 Quod
1018 4052 1042 4111 si
1060 4052 1089 4111 id
1104 4050 1263 4111 abundum
1280 4067 1347 4110 osse

129 4277 209 4343 dequo
227 4280 372 4338 bicacitur,
393 4290 420 4324 cr
433 4272 547 4336 Sophiste
562 4274 712 4323 Christianus
764 4274 821 4322 Vide
839 4274 931 4321 Socrat.
951 4272 1038 4321 Histor.
1058 4271 1148 4317 Eccics.
1170 4270 1209 4316 tib.
1229 4270 1245 4315 1.
1267 4284 1286 4315 c.
1306 4266 1346 4312 36.

127 4344 200 4405 betur,
216 4344 403 4413 persecutionis
419 4350 532 4403 tempore
543 4342 613 4390 idolis
625 4344 712 4390 immo·
765 4349 788 4389 et
807 4340 952 4402 Pbdostorg.
971 4340 1012 4415 tip.
1034 4338 1060 4385 ΙΙ.
1081 4353 1145 4385 nrrnr.
1168 4337 1206 4383 15.
1230 4401 1252 4410 Η
1279 4394 1286 4413 ,

127 4409 183 4474 brit,
204 4416 319 4481 idemque
344 4418 437 4477 postca
462 4409 553 4459 multos
571 4410 647 4458 libros
665 4425 710 4473 pro
799 4426 819 4456 c.
839 4399 1051 4471 negdyoprov,
1069 4406 1141 4453 ceteri
1157 4413 1179 4452 ct
1197 4402 1253 4451 cdrtr
1273 4412 1349 4463 αγεν-

128 4482 273 4535 animanda
304 4482 401 4533 Ariana
434 4478 532 4527 haeresi
564 4477 708 4542 composuit.
762 4469 854 4522 rr'aov.
