2948 5092
340 250 698 297 maerensmaerens
714 252 992 299 armunensrnonr.
1242 239 1284 304 89

59 406 157 478 mone,
179 402 380 466 conversione
402 411 451 465 aut
471 403 636 465 mutatione
658 401 841 465 substantiae
863 411 893 466 et
914 404 1030 466 virtutis
1045 404 1153 480 Patris,
1176 405 1213 468 ab
1232 406 1368 468 hisnu.

56 508 126 568 enim
149 504 293 568 omnibus
314 503 440 566 adenem
461 522 529 566 esse
550 504 749 567 non-laetam
771 504 867 566 Patris
889 514 1042 578 naturam3
1071 525 1175 568 verum
1196 507 1280 571 hisce

55 608 146 670 vulis
170 604 463 671 consubstantialem
484 605 576 667 l'otri
594 604 728 678 indicari,
751 604 860 666 ntdhm
882 605 957 667 Filio
977 606 1030 668 Dei
1052 626 1119 669 cum
1141 607 1226 670 lactis
1250 614 1281 671 et

54 708 154 772 neatis
183 707 278 769 rebus
306 725 376 769 esse
404 705 644 781 similitudinem,
672 707 726 769 sed
753 705 810 769 soli
831 706 927 781 Patri,
960 708 1010 787 qui
1039 708 1138 788 ipsum
1166 710 1279 789 genuit,
1287 723 1365 769 ent.

55 812 129 873 omni
151 810 247 872 modu
269 807 398 872 similem
420 827 503 882 esse,
535 826 633 888 neque
655 826 690 870 ex
712 807 769 870 alia
790 825 877 888 quam
899 827 934 870 ex
956 809 1052 872 Patris
1074 811 1229 891 hypostasi
1251 819 1281 875 et

54 912 218 976 munda
240 930 319 974 esse.
364 911 417 973 Cui
438 913 504 972 voci
526 911 584 972 hoc
604 909 694 971 modo
718 909 877 988 explicatae
899 911 1038 973 assentiri
1055 921 1169 975 rectum
1191 912 1279 975 nobis

54 1015 143 1076 nsum
165 1023 232 1081 est.
261 1011 499 1092 quandoquidem
521 1011 704 1090 exploratum
726 1010 879 1084 habemus,
903 1019 1018 1073 veteres
1040 1013 1184 1091 quosdam
1207 1031 1278 1075 eru-

55 1116 126 1177 ditos
149 1124 181 1178 et
203 1115 337 1176 illustres
360 1114 527 1194 Episcopos
549 1132 583 1174 ac
605 1113 784 1192 Scriptores,
808 1130 874 1174 cum
897 1112 933 1174 de
955 1113 1042 1174 Patre
1065 1122 1094 1175 et
1116 1115 1189 1176 Filio
1212 1102 1287 1177 dis-'

55 1225 196 1291 tererem,
217 1235 293 1278 voce
315 1215 582 1279 consubstantialis
605 1234 676 1277 usos
699 1215 802 1276 luisse.

132 1522 163 1585 8.
210 1520 292 1582 llaec
312 1520 410 1599 itaque
433 1518 470 1579 de
492 1519 568 1579 edita
591 1519 648 1579 tide
672 1518 731 1579 sint
746 1517 833 1592 dicta,
857 1519 903 1579 cui
919 1516 1037 1599 quidem
1054 1538 1158 1581 omnes
1173 1539 1278 1583 sumus

58 1622 174 1695 assensi,
200 1621 255 1683 sed
277 1619 399 1682 nonnisi
421 1629 576 1699 postquam
593 1639 656 1682 rem
672 1627 805 1682 accurate
820 1621 1042 1700 perpendimus,
1066 1640 1161 1701 eoque
1176 1640 1277 1695 sensu,

58 1725 99 1803 qni
119 1723 284 1802 explicatus
308 1730 354 1783 est
376 1740 474 1783 coram
492 1721 719 1801 religiosissimo
734 1722 926 1801 Imperatore,
950 1723 1058 1802 quique
1080 1723 1175 1785 allatis
1190 1742 1280 1804 supra

58 1825 216 1886 rationibus
240 1825 295 1885 luit
317 1822 507 1903 approbatus.
552 1823 832 1885 Anathematismum
854 1843 956 1904 porro,
980 1825 1029 1903 qui
1051 1833 1121 1904 post
1135 1826 1221 1887 tidem
1243 1825 1279 1887 ab

59 1925 108 1989 illis
128 1928 264 1988 adiectus
288 1935 351 1997 est,
374 1923 448 1985 nihil
470 1943 557 2004 grave
581 1934 610 1986 et
631 1925 789 1987 molestum
811 1925 921 1988 habere
944 1927 1189 2000 existimavimus,
1213 1946 1280 1989 cum

58 2029 216 2107 prohibeat,
240 2046 278 2088 ne
300 2045 400 2100 voces,
424 2045 498 2105 quae
521 2045 581 2087 non
604 2033 721 2088 exstent
743 2026 773 2088 in
789 2027 960 2106 Scripturis,
985 2037 1182 2108 usurpentur,
1205 2047 1281 2108 quae

59 2130 161 2192 sulcet
190 2148 279 2190 causa
308 2130 364 2190 luit
392 2128 489 2189 omnis
519 2129 580 2189 lere
603 2128 801 2190 dissensionis
824 2138 853 2189 et
873 2129 1122 2209 perturbationis,
1153 2130 1281 2210 quaein

57 2230 180 2295 Ecclesia
204 2240 272 2292 orta
295 2239 351 2291 est.
397 2229 469 2291 Cum
494 2229 582 2308 igitur
603 2230 681 2290 nulla
704 2229 843 2291 divinitus
857 2230 998 2311 inspirata
1013 2230 1163 2310 Scriptura
1176 2250 1228 2292 usa
1243 2232 1282 2292 sit

57 2334 170 2394 vocibus
195 2352 235 2395 em
256 2351 320 2394 non
341 2332 550 2408 existentibus,
572 2333 636 2410 suit
652 2331 814 2412 aliquunde
830 2351 896 2393 cum
911 2352 974 2395 avon
990 2344 1076 2403 esset,
1100 2333 1224 2412 aliisque
1240 2332 1281 2393 ibi

58 2434 203 2508 sublectis,
228 2434 323 2495 risum
348 2443 395 2495 est
416 2434 522 2494 rationi
547 2442 779 2494 consentaneum
802 2452 862 2494 non
886 2454 953 2495 esse
970 2435 1042 2495 haec
1063 2434 1106 2495 rel
1122 2434 1219 2496 dicere
1235 2434 1282 2496 vel

57 2535 168 2609 docere,
192 2534 361 2614 quodcum
384 2545 498 2596 rectum
521 2554 640 2614 quoque
662 2554 729 2595 csse
752 2535 1018 2606 intellexissemus,
1041 2536 1279 2614 approbavimus

58 2636 291 2717 quandoquidem
313 2656 370 2698 nec
392 2655 447 2698 nos
470 2644 556 2697 antea
578 2637 748 2697 huiusmodi
764 2636 850 2698 verba
867 2656 1008 2716 usurpare
1025 2637 1103 2697 soliti
1120 2638 1280 2698 fueramus.
1352 2678 1355 2684 ·

133 2743 165 2803 9.
210 2738 271 2799 Nec
292 2739 363 2799 item
386 2737 546 2799 absurdum
568 2739 751 2816 putavimus,
785 2738 832 2798 his
862 2738 983 2798 vocilius
1013 2756 1075 2799 note
1105 2751 1173 2801 erut
1194 2749 1281 2799 cnte-

58 2861 139 2922 qeaae
159 2846 281 2921 penitus
305 2851 351 2902 est
380 2840 534 2900 anathema
562 2840 677 2913 dicere,
707 2859 773 2901 curn
807 2859 911 2900 omncs
934 2841 1079 2900 fateantur
1100 2839 1205 2899 Filium
1229 2838 1281 2900 uei

59 2941 153 3015 luisse,
176 2943 351 3020 priusquam
374 2941 536 3003 secundum
564 2960 681 3003 carnem
704 2942 882 3021 gigneretur.

138 3046 188 3105 tu.
235 3042 311 3103 Turn
334 3060 405 3103 vero
427 3043 582 3122 piissimus
605 3052 710 3104 noster
724 3044 889 3123 Imperator
907 3063 958 3104 sua
975 3043 1040 3122 ipse
1056 3043 1191 3103 oratione
1207 3061 1280 3121 pro·

59 3140 154 3215 habat,
185 3144 274 3204 etiam
296 3144 378 3205 illum
401 3144 493 3206 luisse
516 3144 677 3206 secundum
701 3145 828 3205 divinam
851 3145 916 3206 eius
939 3146 1175 3223 generationem,
1207 3163 1282 3222 (puae

60 3254 189 3305 estante
212 3245 311 3306 omnia
334 3244 464 3319 saecula,
494 3246 732 3325 quandoquidem
760 3247 932 3326 prinsquam
961 3247 1067 3307 ellectu
1095 3245 1200 3306 luisset
1228 3264 1281 3324 ge-

59 3346 148 3418 nitus,
178 3346 244 3424 ipse
267 3346 400 3425 potentia
423 3348 538 3408 eratin
560 3347 663 3421 Patre,
691 3347 760 3409 licet
780 3366 841 3408 non
870 3348 1055 3426 gigneretur3
1084 3348 1192 3427 quippe
1215 3366 1283 3408 cum
1316 3342 1319 3352 ’

57 3444 139 3506 Pater
160 3465 281 3525 semper
304 3448 392 3508 luerit
412 3456 511 3526 pater,
540 3457 624 3510 utet
646 3468 764 3528 semper
786 3450 842 3510 luit
863 3457 893 3509 et
915 3468 966 3509 rex
990 3458 1018 3510 et
1040 3449 1186 3520 salvator,
1210 3466 1281 3509 nec·

57 3565 114 3605 uon
136 3548 236 3608 omitia
258 3549 401 3626 potentii,
422 3568 598 3628 semperque
621 3552 725 3612 eodem
749 3550 837 3611 modo
861 3558 890 3611 et
913 3549 1048 3612 similiter
1068 3569 1102 3610 se
1123 3549 1239 3610 habeat.

58 3659 104 3710 τὸν
127 3659 188 3713 οἷὸν
214 3665 262 3713 τοῦ
287 3666 353 3714 θεοῦ
378 3661 423 3714 καὶ
445 3663 499 3732 πρὸ
525 3667 573 3727 τῆς
596 3678 643 3720 etc.
696 3671 810 3728 retertur,
829 3678 854 3719 ut
873 3669 936 3734 apud
948 3670 1069 3719 'lltecdor¹
1082 3670 1161 3721 Gelas.
1182 3677 1206 3718 et
1225 3671 1281 3720 edit.

57 3734 132 3782 Gelas
161 3726 360 3798 ὁμολογεῖσθαι
387 3723 458 3782 εἶναι
488 3727 573 3783 αὐτόν
597 3745 643 3787 etc.
696 3737 895 3787 Commeliannm.
931 3737 990 3787 Nam
1010 3753 1097 3786 sensns
1116 3745 1167 3796 est,
1186 3738 1284 3798 Filium,

55 3800 131 3878 Editio
151 3803 268 3851 Commel.
289 3794 488 3867 ὁμολογεῖσθαι
506 3792 576 3852 εἶναι
595 3799 645 3851 τὸν
697 3813 823 3869 antequam
843 3813 897 3854 actu
915 3813 942 3854 ut
960 3805 1025 3855 aiunt
1043 3813 1107 3854 esset
1125 3807 1228 3865 genitus,
1246 3806 1284 3855 lu-

55 3882 115 3915 οιον
132 3877 177 3918 etc.
697 3873 746 3921 isse
771 3873 877 3936 potentia
903 3874 926 3921 in
947 3873 1015 3922 Patre
1034 3863 1188 3936 ἇγεννήοως
1206 3873 1230 3922 id
1248 3880 1286 3922 est

89 3937 152 3986 llaec
171 3946 250 3986 autem
270 3938 341 3985 verba
360 3931 400 3985 ἔτι
424 3930 481 4003 μήν
506 3947 528 3986 et
555 3948 643 4000 cetero,
696 3943 783 4004 adaque
801 3943 838 3990 sui
856 3942 1011 4002 generatione,
1024 3941 1088 4004 quod
1099 3942 1226 3990 commode
1237 3956 1284 4004 pu·

54 4020 115 4084 quae
141 4014 278 4068 sequuntur
305 4020 382 4068 nsque
416 4007 444 4054 ad
470 3998 549 4053 ταῦθ’
578 4000 644 4072 ὑμῖν
696 4015 776 4057 tamus
801 4009 954 4071 expressisse
979 4008 1016 4056 his
1041 4010 1134 4058 verbis:
1162 4011 1215 4059 lieet
1237 4023 1286 4058 non

54 4073 209 4135 samalus
232 4081 278 4123 etc,
305 4073 392 4122 desunt
417 4074 480 4136 apud
508 4076 642 4133 Socratem,
696 4078 837 4138 pipneretur.
874 4075 919 4124 dlii
938 4083 1046 4125 renunt:
1064 4079 1165 4139 ingenito
1184 4077 1286 4140 quodem

52 4155 114 4204 qnae
132 4143 196 4190 lorte
215 4140 322 4198 reticuit,
341 4155 372 4189 ne
390 4139 503 4199 Ensebii,
523 4157 594 4205 quem
614 4143 644 4190 ab
695 4143 780 4203 modo,·
799 4143 855 4191 alii:
874 4146 977 4206 ingenito
995 4146 1095 4207 quodum
1112 4145 1210 4202 cutione,
1222 4155 1284 4206 quae

50 4209 136 4256 triana
156 4208 252 4258 haeresi
272 4222 301 4257 er
320 4208 644 4271 hacepistolapurgandum
696 4224 744 4257 non
772 4211 803 4258 ita
830 4211 895 4259 clare
914 4225 965 4260 rem
984 4211 1062 4274 ipsam
1080 4212 1190 4260 videntur
1208 4209 1284 4270 signi·

50 4283 201 4339 susceperat,
220 4290 319 4324 oausam
340 4283 422 4337 aperte
441 4277 563 4339 proderet.
696 4279 777 4325 doato.

85 4358 116 4392 m.
136 4343 258 4392 Theodor.
270 4335 302 4388 τὸ
322 4335 378 4406 πρὸ
396 4334 516 4390 πάντων.
556 4344 607 4392 llox
620 4345 643 4392 in
730 4361 753 4393 n.
773 4345 919 4395 Theodoret.
937 4341 984 4394 καὶ
1002 4345 1126 4423 σωτῆρος
1141 4339 1187 4391 καὶ
1205 4336 1285 4393 δονά-

50 4425 97 4459 ms.
116 4412 190 4473 Regio
210 4402 371 4474 ἄγεννήτως
384 4411 488 4471 iungitur
501 4426 554 4461 cum
564 4404 645 4463 ὄντος
694 4424 741 4476 pet
760 4420 806 4461 etc.
842 4413 894 4462 llox
912 4428 958 4478 pro
977 4408 1047 4461 κατὰ
1066 4427 1100 4459 τα
1118 4403 1188 4460 αὐτά
1206 4413 1284 4462 Editio

50 4477 99 4527 τοῦ
116 4471 222 4548 πατρός
240 4487 287 4529 ete.
325 4477 644 4529 uellusnnenaatttium
697 4480 814 4530 Commel.
826 4488 849 4531 et
860 4481 939 4532 Gelas.
960 4482 1048 4532 habent
1066 4473 1136 4529 κατὰ
1146 4470 1284 4530 riniani.
1360 4510 1373 4529 .
