2948 5092
463 252 573 299 oansro
587 252 609 297 1.
624 253 889 299 constituentes.
1220 243 1281 304 271

51 429 115 472 nou
137 407 258 489 quidem
279 405 483 487 magnitudine
505 404 630 483 quadam
651 411 705 465 aut
723 411 867 484 tempore,
889 405 942 466 sed
965 405 1033 484 quia
1055 425 1091 467 ex
1114 407 1179 486 ipso
1195 407 1368 470 Patrocles.

53 510 195 591 gignitur.
246 507 327 582 Quia
355 507 445 570 etiam
473 524 541 567 oum
569 504 656 567 dixit:
689 509 789 567 rnaiar
818 516 878 577 eat,
914 514 1036 568 naturae
1069 508 1282 588 proprietatem

54 612 196 675 ostendit.
296 665 308 686 ,

139 815 193 879 59.
235 811 274 874 Et
294 828 366 872 rere
387 810 454 890 ipse
473 808 652 889 Apostolus,
686 826 748 869 noa
775 815 810 870 ut
829 808 919 870 Verbi
948 817 1082 871 naturam
1104 828 1172 873 cum
1193 811 1284 876 rebus

58 916 140 979 tactio
160 912 353 995 potissimum
368 918 563 990 compararet,
586 908 673 971 dixit:
698 909 792 972 Tanta
804 915 1019 990 praestantior
1031 911 1135 990 [actas
1150 913 1283 995 Angelis.

59 1017 188 1095 Namque
208 1013 299 1078 simul
319 1010 484 1092 comparari
505 1029 567 1072 non
588 1018 709 1089 qucum,
732 1029 799 1072 oum
822 1001 883 1072 sin'l
904 1011 982 1073 iuter
996 1030 1030 1072 se
1045 1012 1190 1076 diversae.
1223 1016 1285 1078 Sed

60 1119 92 1180 ad
113 1134 292 1196 corporeum
313 1113 403 1176 llerbi
425 1114 582 1174 adrentum
604 1110 690 1174 etad
712 1111 964 1192 dispensationem
982 1115 1047 1175 eius
1063 1116 1218 1177 attendens
1234 1117 1283 1178 io·

60 1219 154 1283 dicare
175 1217 287 1291 voluit,
315 1216 415 1297 ipsum
437 1214 579 1287 aliorum,
602 1213 653 1293 qui
674 1220 912 1287 antecesserant,
941 1214 1038 1301 simile
1058 1234 1119 1277 non
1143 1235 1228 1290 esse,
1250 1224 1285 1280 at

61 1328 201 1401 qnantum
219 1321 327 1381 naturt
347 1315 384 1379 ab
407 1316 455 1388 iis,
478 1333 554 1395 quos
576 1324 662 1377 antea
683 1314 816 1389 miserat,
839 1315 948 1391 differt,
970 1324 1051 1377 tanto
1067 1317 1155 1380 etiam
1176 1318 1284 1398 longc-

63 1440 115 1501 gue
133 1419 337 1502 praestantior
357 1436 425 1480 esso
446 1416 658 1495 intelligeretur
680 1417 791 1495 gratia,
814 1436 890 1496 quaa
912 1417 948 1481 ab
970 1418 1036 1498 ipso
1060 1427 1089 1480 et
1109 1437 1164 1499 per
1186 1420 1284 1499 ipsum

63 1521 153 1595 datar,
175 1538 264 1600 quam
286 1519 466 1598 Angelorum
487 1517 715 1580 administratio.
752 1517 902 1597 Siquidem
919 1537 1074 1582 servorum
1089 1528 1153 1583 erat
1172 1522 1285 1583 tructus

63 1622 199 1684 duntaxat
223 1639 403 1702 reposcere,
437 1627 467 1682 at
487 1618 554 1681 Filii
583 1627 613 1680 et
633 1617 752 1682 Domini
783 1628 846 1682 erat
874 1619 972 1683 debita
999 1621 1111 1684 donare
1138 1630 1169 1683 et
1193 1622 1285 1685 vitem

64 1723 229 1785 translame
271 1721 429 1796 liudem,
452 1740 527 1802 quae
549 1720 669 1783 subiimt
688 1720 867 1801 Apostolus,
895 1721 1106 1797 diluentium,
1136 1742 1210 1804 quae
1232 1723 1283 1785 pp,

63 1823 128 1887 born
154 1825 237 1886 inter
264 1831 296 1885 et
315 1840 366 1886 res
387 1823 479 1884 factm
501 1821 674 1898 intersedit,
707 1802 921 1885 demonstrant.
965 1823 1149 1905 Propterea,
1177 1824 1284 1904 inquit,

65 1935 176 2006 oportet
197 1943 256 1988 nor
270 1929 400 1987 macine
414 1927 568 1988 attendere
590 1925 630 1987 ad
650 1942 695 1997 ea,
719 1942 794 2005 puae
815 1926 995 1997 antiatinus,
1017 1945 1056 1988 ne
1071 1928 1155 2006 sorte
1171 1928 1305 2007 essina-¹

63 2045 133 2090 naa.
176 2025 216 2088 Si
236 2031 313 2089 enim
335 2030 462 2107 perper
482 2025 611 2106 Angelos
634 2027 731 2088 dictae
754 2035 800 2088 eat
821 2044 937 2103 samo,
965 2028 1068 2106 iactas
1097 2040 1143 2091 eat
1162 2029 1283 2108 firmae,

65 2137 87 2189 et
106 2131 202 2190 arania
220 2130 449 2207 praevaricatio
472 2139 501 2189 et
522 2128 724 2191 inobedientia
745 2130 858 2207 accepit
882 2131 996 2190 iustam
1022 2130 1166 2191 mercedis
1189 2131 1286 2192 retri-

65 2228 225 2305 bationem,
248 2229 394 2309 montedo
416 2247 472 2290 naa
495 2228 691 2309 effugiemus,
714 2232 743 2289 ei
763 2237 880 2290 tantam
900 2228 1120 2310 negleaerimaa
1144 2230 1283 2299 salutem.

64 2349 130 2410 prae
150 2348 221 2393 aaa
241 2333 361 2392 initiam
374 2333 537 2408 accepisset
551 2332 700 2390 enarrari
715 2345 775 2408 per
790 2328 962 2401 dominam,
985 2331 1022 2392 ab
1038 2333 1089 2402 eis,
1113 2335 1166 2412 pai
1178 2333 1285 2393 andie-

64 2441 147 2505 rant,
173 2436 209 2493 ia
234 2448 293 2492 aaa
324 2431 505 2510 confirmata
533 2439 588 2490 est.
633 2428 722 2500 Quod
754 2429 781 2490 si
804 2429 895 2491 Filius
924 2438 1007 2491 esset
1035 2430 1163 2492 erebus
1186 2431 1284 2500 sactis,

65 2550 119 2593 non
138 2532 200 2595 illis
221 2549 294 2594 sene
317 2539 399 2593 esset
418 2530 634 2610 praestantior,
657 2548 754 2609 neque
775 2531 881 2591 maiori
903 2531 1048 2611 supplicio
1070 2539 1194 2611 propter
1217 2548 1285 2593 eum

65 2635 212 2712 puniretur
233 2630 444 2694 inobedientia.
488 2631 549 2693 Nec
575 2631 653 2693 enim
682 2631 713 2692 ia
741 2629 996 2693 administratione
1023 2631 1202 2712 Angelorum
1229 2649 1284 2711 pro

67 2732 181 2813 siugulis
204 2733 322 2795 illorum
344 2732 439 2793 mains
460 2730 505 2793 vel
528 2732 626 2793 minus
649 2740 712 2794 arat
734 2731 763 2792 in
786 2731 852 2806 bis,
884 2733 934 2812 qui
956 2732 1132 2812 peccabant,
1162 2733 1216 2794 sed
1238 2732 1285 2793 lex

68 2842 122 2896 erat
140 2853 198 2896 nna
220 2852 337 2912 unaque
358 2834 388 2895 in
410 2840 566 2913 peccantes
589 2833 817 2895 animadversio.
863 2833 938 2904 Quia
965 2852 1037 2895 vero
1064 2833 1192 2895 Verbum
1220 2851 1282 2893 non

68 2944 106 2997 est
125 2956 141 2998 e
161 2936 253 3012 rebus
275 2935 370 3010 lactis,
392 2936 445 2997 sed
467 2943 515 2995 est
535 2934 613 2996 lilius
634 2935 739 3006 Patris,
762 2934 872 2996 idcireo
888 2944 998 3013 quanto
1013 2934 1213 3014 praestantior
1228 2940 1285 3006 est,

70 3044 94 3095 et
111 3055 158 3112 ca,
179 3055 308 3116 quoram
330 3046 432 3099 auctor
453 3037 519 3116 ipse
541 3045 607 3109 est,
629 3035 844 3115 praestantiora
867 3045 937 3098 sunt
958 3045 987 3098 et
1010 3037 1045 3098 ab
1069 3035 1135 3097 aliis
1157 3036 1285 3104 diversa,

71 3142 140 3198 ann
160 3139 250 3200 etiam
271 3137 390 3217 grarim
413 3155 481 3199 csse
503 3136 593 3199 debet
613 3135 800 3217 supplicium.
846 3137 946 3216 ltaque
974 3138 1070 3199 datam
1098 3157 1153 3219 per
1174 3138 1282 3200 Filium

74 3239 246 3301 reniderem
266 3240 405 3318 gratiam,
439 3257 565 3317 eumque
593 3257 629 3300 cx
657 3239 721 3300 suis
750 3237 901 3320 operibus
920 3248 1083 3318 agnoscant
1104 3260 1173 3302 rere
1196 3241 1286 3302 elium

77 3339 397 3413 marmaricus,
426 3340 583 3420 solumque
610 3340 692 3401 illum
721 3359 824 3402 verum
845 3339 951 3402 Filium
980 3342 1011 3401 in
1038 3341 1125 3402 Patre
1154 3361 1223 3404 esse
1256 3349 1287 3403 et

77 3431 174 3500 Petam
194 3440 226 3503 in
247 3440 325 3520 ipso.
368 3438 489 3502 Discant
509 3441 605 3520 legem
626 3440 663 3501 ab
678 3441 797 3519 Angelis
819 3441 1034 3520 promulgatam
1058 3460 1137 3516 esse,
1160 3443 1214 3504 sed
1228 3461 1285 3503 ne-

79 3534 167 3601 minem
186 3541 356 3604 reddidisse
377 3542 549 3620 periectum,
573 3541 682 3621 quippe
705 3560 791 3619 (puae,
815 3549 848 3602 ut
869 3542 956 3603 docet
976 3542 1096 3616 Paulus,
1119 3542 1207 3604 Verbi
1230 3542 1284 3604 ad·

83 3785 271 3865 tartessiacis*
288 3791 411 3858 γενητῶν
429 3784 564 3852 intaeta,
585 3789 647 3844 οὔτε
697 3786 769 3876 cpia,
791 3786 883 3842 dracoi
899 3793 989 3844 τοῦτο.
1026 3797 1105 3846 Ceteri
1124 3803 1147 3845 et
1159 3797 1216 3846 editi
1228 3785 1282 3843 ἀλλ’
1336 3814 1341 3821 ·

84 3863 194 3928 wenna.
229 3862 329 3912 Gobler.
356 3870 381 3911 et
403 3862 508 3911 Felcltm.
530 3863 550 3910 l.
575 3854 647 3912 εἰδὲ
697 3857 755 3915 vro'a
771 3855 831 3911 tart
848 3861 896 3910 τοῦ
914 3856 1027 3929 πατρός,
1047 3857 1094 3911 διὰ
1111 3862 1201 3911 cairo.

84 3926 252 3988 rarymnrair
270 3920 285 3975 d
302 3921 361 3981 υἱὸς
378 3914 421 3987 ἦν,
441 3920 472 3976 ori
490 3925 629 3994 κρείττων,
731 3931 753 3979 lr.
773 3931 814 3979 Sic
831 3931 931 3991 Seguer.
966 3934 994 3979 tt
1018 3931 1058 3981 alii
1086 3940 1110 3980 at
1128 3932 1184 3981 editi
1202 3944 1286 3997 τιμω·

100 3987 232 4063 ‚taenea
258 3987 321 4045 οὔτε
337 3989 369 4045 ἐν
384 3994 427 4075 τῇ.
463 3997 519 4058 lteg.
537 3989 600 4046 οὐδὲ
617 3991 647 4046 ἐν
698 3993 746 4113 Sia
764 3986 931 4076 draytroero.
968 3998 1042 4048 Panlo
1061 4008 1117 4062 post
1127 3999 1225 4061 Seguer.
1237 3992 1287 4057 τὴν

85 4061 115 4128 ²⁵:
140 4059 205 4114 tait.
228 4072 254 4114 et
275 4064 367 4127 Anglie.
385 4058 468 4112 ordia
485 4063 525 4114 τ’.
560 4065 604 4114 Alii
623 4073 647 4115 at
717 4057 745 4113 tei
767 4077 817 4112 rav
843 4057 904 4113 υἱοῦ
923 4057 1018 4134 χάριν.
1053 4066 1158 4123 ΕιΙίιί,οι
1175 4066 1216 4115 alii
1234 4060 1285 4124 τὴν

86 4119 196 4179 etttiar'rdl
214 4129 254 4197 τῇ.
292 4131 345 4180 llox
362 4131 461 4193 Seguer.
481 4145 544 4181 orte
555 4124 610 4196 γάρ
624 4140 647 4181 et
698 4126 745 4181 ded
769 4131 819 4180 rari
837 4131 956 4199 χριστοῦ
999 4126 1069 4198 ripere
1108 4134 1168 4183 lbid.
1188 4131 1286 4182 Goblar.

85 4189 138 4265 italo
157 4207 209 4259 post
234 4191 300 4257 ἐνῆν
316 4192 348 4246 τὸ
366 4195 537 4248 καθέκαστον
555 4190 646 4247 αὐτῶν
697 4210 721 4250 et
739 4200 844 4250 Folckm.
865 4201 887 4250 l.
904 4194 951 4249 καὶ
982 4195 1166 4265 πιγνώτωσαν
1183 4192 1212 4248 ire
1228 4197 1287 4246 cair

85 4255 154 4331 etia
167 4259 210 4313 καὶ
226 4260 259 4314 τὸ
278 4258 399 4315 ἔλακον.
696 4261 795 4334 ἔργων.

110 4337 121 4371 ¹·
133 4328 223 4402 §egaea
242 4333 341 4385 Gobler.
359 4341 385 4383 et
401 4334 505 4385 Felclm.
519 4336 539 4384 l.
558 4347 646 4400 napa·
731 4337 747 4384 Ι,
766 4335 864 4412 Seguer.
890 4335 989 4386 (labier.
1007 4344 1031 4385 et
1048 4335 1152 4385 tetctm.
1173 4335 1196 4383 l.
1215 4334 1288 4383 omit·

84 4384 216 4447 divertar.
254 4401 301 4450 Alii
318 4409 343 4450 et
357 4394 646 4467 editiaapaaouo'rrorr.
698 4410 750 4453 tuat
767 4394 831 4454 ator.
868 4404 942 4454 Paulo
967 4412 1023 4466 post
1046 4403 1147 4464 Seguer.
1170 4393 1288 4466 ὄνόμος

85 4451 139 4511 tul,
153 4475 206 4530 post
222 4467 365 4531 Segueriaa.
382 4457 436 4516 ἀλλ’
455 4461 514 4522 ride
532 4468 579 4518 rori
596 4482 646 4518 rra-
698 4459 731 4518 δι’
752 4459 883 4534 ἀγγέλων.
