2948 5092
462 244 609 290 omaro-1.
625 245 742 291 cousus
756 246 891 294 munos.
1228 241 1292 307 tte

54 397 200 462 fueritin
220 395 493 470 ministratione,
526 396 575 477 qui
604 396 671 476 ipse
697 402 803 460 natura
830 401 1030 478 praestantior
1057 412 1104 465 est
1129 411 1217 485 quam
1239 421 1377 472 resectos

56 504 158 576 luctae,
179 519 226 574 ea,
247 518 324 580 qnae
345 517 437 579 supra
458 497 598 572 diximus,
621 497 780 560 manifesto
804 501 976 577 ostendunt,
999 502 1127 583 indeque
1144 506 1217 570 'illos
1239 527 1290 570 ar-

55 602 152 665 bitror
173 601 364 692 erubescere.
407 601 516 663 Verum
539 599 566 660 si
588 605 777 662 contumaces
800 613 1026 683 eseepergent,
1049 623 1066 666 e
1087 625 1120 667 re
1138 608 1227 672 luerit
1240 586 1294 673 in}

58 723 146 767 sanae
166 704 305 785 ipsorum
327 721 485 792 occurrere
507 702 678 777 temeritati,
701 702 869 784 similiaque
891 705 928 767 de
949 705 1016 785 ipso
1030 707 1118 770 Patre
1139 709 1216 774 dicta
1232 711 1291 776 illis

58 825 227 887 opponere,
256 813 291 868 ut
310 805 356 868 rel
378 805 463 866 fracti
483 804 599 884 pudore
622 822 707 866 suam
729 804 857 886 linguam
889 808 1014 889 amalis
1044 808 1218 886 cohibeant,
1244 813 1292 877 rel

59 907 231 988 intelligant,
252 906 284 968 in
306 914 449 987 quantum
472 906 646 968 devenerint
666 906 812 970 inscitiae.
856 909 958 989 ltaque
974 910 1117 991 scriptum
1133 922 1195 975 est:
1218 913 1290 978 lios

60 1009 129 1073 sets
148 1015 182 1072 in
196 1009 294 1073 ileum
313 1018 516 1089 protectorem
538 1018 567 1071 et
588 1013 620 1071 lu
642 1007 763 1072 domum
786 1011 907 1090 resuqil,
931 1021 966 1074 ut
987 1011 1107 1074 sulcum
1121 1033 1167 1077 me
1181 1017 1291 1095 socios,
1301 1035 1306 1051 ³

63 1120 86 1173 et
105 1128 231 1174 namus:
261 1110 372 1173 Factus
396 1121 443 1172 ost
463 1110 613 1172 Dominus
636 1112 789 1191 refugium
807 1117 955 1192 pauperi,
985 1120 1015 1173 et
1042 1111 1098 1175 alia
1124 1115 1156 1176 id
1183 1134 1290 1202 genus,

64 1213 183 1292 quaein
206 1211 313 1274 divinis
336 1211 474 1292 leguntur
496 1211 669 1291 Scripturis.
714 1211 801 1285 Quod
824 1213 850 1274 si
873 1212 931 1274 ista
959 1213 996 1275 de
1017 1213 1093 1276 Filio
1116 1214 1193 1277 dicta
1216 1235 1289 1281 esse

67 1313 253 1387 mutendeot,
277 1313 357 1393 quod
380 1315 456 1375 lorte
477 1313 523 1374 rel
545 1313 632 1376 etiam
654 1312 750 1393 magis
771 1332 875 1376 verum
896 1325 958 1389 est,
980 1324 1141 1395 agnoscant
1163 1318 1290 1384 Sanctos

70 1433 137 1488 euna,
157 1415 208 1494 qui
229 1433 281 1478 res
303 1417 379 1477 lacta
399 1433 461 1476 nou
485 1424 557 1489 erat,
580 1433 697 1496 rogare,
720 1425 752 1477 ut
774 1416 830 1478 sibi
854 1417 972 1478 adiutor
992 1425 1023 1478 et
1043 1419 1074 1480 in
1096 1418 1217 1480 domum
1238 1436 1290 1482 re*-
1349 1443 1351 1448 ⁸

71 1517 131 1594 logii
149 1517 255 1591 beret,
277 1535 313 1579 ac
333 1516 473 1598 deinceps
494 1517 636 1579 vocabula
657 1519 778 1597 suctus,
800 1520 874 1598 seuit
896 1527 927 1580 et
949 1524 1064 1582 creavit
1086 1519 1123 1580 de
1144 1538 1291 1600 corporea

72 1617 124 1678 eius
143 1617 307 1698 intelligant
327 1618 507 1697 praesentia.
552 1619 637 1680 'lunc
665 1619 812 1698 siquidem
841 1620 959 1682 adiutor
988 1627 1019 1682 et
1047 1621 1153 1684 domus
1181 1622 1288 1704 refugii
1373 1621 1374 1624 ’

75 1717 151 1782 laetus
172 1727 234 1793 est,
263 1738 332 1783 cum
361 1726 466 1781 nostra
495 1729 615 1799 peccata
638 1740 694 1783 suo
718 1739 846 1801 corpore
867 1722 898 1782 in
920 1722 1033 1801 lignum
1056 1720 1177 1785 sustulit
1198 1723 1290 1784 dixit·

76 1836 134 1898 que:
157 1821 254 1885 Venite
276 1822 318 1884 od
331 1840 387 1893 me,
412 1840 513 1885 omues
537 1827 589 1903 qui
612 1822 760 1886 laboretis
784 1834 813 1886 et
835 1829 956 1887 onerati
977 1827 1065 1896 eatis,
1088 1836 1117 1889 et
1138 1843 1191 1904 eqo
1214 1824 1291 1906 refi-

78 1938 137 1983 noat
155 1941 216 1986 ooo.

142 2330 189 2393 63.
234 2327 289 2390 Sin
318 2335 417 2389 aulem
446 2327 511 2390 illas
532 2347 623 2390 voces
646 2328 683 2389 de
705 2328 793 2390 Patre
815 2337 920 2407 putant
946 2329 1087 2409 intelligi,
1121 2349 1192 2392 uum
1220 2329 1374 2409 qutienseu.

77 2425 113 2488 hir
128 2449 243 2510 quoque
265 2431 410 2519 scriptum
433 2439 480 2492 est
495 2431 564 2493 Flos
587 2439 617 2492 et
637 2432 741 2510 soclus
763 2441 817 2503 est,
841 2450 877 2491 eo
893 2432 1053 2493 devenient
1076 2432 1288 2511 impudentiae,

76 2535 100 2588 ul
116 2529 200 2594 [lenm
224 2533 334 2593 lactum
359 2551 425 2593 esse
448 2531 569 2593 dicant?
612 2532 655 2593 lta
685 2550 756 2593 sane
785 2532 815 2592 id
843 2533 1009 2604 audebunt,
1039 2532 1289 2612 quemadmodum

75 2629 134 2694 iden
154 2634 190 2695 de
213 2634 280 2695 eius
302 2633 400 2693 Verbo
423 2635 535 2711 lingere
557 2652 618 2694 nou
642 2642 714 2695 sunt
734 2634 830 2695 veriti.
874 2634 948 2695 Nam
981 2633 1117 2713 sequitur
1145 2653 1181 2695 ex
1202 2633 1288 2712 ipso-

74 2749 123 2794 ππ
142 2735 239 2810 dictis,
263 2742 296 2795 ut
318 2734 420 2795 eadem
445 2734 604 2813 opinentur
626 2735 663 2796 de
684 2735 782 2809 Patre,
805 2752 880 2813 quae
903 2735 939 2796 de
962 2735 1026 2796 eius
1042 2733 1138 2796 Verbo
1161 2733 1288 2796 commi-

74 2833 220 2899 niscuntur.
266 2835 374 2898 Verum
397 2836 490 2909 absit,
519 2844 551 2898 ul
580 2836 719 2915 cogitatio
749 2845 809 2898 tam
837 2836 929 2916 impia
951 2837 982 2896 in
1005 2843 1135 2897 mentem
1157 2834 1302 2901 fidelium,
1367 2902 1372 2908 ,

73 2951 181 3015 nomam
204 2938 312 3000 veniat.
356 2939 417 2999 Nec
446 2938 525 2999 enim
547 2938 640 3000 Filius
670 2958 686 3000 e
715 2936 806 2999 rebus
835 2938 942 2999 creatis
965 2945 1027 3010 est,
1056 2956 1112 2998 uec
1140 2937 1218 3016 quod
1240 2936 1290 2999 bic

74 3038 193 3100 scribitur
214 3040 275 3120 fios
298 3047 328 3100 et
354 3041 458 3119 sactus
481 3050 533 3112 est,
557 3039 735 3119 principium
760 3038 905 3101 existendi
929 3039 1089 3119 significat,
1113 3039 1165 3100 sed
1188 3039 1289 3100 datum

75 3136 255 3221 indigentibus
279 3142 469 3203 adiutorium.
514 3142 647 3222 Namque
669 3142 748 3204 [leus
772 3151 802 3203 et
824 3160 944 3220 semper
972 3151 1002 3203 et
1030 3141 1108 3202 idem
1137 3148 1198 3215 est,
1228 3140 1288 3201 bo·

75 3240 151 3303 niues
173 3252 273 3305 autern
296 3262 349 3322 per
371 3244 499 3305 Verbum
522 3252 629 3323 postea
651 3245 720 3306 lacti
742 3253 823 3318 suut,
847 3244 966 3322 quando
989 3243 1055 3323 ipse
1076 3241 1170 3302 voluit
1184 3241 1288 3315 Pater,

77 3357 118 3403 uec
134 3343 225 3407 ileum
248 3345 349 3406 ridere
371 3346 480 3407 autad
503 3365 570 3407 eum
594 3344 735 3407 accedere
758 3353 872 3425 queunt
892 3363 942 3406 res
965 3344 1172 3427 ullaeglactae,
1198 3360 1288 3423 prae·
1399 3351 1400 3354 ’

79 3445 218 3527 sertimque
245 3447 385 3509 homiues
414 3447 444 3507 in
467 3433 568 3509 terris'
580 3449 733 3527 degentes.
779 3447 969 3526 Quapropter
997 3464 1064 3508 cum
1092 3443 1199 3506 infirmi
1228 3444 1287 3505 boa

80 3543 153 3609 niues
173 3549 238 3611 eius
261 3550 423 3629 implorant
444 3568 550 3629 opem,
579 3569 645 3611 cum
668 3549 764 3612 vexati
786 3556 946 3628 precantur
968 3547 1127 3622 auxilium,
1151 3564 1217 3608 cunr
1238 3545 1288 3606 iu-

88 3798 123 3848 l
139 3804 231 3866 Segoer.
251 3791 322 3852 olvat
339 3795 390 3849 τὸν
405 3795 491 3861 θεόν,·
518 3797 564 3850 ναὶ
588 3798 647 3851 roi·
733 3802 754 3851 l.
774 3802 815 3851 Sic
833 3801 905 3850 basil.
923 3800 1014 3862 luglic.
1040 3800 1138 3850 anler.
1162 3806 1186 3848 et
1204 3798 1289 3848 Felclt·

83 3873 190 3922 litaldo«
216 3864 305 3937 ὥςπερ
330 3862 376 3917 καὶ
399 3864 461 3937 περὶ
484 3870 542 3918 τοῦ,
585 3871 647 3920 Editi
698 3883 761 3918 man.
776 3869 797 3918 l.
833 3869 861 3921 lt
879 3869 978 3929 Seguer.
1002 3861 1197 3932 γεγραμμένον
1214 3857 1289 3943 layci:

84 3941 121 3979 iero
140 3947 160 3988 et
182 3941 223 3990 alii
247 3934 294 3987 καὶ
317 3930 501 4003 τολμήσουσιν
525 3931 562 3990 oie·
584 3931 648 4002 περὶ
696 3949 789 4002 μενον.
828 3937 854 3985 lu
879 3936 950 3985 editis
974 3943 998 3985 et
1021 3936 1075 3984 aliis
1099 3935 1167 3984 duest
1192 3928 1238 3981 καὶ
1256 3947 1288 3981 ro

83 3997 123 4050 ²⁰5·
146 4007 193 4057 llos
210 4007 310 4057 Gobler.
330 4007 509 4056 adelelmi.
528 4000 648 4070 διαλογί·
697 3996 851 4070 λεγόμενον.
896 4003 947 4052 blot
972 4003 1072 4064 Segues.
1102 4003 1240 4054 Gobleriau.
1266 4008 1290 4050 et

84 4057 156 4184 (οἶαι.
182 4067 251 4124 ἀλλὰ
267 4068 306 4141 μὴ
324 4069 433 4139 γένοιτο
453 4076 552 4125 omissis
572 4076 647 4124 inter·
698 4073 803 4122 Felcltm.
822 4072 843 4120 l.
862 4065 1013 4136 γενομένην
1028 4064 1169 4134 βοήθειαν.

83 4138 150 4191 πιϊη

105 4202 171 4262 'oste
204 4211 376 4273 Seguerianus.
422 4209 450 4259 dt
485 4211 508 4258 iu
542 4209 597 4259 aliis
624 4215 648 4260 ol
732 4207 748 4256 l.
767 4207 907 4269 Seguerian.
928 4196 972 4255 ὅτε
990 4197 1079 4258 αὐτός.
1115 4201 1289 4255 conterinum

83 4264 131 4320 dius
154 4281 222 4330 deest
256 4269 349 4326 αὐτοῦ.
401 4277 454 4327 llor
485 4277 648 4340 Segueriauus
698 4274 803 4324 lielclim.
824 4275 846 4325 1.
866 4265 910 4322 ὅτ’
930 4266 1019 4327 utitis.
1054 4273 1098 4321 llil
1122 4279 1155 4320 at<
1171 4269 1228 4319 editi
1252 4259 1290 4322 de

82 4337 129 4389 '¹⁰¹5
148 4360 222 4400 τινος
245 4344 305 4394 τῶν
320 4343 428 4394 πιστῶν
444 4337 542 4393 ἐλθεῖν.
584 4345 646 4394 llditi
699 4334 788 4395 αι’πός.
823 4342 875 4406 bloi
900 4342 1000 4404 Segner.
1024 4341 1081 4402 Reg.
1100 4337 1238 4390 Gobleriau.
1265 4344 1289 4389 el

81 4395 144 4484 ‘balii
167 4406 246 4470 raris
263 4426 330 4464 ποτε
348 4412 406 4463 τῶν
422 4411 530 4462 πιστῶν
546 4407 646 4477 nupsi·
699 4403 925 4527 {deig-alium
942 4402 956 4456 ὁ
975 4404 1047 4459 dado.
1078 4407 1140 4456 Editi
1158 4413 1182 4454 et
1200 4403 1289 4470 aliique

712 4488 758 4527 W
796 4489 848 4530 Η·
