<?xml version="1.0" encoding="UTF-8"?>
<!DOCTYPE html PUBLIC "-//W3C//DTD XHTML 1.0 Transitional//EN"
    "http://www.w3.org/TR/xhtml1/DTD/xhtml1-transitional.dtd">
<html xmlns="http://www.w3.org/1999/xhtml" xml:lang="en" lang="en">
 <head>
  <title>
</title>
<meta http-equiv="Content-Type" content="text/html;charset=utf-8" />
  <meta name='ocr-system' content='tesseract 3.04.00' />
  <meta name='ocr-capabilities' content='ocr_page ocr_carea ocr_par ocr_line ocrx_word'/>
</head>
<body>
  <div class='ocr_page' id='page_1' title='image "./sanctiathanasii02athagoog_0766.png"; bbox 0 0 2948 5092; ppageno 0'>
   <div class='ocr_carea' id='block_1_1' title="bbox 327 260 1359 323">
    <p class='ocr_par' dir='ltr' id='par_1_1' title="bbox 327 260 1359 323">
     <span class='ocr_line' id='line_1_1' title="bbox 327 260 1359 323; baseline 0.002 -5"><span class='ocrx_word' id='word_1_1' title='bbox 327 276 351 318; x_wconf 83' lang='lat' dir='ltr'><strong><em>S.</em></strong></span> <span class='ocrx_word' id='word_1_2' title='bbox 367 274 519 317; x_wconf 71' lang='lat' dir='ltr'><strong><em>ATEANASH</em></strong></span> <span class='ocrx_word' id='word_1_3' title='bbox 534 273 755 317; x_wconf 68' lang='grc' dir='ltr'><strong>ΑΜΙΙΙΕΡῙΒΩΟΡΙ</strong></span> <span class='ocrx_word' id='word_1_4' title='bbox 771 274 932 317; x_wconf 69' lang='lat' dir='ltr'><strong><em>spissatus</em></strong></span> <span class='ocrx_word' id='word_1_5' title='bbox 947 275 983 315; x_wconf 77' lang='lat' dir='ltr'><strong><em>ss)</em></strong></span> <span class='ocrx_word' id='word_1_6' title='bbox 1000 274 1192 318; x_wconf 69' lang='lat' dir='ltr'><strong><em>SERAPIONEH.</em></strong></span> <span class='ocrx_word' id='word_1_7' title='bbox 1299 260 1359 323; x_wconf 74' lang='grc'><strong><em>667</em></strong></span> 
     </span>
    </p>
   </div>
   <div class='ocr_carea' id='block_1_2' title="bbox 101 424 1457 4553">
    <p class='ocr_par' dir='ltr' id='par_1_2' title="bbox 142 424 1457 1103">
     <span class='ocr_line' id='line_1_2' title="bbox 143 424 1445 505; baseline -0.001 -16"><span class='ocrx_word' id='word_1_8' title='bbox 143 438 287 489; x_wconf 82' lang='lat' dir='ltr'><strong><em>setectum</em></strong></span> <span class='ocrx_word' id='word_1_9' title='bbox 309 438 450 505; x_wconf 78' lang='lat' dir='ltr'><strong><em>uepureut</em></strong></span> <span class='ocrx_word' id='word_1_10' title='bbox 471 425 566 486; x_wconf 80' lang='lat' dir='ltr'><strong><em>Decius</em></strong></span> <span class='ocrx_word' id='word_1_11' title='bbox 588 443 658 486; x_wconf 87' lang='lat' dir='ltr'><strong><em>uere</em></strong></span> <span class='ocrx_word' id='word_1_12' title='bbox 680 443 751 486; x_wconf 91' lang='lat' dir='ltr'><strong><em>esse.</em></strong></span> <span class='ocrx_word' id='word_1_13' title='bbox 799 424 919 505; x_wconf 85' lang='lat' dir='ltr'><strong><em>Trepici</em></strong></span> <span class='ocrx_word' id='word_1_14' title='bbox 941 442 1038 504; x_wconf 90' lang='lat' dir='ltr'><strong><em>perro</em></strong></span> <span class='ocrx_word' id='word_1_15' title='bbox 1068 426 1140 486; x_wconf 88' lang='lat' dir='ltr'><strong><em>disti</em></strong></span> <span class='ocrx_word' id='word_1_16' title='bbox 1169 424 1256 488; x_wconf 86' lang='lat' dir='ltr'><strong><em>iidem</em></strong></span> <span class='ocrx_word' id='word_1_17' title='bbox 1278 438 1445 501; x_wconf 60' lang='lat' dir='ltr'><strong><em>suast-tto·</em></strong></span> 
     </span>
     <span class='ocr_line' id='line_1_3' title="bbox 142 526 1361 609; baseline -0.002 -18"><span class='ocrx_word' id='word_1_18' title='bbox 142 534 195 591; x_wconf 90' lang='lat' dir='ltr'><strong><em>uti</em></strong></span> <span class='ocrx_word' id='word_1_19' title='bbox 215 547 303 607; x_wconf 88' lang='lat' dir='ltr'><strong><em>saepe</em></strong></span> <span class='ocrx_word' id='word_1_20' title='bbox 332 546 381 588; x_wconf 90' lang='lat' dir='ltr'><strong><em>ees</em></strong></span> <span class='ocrx_word' id='word_1_21' title='bbox 413 536 498 587; x_wconf 84' lang='lat' dir='ltr'><strong><em>verat</em></strong></span> <span class='ocrx_word' id='word_1_22' title='bbox 520 526 552 585; x_wconf 84' lang='lat' dir='ltr'><strong><em>S.</em></strong></span> <span class='ocrx_word' id='word_1_23' title='bbox 576 527 773 595; x_wconf 73' lang='lat' dir='ltr'><strong><em>Athanasius,</em></strong></span> <span class='ocrx_word' id='word_1_24' title='bbox 801 538 837 588; x_wconf 91' lang='lat' dir='ltr'><strong><em>ut</em></strong></span> <span class='ocrx_word' id='word_1_25' title='bbox 858 545 938 587; x_wconf 89' lang='lat' dir='ltr'><strong><em>uum.</em></strong></span> <span class='ocrx_word' id='word_1_26' title='bbox 955 530 1004 590; x_wconf 85' lang='lat' dir='ltr'><strong><em>tu.</em></strong></span> <span class='ocrx_word' id='word_1_27' title='bbox 1027 539 1057 594; x_wconf 83' lang='lat' dir='ltr'><strong><em>st</em></strong></span> <span class='ocrx_word' id='word_1_28' title='bbox 1077 528 1127 591; x_wconf 79' lang='lat'><strong><em>32.</em></strong></span> <span class='ocrx_word' id='word_1_29' title='bbox 1150 531 1267 607; x_wconf 83' lang='lat' dir='ltr'><strong><em>primes</em></strong></span> <span class='ocrx_word' id='word_1_30' title='bbox 1289 529 1361 609; x_wconf 87' lang='lat' dir='ltr'><strong><em>Epi-</em></strong></span> 
     </span>
     <span class='ocr_line' id='line_1_4' title="bbox 143 626 1359 710; baseline -0.002 -17"><span class='ocrx_word' id='word_1_31' title='bbox 143 631 260 701; x_wconf 87' lang='lat' dir='ltr'><strong><em>stelee,</em></strong></span> <span class='ocrx_word' id='word_1_32' title='bbox 283 630 361 710; x_wconf 82' lang='lat' dir='ltr'><strong><em>qued</em></strong></span> <span class='ocrx_word' id='word_1_33' title='bbox 383 646 484 707; x_wconf 89' lang='lat' dir='ltr'><strong><em>uempe</em></strong></span> <span class='ocrx_word' id='word_1_34' title='bbox 506 646 610 689; x_wconf 86' lang='lat' dir='ltr'><strong><em>secrae</em></strong></span> <span class='ocrx_word' id='word_1_35' title='bbox 632 627 810 706; x_wconf 75' lang='lat' dir='ltr'><strong><em>Scriptum</em></strong></span> <span class='ocrx_word' id='word_1_36' title='bbox 833 626 912 698; x_wconf 91' lang='lat' dir='ltr'><strong><em>lece,</em></strong></span> <span class='ocrx_word' id='word_1_37' title='bbox 944 626 1050 707; x_wconf 81' lang='lat' dir='ltr'><strong><em>quibus</em></strong></span> <span class='ocrx_word' id='word_1_38' title='bbox 1072 631 1104 691; x_wconf 84' lang='lat' dir='ltr'><strong><em>iu</em></strong></span> <span class='ocrx_word' id='word_1_39' title='bbox 1127 630 1304 691; x_wconf 84' lang='lat' dir='ltr'><strong><em>or‘udicuude</em></strong></span> <span class='ocrx_word' id='word_1_40' title='bbox 1327 630 1359 691; x_wconf 87' lang='lat' dir='ltr'><strong><em>S.</em></strong></span> 
     </span>
     <span class='ocr_line' id='line_1_5' title="bbox 144 728 1457 811; baseline -0.001 -18"><span class='ocrx_word' id='word_1_41' title='bbox 144 733 283 811; x_wconf 76' lang='lat' dir='ltr'><strong><em>Spiritus</em></strong></span> <span class='ocrx_word' id='word_1_42' title='bbox 306 731 461 791; x_wconf 82' lang='lat' dir='ltr'><strong><em>diuinitate</em></strong></span> <span class='ocrx_word' id='word_1_43' title='bbox 481 730 646 791; x_wconf 88' lang='lat' dir='ltr'><strong><em>utebeutur</em></strong></span> <span class='ocrx_word' id='word_1_44' title='bbox 670 728 852 798; x_wconf 72' lang='lat' dir='ltr'><em>orthodoxi,</em></span> <span class='ocrx_word' id='word_1_45' title='bbox 876 728 1059 807; x_wconf 73' lang='lat' dir='ltr'><strong><em>metaphoris</em></strong></span> <span class='ocrx_word' id='word_1_46' title='bbox 1080 740 1108 791; x_wconf 91' lang='lat' dir='ltr'><strong><em>et</em></strong></span> <span class='ocrx_word' id='word_1_47' title='bbox 1130 736 1226 810; x_wconf 91' lang='lat' dir='ltr'><strong><em>tropis</em></strong></span> <span class='ocrx_word' id='word_1_48' title='bbox 1251 731 1361 793; x_wconf 86' lang='lat' dir='ltr'><strong><em>uelleut</em></strong></span> <span class='ocrx_word' id='word_1_49' title='bbox 1454 736 1457 741; x_wconf 83' lang='lat'>&#39;</span> 
     </span>
     <span class='ocr_line' id='line_1_6' title="bbox 144 830 1361 912; baseline 0 -19"><span class='ocrx_word' id='word_1_50' title='bbox 144 851 212 893; x_wconf 90' lang='lat' dir='ltr'><strong><em>esse</em></strong></span> <span class='ocrx_word' id='word_1_51' title='bbox 235 832 471 910; x_wconf 86' lang='lat' dir='ltr'><strong><em>iuterpreteude.</em></strong></span> <span class='ocrx_word' id='word_1_52' title='bbox 518 830 673 891; x_wconf 80' lang='lat' dir='ltr'><strong><em>Caeterum</em></strong></span> <span class='ocrx_word' id='word_1_53' title='bbox 699 831 731 890; x_wconf 89' lang='lat' dir='ltr'><strong><em>bi</em></strong></span> <span class='ocrx_word' id='word_1_54' title='bbox 750 848 811 891; x_wconf 84' lang='lat' dir='ltr'><strong><em>eeu</em></strong></span> <span class='ocrx_word' id='word_1_55' title='bbox 833 831 919 890; x_wconf 88' lang='lat' dir='ltr'><strong><em>iidem</em></strong></span> <span class='ocrx_word' id='word_1_56' title='bbox 940 832 1081 891; x_wconf 84' lang='lat' dir='ltr'><strong><em>uidentur</em></strong></span> <span class='ocrx_word' id='word_1_57' title='bbox 1103 849 1166 892; x_wconf 88' lang='lat' dir='ltr'><strong><em>esse</em></strong></span> <span class='ocrx_word' id='word_1_58' title='bbox 1188 835 1241 912; x_wconf 76' lang='lat' dir='ltr'><strong><em>uui</em></strong></span> <span class='ocrx_word' id='word_1_59' title='bbox 1262 831 1361 893; x_wconf 89' lang='lat' dir='ltr'><strong><em>Mece-</em></strong></span> 
     </span>
     <span class='ocr_line' id='line_1_7' title="bbox 144 929 1360 994; baseline -0.002 0"><span class='ocrx_word' id='word_1_60' title='bbox 144 935 301 994; x_wconf 84' lang='lat' dir='ltr'><strong><em>deuieui.&#39;</em></strong></span> <span class='ocrx_word' id='word_1_61' title='bbox 325 930 400 992; x_wconf 83' lang='lat' dir='ltr'><strong><em>illos</em></strong></span> <span class='ocrx_word' id='word_1_62' title='bbox 428 936 505 992; x_wconf 81' lang='lat' dir='ltr'><strong><em>sitim</em></strong></span> <span class='ocrx_word' id='word_1_63' title='bbox 533 941 611 993; x_wconf 91' lang='lat' dir='ltr'><strong><em>reete</em></strong></span> <span class='ocrx_word' id='word_1_64' title='bbox 641 932 675 991; x_wconf 87' lang='lat' dir='ltr'><strong><em>de</em></strong></span> <span class='ocrx_word' id='word_1_65' title='bbox 698 929 773 992; x_wconf 80' lang='lat' dir='ltr'><strong><em>Filio</em></strong></span> <span class='ocrx_word' id='word_1_66' title='bbox 802 936 914 993; x_wconf 81' lang='lat' dir='ltr'><strong><em>sentire</em></strong></span> <span class='ocrx_word' id='word_1_67' title='bbox 941 950 1066 993; x_wconf 76' lang='lat' dir='ltr'><strong><em>restruere</em></strong></span> <span class='ocrx_word' id='word_1_68' title='bbox 1085 936 1113 993; x_wconf 84' lang='lat'><strong><em>1.</em></strong></span> <span class='ocrx_word' id='word_1_69' title='bbox 1136 943 1165 993; x_wconf 92' lang='lat' dir='ltr'><strong><em>et</em></strong></span> <span class='ocrx_word' id='word_1_70' title='bbox 1186 932 1260 993; x_wconf 88' lang='lat' dir='ltr'><strong><em>alibi</em></strong></span> <span class='ocrx_word' id='word_1_71' title='bbox 1279 933 1360 994; x_wconf 88' lang='lat' dir='ltr'><strong><em>iudi-</em></strong></span> 
     </span>
     <span class='ocr_line' id='line_1_8' title="bbox 144 1031 1359 1103; baseline 0.001 -10"><span class='ocrx_word' id='word_1_72' title='bbox 144 1044 255 1103; x_wconf 87' lang='lat' dir='ltr'><strong><em>cetur;</em></strong></span> <span class='ocrx_word' id='word_1_73' title='bbox 285 1043 317 1092; x_wconf 92' lang='lat' dir='ltr'><strong><em>et</em></strong></span> <span class='ocrx_word' id='word_1_74' title='bbox 340 1032 547 1094; x_wconf 84' lang='lat' dir='ltr'><strong><em>Macedoniani</em></strong></span> <span class='ocrx_word' id='word_1_75' title='bbox 572 1031 713 1093; x_wconf 87' lang='lat' dir='ltr'><strong><em>uolebuut</em></strong></span> <span class='ocrx_word' id='word_1_76' title='bbox 735 1031 843 1093; x_wconf 79' lang='lat' dir='ltr'><strong><em>Filium</em></strong></span> <span class='ocrx_word' id='word_1_77' title='bbox 865 1032 954 1093; x_wconf 86' lang='lat' dir='ltr'><strong><em>Petri</em></strong></span> <span class='ocrx_word' id='word_1_78' title='bbox 979 1053 1041 1094; x_wconf 90' lang='lat' dir='ltr'><strong><em>esse</em></strong></span> <span class='ocrx_word' id='word_1_79' title='bbox 1069 1034 1359 1103; x_wconf 80' lang='lat' dir='ltr'><strong><em>consubstantialem,</em></strong></span> 
     </span>
    </p>

    <p class='ocr_par' dir='ltr' id='par_1_3' title="bbox 144 1131 1359 1314">
     <span class='ocr_line' id='line_1_9' title="bbox 144 1131 1359 1212; baseline -0.002 -17"><span class='ocrx_word' id='word_1_80' title='bbox 144 1136 200 1195; x_wconf 90' lang='lat' dir='ltr'><strong><em>sed</em></strong></span> <span class='ocrx_word' id='word_1_81' title='bbox 223 1134 347 1194; x_wconf 84' lang='lat' dir='ltr'><strong><em>similem</em></strong></span> <span class='ocrx_word' id='word_1_82' title='bbox 364 1135 521 1203; x_wconf 81' lang='lat' dir='ltr'><strong><em>desrstauat,</em></strong></span> <span class='ocrx_word' id='word_1_83' title='bbox 544 1142 578 1193; x_wconf 91' lang='lat' dir='ltr'><strong><em>ut</em></strong></span> <span class='ocrx_word' id='word_1_84' title='bbox 594 1134 690 1211; x_wconf 77' lang='lat' dir='ltr'><strong><em>refert</em></strong></span> <span class='ocrx_word' id='word_1_85' title='bbox 709 1131 907 1195; x_wconf 79' lang='lat' dir='ltr'><strong><em>Ybeederetus</em></strong></span> <span class='ocrx_word' id='word_1_86' title='bbox 924 1134 1100 1195; x_wconf 87' lang='lat' dir='ltr'><strong><em>baereticur.</em></strong></span> <span class='ocrx_word' id='word_1_87' title='bbox 1115 1134 1250 1212; x_wconf 75' lang='lat' dir='ltr'><strong><em>subtiler.</em></strong></span> <span class='ocrx_word' id='word_1_88' title='bbox 1268 1133 1319 1195; x_wconf 89' lang='lat' dir='ltr'><strong><em>lib.</em></strong></span> <span class='ocrx_word' id='word_1_89' title='bbox 1330 1137 1359 1195; x_wconf 83' lang='lat'><strong><em>4.</em></strong></span> 
     </span>
     <span class='ocr_line' id='line_1_10' title="bbox 144 1233 992 1314; baseline -0.001 -19"><span class='ocrx_word' id='word_1_90' title='bbox 144 1254 229 1296; x_wconf 80' lang='lat' dir='ltr'><strong><em>urum.</em></strong></span> <span class='ocrx_word' id='word_1_91' title='bbox 246 1240 275 1297; x_wconf 88' lang='lat'><strong><em>5.</em></strong></span> <span class='ocrx_word' id='word_1_92' title='bbox 299 1248 326 1297; x_wconf 89' lang='lat' dir='ltr'><strong><em>et</em></strong></span> <span class='ocrx_word' id='word_1_93' title='bbox 349 1235 493 1296; x_wconf 82' lang='lat' dir='ltr'><strong><em>lu&#39;steriee</em></strong></span> <span class='ocrx_word' id='word_1_94' title='bbox 514 1233 740 1296; x_wconf 84' lang='lat' dir='ltr'><strong><em>Ecclesiasticus</em></strong></span> <span class='ocrx_word' id='word_1_95' title='bbox 763 1234 813 1297; x_wconf 90' lang='lat' dir='ltr'><strong><em>lib.</em></strong></span> <span class='ocrx_word' id='word_1_96' title='bbox 830 1238 859 1297; x_wconf 76' lang='lat'><strong><em>2.</em></strong></span> <span class='ocrx_word' id='word_1_97' title='bbox 883 1254 945 1314; x_wconf 88' lang='lat' dir='ltr'><strong><em>cap.</em></strong></span> <span class='ocrx_word' id='word_1_98' title='bbox 963 1237 992 1297; x_wconf 84' lang='lat'><strong><em>6.</em></strong></span> 
     </span>
    </p>

    <p class='ocr_par' dir='ltr' id='par_1_4' title="bbox 141 1335 1364 2229">
     <span class='ocr_line' id='line_1_11' title="bbox 233 1335 1363 1416; baseline 0.004 -22"><span class='ocrx_word' id='word_1_99' title='bbox 233 1336 269 1395; x_wconf 87' lang='lat' dir='ltr'><strong><em>tl.</em></strong></span> <span class='ocrx_word' id='word_1_100' title='bbox 314 1335 493 1397; x_wconf 89' lang='lat' dir='ltr'><strong><em>Perturbeta</em></strong></span> <span class='ocrx_word' id='word_1_101' title='bbox 527 1337 685 1397; x_wconf 84' lang='lat' dir='ltr'><strong><em>admodum</em></strong></span> <span class='ocrx_word' id='word_1_102' title='bbox 712 1345 740 1397; x_wconf 94' lang='lat' dir='ltr'><strong><em>et</em></strong></span> <span class='ocrx_word' id='word_1_103' title='bbox 769 1348 968 1416; x_wconf 87' lang='lat' dir='ltr'><strong><em>praepostere</em></strong></span> <span class='ocrx_word' id='word_1_104' title='bbox 998 1338 1104 1398; x_wconf 88' lang='lat' dir='ltr'><strong><em>erdiue</em></strong></span> <span class='ocrx_word' id='word_1_105' title='bbox 1137 1347 1260 1398; x_wconf 79' lang='lat' dir='ltr'><strong><em>eustuut</em></strong></span> <span class='ocrx_word' id='word_1_106' title='bbox 1290 1336 1363 1399; x_wconf 89' lang='lat' dir='ltr'><strong><em>illue</em></strong></span> 
     </span>
     <span class='ocr_line' id='line_1_12' title="bbox 144 1436 1362 1519; baseline 0.002 -22"><span class='ocrx_word' id='word_1_107' title='bbox 144 1436 303 1516; x_wconf 79' lang='lat' dir='ltr'><strong><em>Epistulae</em></strong></span> <span class='ocrx_word' id='word_1_108' title='bbox 330 1440 362 1497; x_wconf 91' lang='lat' dir='ltr'><strong><em>iu</em></strong></span> <span class='ocrx_word' id='word_1_109' title='bbox 390 1438 474 1499; x_wconf 90' lang='lat' dir='ltr'><strong><em>editis</em></strong></span> <span class='ocrx_word' id='word_1_110' title='bbox 504 1448 592 1498; x_wconf 90' lang='lat' dir='ltr'><strong><em>uutee</em></strong></span> <span class='ocrx_word' id='word_1_111' title='bbox 624 1438 771 1516; x_wconf 87' lang='lat' dir='ltr'><strong><em>Operibus</em></strong></span> <span class='ocrx_word' id='word_1_112' title='bbox 794 1436 824 1497; x_wconf 89' lang='lat' dir='ltr'><strong><em>S.</em></strong></span> <span class='ocrx_word' id='word_1_113' title='bbox 847 1438 1013 1498; x_wconf 78' lang='lat' dir='ltr'><strong><em>dtbeuusii.</em></strong></span> <span class='ocrx_word' id='word_1_114' title='bbox 1058 1437 1133 1498; x_wconf 85' lang='lat' dir='ltr'><strong><em>Nem</em></strong></span> <span class='ocrx_word' id='word_1_115' title='bbox 1162 1457 1235 1519; x_wconf 77' lang='lat' dir='ltr'><strong><em>puae</em></strong></span> <span class='ocrx_word' id='word_1_116' title='bbox 1260 1442 1362 1516; x_wconf 86' lang='lat' dir='ltr'><strong><em>prime</em></strong></span> 
     </span>
     <span class='ocr_line' id='line_1_13' title="bbox 145 1539 1362 1623; baseline 0.002 -24"><span class='ocrx_word' id='word_1_117' title='bbox 145 1558 210 1600; x_wconf 90' lang='lat' dir='ltr'><strong><em>esse</em></strong></span> <span class='ocrx_word' id='word_1_118' title='bbox 233 1540 324 1608; x_wconf 90' lang='lat' dir='ltr'><strong><em>debet,</em></strong></span> <span class='ocrx_word' id='word_1_119' title='bbox 347 1540 476 1600; x_wconf 86' lang='lat' dir='ltr'><strong><em>secuude</em></strong></span> <span class='ocrx_word' id='word_1_120' title='bbox 498 1549 543 1600; x_wconf 90' lang='lat' dir='ltr'><strong><em>est</em></strong></span> <span class='ocrx_word' id='word_1_121' title='bbox 551 1558 559 1611; x_wconf 90' lang='lat'>;</span> <span class='ocrx_word' id='word_1_122' title='bbox 583 1557 657 1617; x_wconf 79' lang='lat' dir='ltr'><strong><em>pisae</em></strong></span> <span class='ocrx_word' id='word_1_123' title='bbox 679 1549 785 1599; x_wconf 89' lang='lat' dir='ltr'><strong><em>cautre</em></strong></span> <span class='ocrx_word' id='word_1_124' title='bbox 807 1540 938 1599; x_wconf 84' lang='lat' dir='ltr'><strong><em>secceude</em></strong></span> <span class='ocrx_word' id='word_1_125' title='bbox 959 1539 1041 1600; x_wconf 89' lang='lat' dir='ltr'><strong><em>debet</em></strong></span> <span class='ocrx_word' id='word_1_126' title='bbox 1063 1557 1136 1609; x_wconf 87' lang='lat' dir='ltr'><strong><em>esse,</em></strong></span> <span class='ocrx_word' id='word_1_127' title='bbox 1157 1544 1291 1623; x_wconf 74' lang='lat' dir='ltr'><strong><em>ppimuus</em></strong></span> <span class='ocrx_word' id='word_1_128' title='bbox 1310 1557 1362 1602; x_wconf 64' lang='lat' dir='ltr'><strong><em>ou</em></strong></span> 
     </span>
     <span class='ocr_line' id='line_1_14' title="bbox 145 1638 1361 1720; baseline 0.002 -20"><span class='ocrx_word' id='word_1_129' title='bbox 145 1650 237 1719; x_wconf 82' lang='lat' dir='ltr'><strong><em>supet</em></strong></span> <span class='ocrx_word' id='word_1_130' title='bbox 261 1638 368 1701; x_wconf 86' lang='lat' dir='ltr'><strong><em>locum.</em></strong></span> <span class='ocrx_word' id='word_1_131' title='bbox 413 1639 475 1701; x_wconf 83' lang='lat' dir='ltr'><strong><em>lure</em></strong></span> <span class='ocrx_word' id='word_1_132' title='bbox 497 1658 572 1720; x_wconf 88' lang='lat' dir='ltr'><strong><em>pers</em></strong></span> <span class='ocrx_word' id='word_1_133' title='bbox 595 1641 739 1703; x_wconf 82' lang='lat' dir='ltr'><strong><em>seessudee</em></strong></span> <span class='ocrx_word' id='word_1_134' title='bbox 760 1638 913 1719; x_wconf 88' lang='lat' dir='ltr'><strong><em>Epistulas</em></strong></span> <span class='ocrx_word' id='word_1_135' title='bbox 931 1644 1087 1720; x_wconf 89' lang='lat' dir='ltr'><strong><em>posterior</em></strong></span> <span class='ocrx_word' id='word_1_136' title='bbox 1107 1644 1140 1699; x_wconf 88' lang='lat' dir='ltr'><strong><em>iu</em></strong></span> <span class='ocrx_word' id='word_1_137' title='bbox 1155 1642 1284 1702; x_wconf 83' lang='lat' dir='ltr'><strong><em>secunde</em></strong></span> <span class='ocrx_word' id='word_1_138' title='bbox 1306 1658 1361 1703; x_wconf 80' lang='lat' dir='ltr'><strong><em>eu-</em></strong></span> 
     </span>
     <span class='ocr_line' id='line_1_15' title="bbox 144 1739 1362 1821; baseline 0.002 -20"><span class='ocrx_word' id='word_1_139' title='bbox 144 1751 208 1801; x_wconf 92' lang='lat' dir='ltr'><strong><em>stet</em></strong></span> <span class='ocrx_word' id='word_1_140' title='bbox 234 1740 337 1809; x_wconf 85' lang='lat' dir='ltr'><strong><em>Teme,</em></strong></span> <span class='ocrx_word' id='word_1_141' title='bbox 369 1759 435 1801; x_wconf 86' lang='lat' dir='ltr'><strong><em>euru</em></strong></span> <span class='ocrx_word' id='word_1_142' title='bbox 460 1758 537 1820; x_wconf 91' lang='lat' dir='ltr'><strong><em>pers</em></strong></span> <span class='ocrx_word' id='word_1_143' title='bbox 564 1742 693 1801; x_wconf 86' lang='lat' dir='ltr'><strong><em>eiusdem</em></strong></span> <span class='ocrx_word' id='word_1_144' title='bbox 718 1745 808 1821; x_wconf 91' lang='lat' dir='ltr'><strong><em>prior</em></strong></span> <span class='ocrx_word' id='word_1_145' title='bbox 835 1746 875 1803; x_wconf 87' lang='lat' dir='ltr'><strong><em>sit</em></strong></span> <span class='ocrx_word' id='word_1_146' title='bbox 896 1745 928 1801; x_wconf 85' lang='lat' dir='ltr'><strong><em>iu</em></strong></span> <span class='ocrx_word' id='word_1_147' title='bbox 946 1744 1046 1820; x_wconf 89' lang='lat' dir='ltr'><strong><em>prima</em></strong></span> <span class='ocrx_word' id='word_1_148' title='bbox 1073 1739 1169 1802; x_wconf 85' lang='lat' dir='ltr'><strong><em>Teme.</em></strong></span> <span class='ocrx_word' id='word_1_149' title='bbox 1214 1740 1362 1803; x_wconf 84' lang='lat' dir='ltr'><strong><em>Similiter</em></strong></span> 
     </span>
     <span class='ocr_line' id='line_1_16' title="bbox 141 1840 1361 1921; baseline 0.002 -21"><span class='ocrx_word' id='word_1_150' title='bbox 141 1860 221 1921; x_wconf 88' lang='lat' dir='ltr'><strong><em>pers</em></strong></span> <span class='ocrx_word' id='word_1_151' title='bbox 243 1842 366 1902; x_wconf 79' lang='lat' dir='ltr'><strong><em>ultimee</em></strong></span> <span class='ocrx_word' id='word_1_152' title='bbox 389 1841 542 1921; x_wconf 77' lang='lat' dir='ltr'><strong><em>Epistulae</em></strong></span> <span class='ocrx_word' id='word_1_153' title='bbox 562 1847 717 1921; x_wconf 89' lang='lat' dir='ltr'><strong><em>posterior</em></strong></span> <span class='ocrx_word' id='word_1_154' title='bbox 739 1846 771 1903; x_wconf 89' lang='lat' dir='ltr'><strong><em>iu</em></strong></span> <span class='ocrx_word' id='word_1_155' title='bbox 789 1847 889 1921; x_wconf 78' lang='lat' dir='ltr'><strong><em>preme</em></strong></span> <span class='ocrx_word' id='word_1_156' title='bbox 913 1842 1057 1904; x_wconf 87' lang='lat' dir='ltr'><strong><em>calleeetu</em></strong></span> <span class='ocrx_word' id='word_1_157' title='bbox 1088 1851 1132 1902; x_wconf 84' lang='lat' dir='ltr'><strong><em>est</em></strong></span> <span class='ocrx_word' id='word_1_158' title='bbox 1156 1840 1258 1912; x_wconf 85' lang='lat' dir='ltr'><strong><em>Tame,</em></strong></span> <span class='ocrx_word' id='word_1_159' title='bbox 1285 1860 1361 1921; x_wconf 92' lang='lat' dir='ltr'><strong><em>purs</em></strong></span> 
     </span>
     <span class='ocr_line' id='line_1_17' title="bbox 144 1942 1362 2023; baseline 0.002 -20"><span class='ocrx_word' id='word_1_160' title='bbox 144 1952 246 2003; x_wconf 91' lang='lat' dir='ltr'><strong><em>eutem</em></strong></span> <span class='ocrx_word' id='word_1_161' title='bbox 265 1946 357 2021; x_wconf 87' lang='lat' dir='ltr'><strong><em>prior</em></strong></span> <span class='ocrx_word' id='word_1_162' title='bbox 378 1946 410 2002; x_wconf 88' lang='lat' dir='ltr'><strong><em>iu</em></strong></span> <span class='ocrx_word' id='word_1_163' title='bbox 432 1945 570 2004; x_wconf 86' lang='lat' dir='ltr'><strong><em>secuude.</em></strong></span> <span class='ocrx_word' id='word_1_164' title='bbox 615 1942 672 2003; x_wconf 87' lang='lat' dir='ltr'><strong><em>Sed</em></strong></span> <span class='ocrx_word' id='word_1_165' title='bbox 694 1942 832 2004; x_wconf 80' lang='lat' dir='ltr'><strong><em>Codicum</em></strong></span> <span class='ocrx_word' id='word_1_166' title='bbox 852 1949 1129 2023; x_wconf 81' lang='lat' dir='ltr'><strong><em>mursetscripterum</em></strong></span> <span class='ocrx_word' id='word_1_167' title='bbox 1149 1961 1202 2022; x_wconf 94' lang='lat' dir='ltr'><strong><em>ope</em></strong></span> <span class='ocrx_word' id='word_1_168' title='bbox 1225 1942 1362 2022; x_wconf 81' lang='lat' dir='ltr'><strong><em>ss&#39;upulus</em></strong></span> 
     </span>
     <span class='ocr_line' id='line_1_18' title="bbox 143 2024 1364 2125; baseline 0.004 -22"><span class='ocrx_word' id='word_1_169' title='bbox 143 2046 178 2103; x_wconf 87' lang='lat' dir='ltr'><strong><em>iu</em></strong></span> <span class='ocrx_word' id='word_1_170' title='bbox 197 2048 361 2123; x_wconf 88' lang='lat' dir='ltr'><strong><em>preprium</em></strong></span> <span class='ocrx_word' id='word_1_171' title='bbox 383 2048 569 2105; x_wconf 81' lang='lat' dir='ltr'><strong><em>restituimus</em></strong></span> <span class='ocrx_word' id='word_1_172' title='bbox 593 2046 742 2115; x_wconf 87' lang='lat' dir='ltr'><strong><em>erdiuem,</em></strong></span> <span class='ocrx_word' id='word_1_173' title='bbox 768 2057 865 2125; x_wconf 90' lang='lat' dir='ltr'><strong><em>prout</em></strong></span> <span class='ocrx_word' id='word_1_174' title='bbox 888 2024 1033 2125; x_wconf 71' lang='lat' dir='ltr'><strong><em>seducitur.</em></strong></span> <span class='ocrx_word' id='word_1_175' title='bbox 1079 2044 1181 2104; x_wconf 87' lang='lat' dir='ltr'><strong><em>Prima</em></strong></span> <span class='ocrx_word' id='word_1_176' title='bbox 1202 2062 1306 2124; x_wconf 88' lang='lat' dir='ltr'><strong><em>uempe</em></strong></span> <span class='ocrx_word' id='word_1_177' title='bbox 1327 2062 1364 2108; x_wconf 89' lang='lat' dir='ltr'><strong><em>ee</em></strong></span> 
     </span>
     <span class='ocr_line' id='line_1_19' title="bbox 144 2140 1363 2229; baseline 0.002 -24"><span class='ocrx_word' id='word_1_178' title='bbox 144 2153 201 2215; x_wconf 86' lang='lat' dir='ltr'><strong><em>est,</em></strong></span> <span class='ocrx_word' id='word_1_179' title='bbox 226 2161 300 2222; x_wconf 85' lang='lat' dir='ltr'><strong><em>quae</em></strong></span> <span class='ocrx_word' id='word_1_180' title='bbox 322 2148 427 2225; x_wconf 81' lang='lat' dir='ltr'><strong><em>irrupit</em></strong></span> <span class='ocrx_word' id='word_1_181' title='bbox 448 2140 490 2207; x_wconf 81' lang='grc' dir='ltr'><strong><em>τὰ</em></strong></span> <span class='ocrx_word' id='word_1_182' title='bbox 510 2141 684 2227; x_wconf 76' lang='grc' dir='ltr'><em>γράμματα</em></span> <span class='ocrx_word' id='word_1_183' title='bbox 704 2144 762 2229; x_wconf 79' lang='grc' dir='ltr'><strong><em>τῆς</em></strong></span> <span class='ocrx_word' id='word_1_184' title='bbox 783 2145 842 2227; x_wconf 79' lang='grc' dir='ltr'><strong><em>σῆς</em></strong></span> <span class='ocrx_word' id='word_1_185' title='bbox 857 2156 921 2219; x_wconf 86' lang='lat' dir='ltr'><strong><em>etc,</em></strong></span> <span class='ocrx_word' id='word_1_186' title='bbox 945 2165 1032 2227; x_wconf 81' lang='lat' dir='ltr'><strong><em>oseem</em></strong></span> <span class='ocrx_word' id='word_1_187' title='bbox 1056 2165 1120 2207; x_wconf 90' lang='lat' dir='ltr'><strong><em>cam</em></strong></span> <span class='ocrx_word' id='word_1_188' title='bbox 1135 2146 1280 2207; x_wconf 81' lang='lat' dir='ltr'><strong><em>uorsuulli</em></strong></span> <span class='ocrx_word' id='word_1_189' title='bbox 1291 2147 1363 2225; x_wconf 78' lang='lat' dir='ltr'><strong><em>fre-</em></strong></span> 
     </span>
    </p>

    <p class='ocr_par' dir='ltr' id='par_1_5' title="bbox 115 2246 1445 4147">
     <span class='ocr_line' id='line_1_20' title="bbox 115 2246 1363 2327; baseline 0.002 -21"><span class='ocrx_word' id='word_1_190' title='bbox 115 2255 230 2306; x_wconf 86' lang='lat' dir='ltr'><strong><em>··trum</em></strong></span> <span class='ocrx_word' id='word_1_191' title='bbox 252 2257 397 2324; x_wconf 83' lang='lat' dir='ltr'><strong><em>cuperent</em></strong></span> <span class='ocrx_word' id='word_1_192' title='bbox 420 2252 451 2307; x_wconf 89' lang='lat' dir='ltr'><strong><em>iu</em></strong></span> <span class='ocrx_word' id='word_1_193' title='bbox 472 2252 616 2326; x_wconf 89' lang='lat' dir='ltr'><strong><em>epitomeu</em></strong></span> <span class='ocrx_word' id='word_1_194' title='bbox 639 2249 750 2326; x_wconf 84' lang='lat' dir='ltr'><strong><em>redipi,</em></strong></span> <span class='ocrx_word' id='word_1_195' title='bbox 775 2250 863 2327; x_wconf 90' lang='lat' dir='ltr'><strong><em>petiit</em></strong></span> <span class='ocrx_word' id='word_1_196' title='bbox 884 2246 920 2306; x_wconf 92' lang='lat' dir='ltr'><strong><em>eb</em></strong></span> <span class='ocrx_word' id='word_1_197' title='bbox 943 2247 1106 2308; x_wconf 57' lang='lat' dir='ltr'><strong><em>:ttbeuasie</em></strong></span> <span class='ocrx_word' id='word_1_198' title='bbox 1130 2247 1296 2327; x_wconf 87' lang='lat' dir='ltr'><strong><em>Serapiou,</em></strong></span> <span class='ocrx_word' id='word_1_199' title='bbox 1327 2258 1363 2309; x_wconf 90' lang='lat' dir='ltr'><strong><em>ut</em></strong></span> 
     </span>
     <span class='ocr_line' id='line_1_21' title="bbox 142 2347 1362 2428; baseline 0.003 -22"><span class='ocrx_word' id='word_1_200' title='bbox 142 2347 177 2407; x_wconf 86' lang='lat' dir='ltr'><strong><em>id</em></strong></span> <span class='ocrx_word' id='word_1_201' title='bbox 198 2347 320 2425; x_wconf 73' lang='lat' dir='ltr'><strong><em>efficere</em></strong></span> <span class='ocrx_word' id='word_1_202' title='bbox 341 2366 402 2409; x_wconf 91' lang='lat' dir='ltr'><strong><em>ueu</em></strong></span> <span class='ocrx_word' id='word_1_203' title='bbox 422 2360 618 2427; x_wconf 72' lang='lat' dir='ltr'><strong><em>preparetur.</em></strong></span> <span class='ocrx_word' id='word_1_204' title='bbox 663 2348 797 2428; x_wconf 79' lang='lat' dir='ltr'><strong><em>Haecque</em></strong></span> <span class='ocrx_word' id='word_1_205' title='bbox 825 2366 915 2408; x_wconf 80' lang='lat' dir='ltr'><strong><em>cereso</em></strong></span> <span class='ocrx_word' id='word_1_206' title='bbox 943 2350 1005 2426; x_wconf 84' lang='lat' dir='ltr'><strong><em>suit</em></strong></span> <span class='ocrx_word' id='word_1_207' title='bbox 1033 2359 1135 2410; x_wconf 89' lang='lat' dir='ltr'><strong><em>seuste</em></strong></span> <span class='ocrx_word' id='word_1_208' title='bbox 1159 2348 1289 2411; x_wconf 85' lang='lat' dir='ltr'><strong><em>Ductori</em></strong></span> <span class='ocrx_word' id='word_1_209' title='bbox 1314 2367 1362 2410; x_wconf 90' lang='lat' dir='ltr'><strong><em>se-</em></strong></span> 
     </span>
     <span class='ocr_line' id='line_1_22' title="bbox 144 2444 1362 2530; baseline 0.003 -23"><span class='ocrx_word' id='word_1_210' title='bbox 144 2448 274 2507; x_wconf 88' lang='lat' dir='ltr'><strong><em>cuudum</em></strong></span> <span class='ocrx_word' id='word_1_211' title='bbox 296 2449 335 2509; x_wconf 91' lang='lat' dir='ltr'><strong><em>ud</em></strong></span> <span class='ocrx_word' id='word_1_212' title='bbox 357 2449 479 2509; x_wconf 83' lang='lat' dir='ltr'><strong><em>meudeos</em></strong></span> <span class='ocrx_word' id='word_1_213' title='bbox 501 2451 652 2510; x_wconf 82' lang='lat' dir='ltr'><strong><em>scribendi</em></strong></span> <span class='ocrx_word' id='word_1_214' title='bbox 675 2449 852 2527; x_wconf 70' lang='lat' dir='ltr'><strong><em>Epistulam,</em></strong></span> <span class='ocrx_word' id='word_1_215' title='bbox 877 2453 961 2510; x_wconf 77' lang='lat' dir='ltr'><strong><em>cuiuis</em></strong></span> <span class='ocrx_word' id='word_1_216' title='bbox 984 2453 1103 2512; x_wconf 78' lang='lat' dir='ltr'><strong><em>initium</em></strong></span> <span class='ocrx_word' id='word_1_217' title='bbox 1125 2444 1187 2529; x_wconf 77' lang='lat' dir='ltr'><strong><em>lysis</em></strong></span> <span class='ocrx_word' id='word_1_218' title='bbox 1208 2447 1268 2530; x_wconf 78' lang='grc' dir='ltr'><strong><em>μὲν</em></strong></span> <span class='ocrx_word' id='word_1_219' title='bbox 1290 2444 1362 2512; x_wconf 76' lang='grc' dir='ltr'><strong><em>ἐνό-</em></strong></span> 
     </span>
     <span class='ocr_line' id='line_1_23' title="bbox 141 2543 1362 2630; baseline 0.003 -21"><span class='ocrx_word' id='word_1_220' title='bbox 141 2543 239 2628; x_wconf 80' lang='grc' dir='ltr'><em>μιζον</em></span> <span class='ocrx_word' id='word_1_221' title='bbox 255 2559 310 2609; x_wconf 86' lang='lat' dir='ltr'><strong><em>etc.</em></strong></span> <span class='ocrx_word' id='word_1_222' title='bbox 354 2548 452 2610; x_wconf 81' lang='lat' dir='ltr'><strong><em>liuius</em></strong></span> <span class='ocrx_word' id='word_1_223' title='bbox 485 2554 516 2610; x_wconf 91' lang='lat' dir='ltr'><strong><em>iu</em></strong></span> <span class='ocrx_word' id='word_1_224' title='bbox 535 2553 640 2629; x_wconf 90' lang='lat' dir='ltr'><strong><em>priori</em></strong></span> <span class='ocrx_word' id='word_1_225' title='bbox 659 2561 747 2630; x_wconf 89' lang='lat' dir='ltr'><strong><em>perte</em></strong></span> <span class='ocrx_word' id='word_1_226' title='bbox 768 2550 899 2619; x_wconf 84' lang='lat' dir='ltr'><strong><em>breuiter</em></strong></span> <span class='ocrx_word' id='word_1_227' title='bbox 922 2563 1028 2612; x_wconf 87' lang='lat' dir='ltr'><strong><em>eoutre</em></strong></span> <span class='ocrx_word' id='word_1_228' title='bbox 1051 2548 1181 2612; x_wconf 80' lang='lat' dir='ltr'><strong><em>Arieues</em></strong></span> <span class='ocrx_word' id='word_1_229' title='bbox 1207 2548 1295 2611; x_wconf 80' lang='lat' dir='ltr'><strong><em>Verbi</em></strong></span> <span class='ocrx_word' id='word_1_230' title='bbox 1315 2550 1362 2613; x_wconf 84' lang='lat' dir='ltr'><strong><em>di-</em></strong></span> 
     </span>
     <span class='ocr_line' id='line_1_24' title="bbox 142 2651 1361 2732; baseline 0.003 -23"><span class='ocrx_word' id='word_1_231' title='bbox 142 2653 300 2710; x_wconf 84' lang='lat' dir='ltr'><strong><em>oiuitetem</em></strong></span> <span class='ocrx_word' id='word_1_232' title='bbox 322 2659 436 2720; x_wconf 89' lang='lat' dir='ltr'><strong><em>tuetur,</em></strong></span> <span class='ocrx_word' id='word_1_233' title='bbox 458 2656 491 2713; x_wconf 88' lang='lat' dir='ltr'><strong><em>iu</em></strong></span> <span class='ocrx_word' id='word_1_234' title='bbox 512 2651 610 2713; x_wconf 91' lang='lat' dir='ltr'><strong><em>altere</em></strong></span> <span class='ocrx_word' id='word_1_235' title='bbox 631 2665 730 2713; x_wconf 78' lang='lat' dir='ltr'><strong><em>erstem</em></strong></span> <span class='ocrx_word' id='word_1_236' title='bbox 747 2662 855 2731; x_wconf 89' lang='lat' dir='ltr'><strong><em>purte,</em></strong></span> <span class='ocrx_word' id='word_1_237' title='bbox 879 2669 968 2732; x_wconf 81' lang='lat' dir='ltr'><strong><em>quem</em></strong></span> <span class='ocrx_word' id='word_1_238' title='bbox 989 2651 1034 2712; x_wconf 89' lang='lat' dir='ltr'><strong><em>bis</em></strong></span> <span class='ocrx_word' id='word_1_239' title='bbox 1058 2651 1158 2713; x_wconf 86' lang='lat' dir='ltr'><strong><em>uerbis</em></strong></span> <span class='ocrx_word' id='word_1_240' title='bbox 1180 2652 1361 2714; x_wconf 73' lang='lat' dir='ltr'><strong><em>exorditur:</em></strong></span> 
     </span>
     <span class='ocr_line' id='line_1_25' title="bbox 142 2746 1359 2832; baseline 0.001 -20"><span class='ocrx_word' id='word_1_241' title='bbox 142 2747 229 2825; x_wconf 70' lang='grc' dir='ltr'>ἴσως</span> <span class='ocrx_word' id='word_1_242' title='bbox 249 2746 436 2831; x_wconf 74' lang='grc' dir='ltr'><strong><em>θαυμάσεις</em></strong></span> <span class='ocrx_word' id='word_1_243' title='bbox 450 2764 514 2822; x_wconf 83' lang='lat' dir='ltr'><strong><em>etc,</em></strong></span> <span class='ocrx_word' id='word_1_244' title='bbox 534 2757 665 2832; x_wconf 84' lang='lat' dir='ltr'><strong><em>primum</em></strong></span> <span class='ocrx_word' id='word_1_245' title='bbox 680 2754 833 2816; x_wconf 89' lang='lat' dir='ltr'><strong><em>coutrubit</em></strong></span> <span class='ocrx_word' id='word_1_246' title='bbox 847 2752 1021 2832; x_wconf 86' lang='lat' dir='ltr'><strong><em>Epistulam.</em></strong></span> <span class='ocrx_word' id='word_1_247' title='bbox 1069 2752 1191 2815; x_wconf 79' lang='lat' dir='ltr'><strong><em>Videtur</em></strong></span> <span class='ocrx_word' id='word_1_248' title='bbox 1204 2758 1282 2815; x_wconf 83' lang='lat' dir='ltr'><strong><em>euim</em></strong></span> <span class='ocrx_word' id='word_1_249' title='bbox 1297 2770 1359 2814; x_wconf 85' lang='lat' dir='ltr'><strong><em>em-</em></strong></span> 
     </span>
     <span class='ocr_line' id='line_1_26' title="bbox 142 2853 1362 2935; baseline 0.002 -23"><span class='ocrx_word' id='word_1_250' title='bbox 142 2856 218 2913; x_wconf 87' lang='lat' dir='ltr'><strong><em>uiue</em></strong></span> <span class='ocrx_word' id='word_1_251' title='bbox 242 2870 303 2913; x_wconf 90' lang='lat' dir='ltr'><strong><em>ueu</em></strong></span> <span class='ocrx_word' id='word_1_252' title='bbox 326 2854 462 2914; x_wconf 85' lang='lat' dir='ltr'><strong><em>diverses</em></strong></span> <span class='ocrx_word' id='word_1_253' title='bbox 492 2873 553 2915; x_wconf 88' lang='lat' dir='ltr'><strong><em>esse</em></strong></span> <span class='ocrx_word' id='word_1_254' title='bbox 573 2853 742 2934; x_wconf 88' lang='lat' dir='ltr'><strong><em>Epistulas,</em></strong></span> <span class='ocrx_word' id='word_1_255' title='bbox 775 2855 826 2915; x_wconf 89' lang='lat' dir='ltr'><strong><em>sed</em></strong></span> <span class='ocrx_word' id='word_1_256' title='bbox 854 2855 930 2915; x_wconf 80' lang='lat' dir='ltr'><strong><em>diues</em></strong></span> <span class='ocrx_word' id='word_1_257' title='bbox 961 2856 1110 2915; x_wconf 75' lang='lat' dir='ltr'><strong><em>decuteret</em></strong></span> <span class='ocrx_word' id='word_1_258' title='bbox 1137 2854 1267 2915; x_wconf 78' lang='lat' dir='ltr'><strong><em>eiusdem</em></strong></span> <span class='ocrx_word' id='word_1_259' title='bbox 1288 2854 1362 2935; x_wconf 89' lang='lat' dir='ltr'><strong><em>Epi-</em></strong></span> 
     </span>
     <span class='ocr_line' id='line_1_27' title="bbox 143 2953 1362 3035; baseline 0.002 -21"><span class='ocrx_word' id='word_1_260' title='bbox 143 2953 243 3014; x_wconf 89' lang='lat' dir='ltr'><strong><em>statee</em></strong></span> <span class='ocrx_word' id='word_1_261' title='bbox 266 2965 389 3032; x_wconf 90' lang='lat' dir='ltr'><strong><em>pertes,</em></strong></span> <span class='ocrx_word' id='word_1_262' title='bbox 423 2973 497 3035; x_wconf 78' lang='lat' dir='ltr'><strong><em>pices</em></strong></span> <span class='ocrx_word' id='word_1_263' title='bbox 523 2957 714 3033; x_wconf 87' lang='lat' dir='ltr'><strong><em>postmodum</em></strong></span> <span class='ocrx_word' id='word_1_264' title='bbox 742 2956 900 3017; x_wconf 82' lang='lat' dir='ltr'><strong><em>distinctos</em></strong></span> <span class='ocrx_word' id='word_1_265' title='bbox 932 2955 1027 3016; x_wconf 80' lang='lat' dir='ltr'><strong><em>celesti</em></strong></span> <span class='ocrx_word' id='word_1_266' title='bbox 1054 2954 1206 3035; x_wconf 80' lang='lat' dir='ltr'><strong><em>Epictetus</em></strong></span> <span class='ocrx_word' id='word_1_267' title='bbox 1234 2956 1362 3017; x_wconf 75' lang='lat' dir='ltr'><strong><em>divisere</em></strong></span> 
     </span>
     <span class='ocr_line' id='line_1_28' title="bbox 143 3054 1362 3137; baseline 0.003 -24"><span class='ocrx_word' id='word_1_268' title='bbox 143 3054 360 3116; x_wconf 77' lang='lat' dir='ltr'><strong><em>Ameuueuses.</em></strong></span> <span class='ocrx_word' id='word_1_269' title='bbox 406 3055 464 3117; x_wconf 87' lang='lat' dir='ltr'><strong><em>Nec</em></strong></span> <span class='ocrx_word' id='word_1_270' title='bbox 493 3062 569 3116; x_wconf 86' lang='lat' dir='ltr'><strong><em>euim</em></strong></span> <span class='ocrx_word' id='word_1_271' title='bbox 595 3060 794 3135; x_wconf 80' lang='lat' dir='ltr'><strong><em>posteriorem</em></strong></span> <span class='ocrx_word' id='word_1_272' title='bbox 818 3068 938 3137; x_wconf 87' lang='lat' dir='ltr'><strong><em>purtem</em></strong></span> <span class='ocrx_word' id='word_1_273' title='bbox 965 3061 1053 3136; x_wconf 82' lang='lat' dir='ltr'><strong><em>quasi</em></strong></span> <span class='ocrx_word' id='word_1_274' title='bbox 1081 3057 1172 3117; x_wconf 84' lang='lat' dir='ltr'><strong><em>ulium</em></strong></span> <span class='ocrx_word' id='word_1_275' title='bbox 1194 3056 1362 3136; x_wconf 86' lang='lat' dir='ltr'><strong><em>Epistulam</em></strong></span> 
     </span>
     <span class='ocr_line' id='line_1_29' title="bbox 143 3157 1361 3238; baseline 0.002 -21"><span class='ocrx_word' id='word_1_276' title='bbox 143 3157 317 3225; x_wconf 74' lang='lat' dir='ltr'><strong><em>exorditur,</em></strong></span> <span class='ocrx_word' id='word_1_277' title='bbox 341 3158 392 3217; x_wconf 88' lang='lat' dir='ltr'><strong><em>sed</em></strong></span> <span class='ocrx_word' id='word_1_278' title='bbox 413 3176 444 3217; x_wconf 87' lang='lat' dir='ltr'><strong><em>se</em></strong></span> <span class='ocrx_word' id='word_1_279' title='bbox 466 3168 598 3227; x_wconf 78' lang='lat' dir='ltr'><strong><em>ausisset,</em></strong></span> <span class='ocrx_word' id='word_1_280' title='bbox 622 3158 699 3238; x_wconf 83' lang='lat' dir='ltr'><strong><em>qued</em></strong></span> <span class='ocrx_word' id='word_1_281' title='bbox 714 3170 849 3238; x_wconf 80' lang='lat' dir='ltr'><strong><em>repetas,</em></strong></span> <span class='ocrx_word' id='word_1_282' title='bbox 873 3169 906 3218; x_wconf 90' lang='lat' dir='ltr'><strong><em>ut</em></strong></span> <span class='ocrx_word' id='word_1_283' title='bbox 925 3161 1055 3237; x_wconf 89' lang='lat' dir='ltr'><strong><em>primum</em></strong></span> <span class='ocrx_word' id='word_1_284' title='bbox 1071 3159 1104 3218; x_wconf 92' lang='lat' dir='ltr'><strong><em>de</em></strong></span> <span class='ocrx_word' id='word_1_285' title='bbox 1120 3158 1240 3237; x_wconf 86' lang='lat' dir='ltr'><strong><em>Spiritu</em></strong></span> <span class='ocrx_word' id='word_1_286' title='bbox 1258 3168 1361 3219; x_wconf 91' lang='lat' dir='ltr'><strong><em>seucto</em></strong></span> 
     </span>
     <span class='ocr_line' id='line_1_30' title="bbox 143 3256 1363 3337; baseline 0.003 -20"><span class='ocrx_word' id='word_1_287' title='bbox 143 3256 313 3336; x_wconf 89' lang='lat' dir='ltr'><strong><em>Epistulam</em></strong></span> <span class='ocrx_word' id='word_1_288' title='bbox 337 3259 536 3327; x_wconf 88' lang='lat' dir='ltr'><strong><em>coutruberet,</em></strong></span> <span class='ocrx_word' id='word_1_289' title='bbox 558 3262 647 3337; x_wconf 88' lang='lat' dir='ltr'><strong><em>prius</em></strong></span> <span class='ocrx_word' id='word_1_290' title='bbox 664 3259 698 3317; x_wconf 91' lang='lat' dir='ltr'><strong><em>de</em></strong></span> <span class='ocrx_word' id='word_1_291' title='bbox 714 3257 785 3319; x_wconf 81' lang='lat' dir='ltr'><strong><em>Filii</em></strong></span> <span class='ocrx_word' id='word_1_292' title='bbox 798 3259 952 3320; x_wconf 86' lang='lat' dir='ltr'><strong><em>diuiuitete</em></strong></span> <span class='ocrx_word' id='word_1_293' title='bbox 967 3260 1155 3320; x_wconf 86' lang='lat' dir='ltr'><strong><em>disseruerit.</em></strong></span> <span class='ocrx_word' id='word_1_294' title='bbox 1199 3258 1363 3322; x_wconf 85' lang='lat' dir='ltr'><strong><em>Praetereu</em></strong></span> 
     </span>
     <span class='ocr_line' id='line_1_31' title="bbox 144 3359 1363 3441; baseline 0.004 -24"><span class='ocrx_word' id='word_1_295' title='bbox 144 3360 292 3419; x_wconf 83' lang='lat' dir='ltr'><strong><em>seuuudee</em></strong></span> <span class='ocrx_word' id='word_1_296' title='bbox 314 3359 467 3437; x_wconf 87' lang='lat' dir='ltr'><strong><em>Epistulae</em></strong></span> <span class='ocrx_word' id='word_1_297' title='bbox 489 3363 574 3419; x_wconf 83' lang='lat' dir='ltr'><strong><em>iru‘tio</em></strong></span> <span class='ocrx_word' id='word_1_298' title='bbox 599 3380 629 3419; x_wconf 88' lang='lat' dir='ltr'><strong><em>sa</em></strong></span> <span class='ocrx_word' id='word_1_299' title='bbox 652 3364 683 3420; x_wconf 89' lang='lat' dir='ltr'><strong><em>iu</em></strong></span> <span class='ocrx_word' id='word_1_300' title='bbox 706 3378 739 3419; x_wconf 90' lang='lat' dir='ltr'><strong><em>ea</em></strong></span> <span class='ocrx_word' id='word_1_301' title='bbox 751 3364 942 3437; x_wconf 86' lang='lat' dir='ltr'><strong><em>praestitisse</em></strong></span> <span class='ocrx_word' id='word_1_302' title='bbox 962 3361 1066 3421; x_wconf 81' lang='lat' dir='ltr'><strong><em>scribit</em></strong></span> <span class='ocrx_word' id='word_1_303' title='bbox 1088 3362 1167 3441; x_wconf 83' lang='lat' dir='ltr'><strong><em>qued</em></strong></span> <span class='ocrx_word' id='word_1_304' title='bbox 1184 3359 1363 3440; x_wconf 88' lang='lat' dir='ltr'><strong><em>postulerat</em></strong></span> 
     </span>
     <span class='ocr_line' id='line_1_32' title="bbox 143 3460 1362 3541; baseline 0.002 -21"><span class='ocrx_word' id='word_1_305' title='bbox 143 3460 310 3539; x_wconf 88' lang='lat' dir='ltr'><strong><em>Serepieu,</em></strong></span> <span class='ocrx_word' id='word_1_306' title='bbox 339 3472 374 3521; x_wconf 91' lang='lat' dir='ltr'><strong><em>ut</em></strong></span> <span class='ocrx_word' id='word_1_307' title='bbox 403 3461 513 3520; x_wconf 83' lang='lat' dir='ltr'><strong><em>scilieet</em></strong></span> <span class='ocrx_word' id='word_1_308' title='bbox 539 3466 685 3540; x_wconf 81' lang='lat' dir='ltr'><strong><em>prime-ru,</em></strong></span> <span class='ocrx_word' id='word_1_309' title='bbox 715 3479 789 3539; x_wconf 82' lang='lat' dir='ltr'><strong><em>ques</em></strong></span> <span class='ocrx_word' id='word_1_310' title='bbox 814 3460 1039 3541; x_wconf 66' lang='lat' dir='ltr'><strong><em>pbulesusier</em></strong></span> <span class='ocrx_word' id='word_1_311' title='bbox 1061 3463 1233 3533; x_wconf 82' lang='lat' dir='ltr'><strong><em>ur&#39;debetur,</em></strong></span> <span class='ocrx_word' id='word_1_312' title='bbox 1263 3462 1362 3524; x_wconf 86' lang='lat' dir='ltr'><strong><em>uerbis</em></strong></span> 
     </span>
     <span class='ocr_line' id='line_1_33' title="bbox 140 3562 1362 3645; baseline 0.005 -26"><span class='ocrx_word' id='word_1_313' title='bbox 140 3562 340 3640; x_wconf 86' lang='lat' dir='ltr'><strong><em>paucioribus</em></strong></span> <span class='ocrx_word' id='word_1_314' title='bbox 372 3562 460 3624; x_wconf 86' lang='lat' dir='ltr'><strong><em>uellet</em></strong></span> <span class='ocrx_word' id='word_1_315' title='bbox 490 3563 751 3640; x_wconf 77' lang='lat' dir='ltr'><strong><em>corispr·ebeudere;</em></strong></span> <span class='ocrx_word' id='word_1_316' title='bbox 782 3564 860 3642; x_wconf 80' lang='lat' dir='ltr'><strong><em>qued</em></strong></span> <span class='ocrx_word' id='word_1_317' title='bbox 888 3581 954 3621; x_wconf 80' lang='lat' dir='ltr'><strong><em>eccm</em></strong></span> <span class='ocrx_word' id='word_1_318' title='bbox 984 3568 1109 3624; x_wconf 83' lang='lat' dir='ltr'><strong><em>uaruu&#39;si</em></strong></span> <span class='ocrx_word' id='word_1_319' title='bbox 1136 3568 1168 3623; x_wconf 91' lang='lat' dir='ltr'><strong><em>iu</em></strong></span> <span class='ocrx_word' id='word_1_320' title='bbox 1192 3563 1246 3625; x_wconf 92' lang='lat' dir='ltr'><strong><em>buc</em></strong></span> <span class='ocrx_word' id='word_1_321' title='bbox 1275 3582 1362 3645; x_wconf 79' lang='lat' dir='ltr'><strong><em>quem</em></strong></span> 
     </span>
     <span class='ocr_line' id='line_1_34' title="bbox 144 3663 1363 3743; baseline 0.004 -22"><span class='ocrx_word' id='word_1_322' title='bbox 144 3664 270 3722; x_wconf 85' lang='lat' dir='ltr'><strong><em>dicimus</em></strong></span> <span class='ocrx_word' id='word_1_323' title='bbox 294 3665 424 3723; x_wconf 81' lang='lat' dir='ltr'><strong><em>secitrula</em></strong></span> <span class='ocrx_word' id='word_1_324' title='bbox 443 3674 533 3742; x_wconf 90' lang='lat' dir='ltr'><strong><em>purte</em></strong></span> <span class='ocrx_word' id='word_1_325' title='bbox 553 3668 751 3743; x_wconf 82' lang='lat' dir='ltr'><strong><em>praestiterit,</em></strong></span> <span class='ocrx_word' id='word_1_326' title='bbox 776 3663 891 3723; x_wconf 82' lang='lat' dir='ltr'><strong><em>clerium</em></strong></span> <span class='ocrx_word' id='word_1_327' title='bbox 913 3676 958 3725; x_wconf 92' lang='lat' dir='ltr'><strong><em>est</em></strong></span> <span class='ocrx_word' id='word_1_328' title='bbox 980 3669 1076 3743; x_wconf 80' lang='lat' dir='ltr'><strong><em>ipsum</em></strong></span> <span class='ocrx_word' id='word_1_329' title='bbox 1098 3683 1160 3725; x_wconf 86' lang='lat' dir='ltr'><strong><em>mou</em></strong></span> <span class='ocrx_word' id='word_1_330' title='bbox 1177 3684 1283 3726; x_wconf 79' lang='lat' dir='ltr'><strong><em>aeorum</em></strong></span> <span class='ocrx_word' id='word_1_331' title='bbox 1299 3682 1363 3726; x_wconf 88' lang='lat' dir='ltr'><strong><em>esse</em></strong></span> 
     </span>
     <span class='ocr_line' id='line_1_35' title="bbox 144 3746 1362 3845; baseline 0.002 -23"><span class='ocrx_word' id='word_1_332' title='bbox 144 3762 322 3841; x_wconf 89' lang='lat' dir='ltr'><strong><em>Epistulam,</em></strong></span> <span class='ocrx_word' id='word_1_333' title='bbox 346 3766 396 3826; x_wconf 90' lang='lat' dir='ltr'><strong><em>sed</em></strong></span> <span class='ocrx_word' id='word_1_334' title='bbox 415 3746 674 3843; x_wconf 76' lang='lat' dir='ltr'><strong><em>pertractaturum</em></strong></span> <span class='ocrx_word' id='word_1_335' title='bbox 696 3766 840 3825; x_wconf 90' lang='lat' dir='ltr'><strong><em>secuudee</em></strong></span> <span class='ocrx_word' id='word_1_336' title='bbox 856 3764 1009 3843; x_wconf 89' lang='lat' dir='ltr'><strong><em>Epistulae</em></strong></span> <span class='ocrx_word' id='word_1_337' title='bbox 1028 3770 1240 3845; x_wconf 87' lang='lat' dir='ltr'><strong><em>posteriorem.</em></strong></span> <span class='ocrx_word' id='word_1_338' title='bbox 1284 3765 1362 3825; x_wconf 85' lang='lat' dir='ltr'><strong><em>Hiuc</em></strong></span> 
     </span>
     <span class='ocr_line' id='line_1_36' title="bbox 146 3865 1363 3946; baseline 0.003 -24"><span class='ocrx_word' id='word_1_339' title='bbox 146 3866 236 3923; x_wconf 88' lang='lat' dir='ltr'><strong><em>etiem</em></strong></span> <span class='ocrx_word' id='word_1_340' title='bbox 258 3869 289 3925; x_wconf 90' lang='lat' dir='ltr'><strong><em>iu</em></strong></span> <span class='ocrx_word' id='word_1_341' title='bbox 308 3865 460 3946; x_wconf 81' lang='lat' dir='ltr'><strong><em>plerisque</em></strong></span> <span class='ocrx_word' id='word_1_342' title='bbox 489 3878 515 3927; x_wconf 90' lang='lat' dir='ltr'><strong><em>et</em></strong></span> <span class='ocrx_word' id='word_1_343' title='bbox 539 3866 816 3944; x_wconf 82' lang='lat' dir='ltr'><strong><em>praestantioribus</em></strong></span> <span class='ocrx_word' id='word_1_344' title='bbox 838 3870 1052 3945; x_wconf 80' lang='lat' dir='ltr'><strong><em>ertauuscriptis</em></strong></span> <span class='ocrx_word' id='word_1_345' title='bbox 1078 3866 1231 3928; x_wconf 88' lang='lat' dir='ltr'><strong><em>Codiuibus</em></strong></span> <span class='ocrx_word' id='word_1_346' title='bbox 1254 3884 1363 3926; x_wconf 83' lang='lat' dir='ltr'><strong><em>secetu-</em></strong></span> 
     </span>
     <span class='ocr_line' id='line_1_37' title="bbox 146 3964 1445 4046; baseline -0.001 -20"><span class='ocrx_word' id='word_1_347' title='bbox 146 3966 201 4026; x_wconf 91' lang='lat' dir='ltr'><strong><em>dae</em></strong></span> <span class='ocrx_word' id='word_1_348' title='bbox 227 3964 375 4043; x_wconf 85' lang='lat' dir='ltr'><strong><em>Epistulas</em></strong></span> <span class='ocrx_word' id='word_1_349' title='bbox 399 3972 484 4028; x_wconf 89' lang='lat' dir='ltr'><strong><em>iuitie</em></strong></span> <span class='ocrx_word' id='word_1_350' title='bbox 508 3987 571 4028; x_wconf 84' lang='lat' dir='ltr'><strong><em>earu</em></strong></span> <span class='ocrx_word' id='word_1_351' title='bbox 590 3973 706 4046; x_wconf 86' lang='lat' dir='ltr'><strong><em>primae</em></strong></span> <span class='ocrx_word' id='word_1_352' title='bbox 730 3985 793 4027; x_wconf 90' lang='lat' dir='ltr'><strong><em>esse</em></strong></span> <span class='ocrx_word' id='word_1_353' title='bbox 816 3971 962 4045; x_wconf 89' lang='lat' dir='ltr'><strong><em>epitemeu</em></strong></span> <span class='ocrx_word' id='word_1_354' title='bbox 985 3969 1166 4037; x_wconf 80' lang='lat' dir='ltr'><strong><em>ediceretur,</em></strong></span> <span class='ocrx_word' id='word_1_355' title='bbox 1190 3967 1269 4046; x_wconf 83' lang='lat' dir='ltr'><strong><em>quod</em></strong></span> <span class='ocrx_word' id='word_1_356' title='bbox 1290 3982 1445 4027; x_wconf 69' lang='lat' dir='ltr'><strong><em>seuerus.</em></strong></span> 
     </span>
     <span class='ocr_line' id='line_1_38' title="bbox 146 4066 1255 4147; baseline 0.001 -22"><span class='ocrx_word' id='word_1_357' title='bbox 146 4070 215 4125; x_wconf 83' lang='lat' dir='ltr'><strong><em>ueri</em></strong></span> <span class='ocrx_word' id='word_1_358' title='bbox 236 4078 310 4127; x_wconf 88' lang='lat' dir='ltr'><strong><em>esset</em></strong></span> <span class='ocrx_word' id='word_1_359' title='bbox 334 4067 471 4138; x_wconf 85' lang='lat' dir='ltr'><strong><em>uliauuru,</em></strong></span> <span class='ocrx_word' id='word_1_360' title='bbox 496 4073 523 4128; x_wconf 86' lang='lat' dir='ltr'><strong><em>si</em></strong></span> <span class='ocrx_word' id='word_1_361' title='bbox 540 4088 617 4147; x_wconf 85' lang='lat' dir='ltr'><strong><em>pars</em></strong></span> <span class='ocrx_word' id='word_1_362' title='bbox 641 4073 703 4129; x_wconf 90' lang='lat' dir='ltr'><strong><em>eius</em></strong></span> <span class='ocrx_word' id='word_1_363' title='bbox 727 4068 823 4128; x_wconf 89' lang='lat' dir='ltr'><strong><em>ultera</em></strong></span> <span class='ocrx_word' id='word_1_364' title='bbox 847 4070 987 4129; x_wconf 82' lang='lat' dir='ltr'><strong><em>distirmtu</em></strong></span> <span class='ocrx_word' id='word_1_365' title='bbox 1011 4082 1087 4130; x_wconf 87' lang='lat' dir='ltr'><strong><em>asset</em></strong></span> <span class='ocrx_word' id='word_1_366' title='bbox 1109 4066 1255 4147; x_wconf 86' lang='lat' dir='ltr'><strong><em>Epistola.</em></strong></span> 
     </span>
    </p>

    <p class='ocr_par' dir='ltr' id='par_1_6' title="bbox 145 4167 1362 4452">
     <span class='ocr_line' id='line_1_39' title="bbox 232 4167 1362 4249; baseline 0.001 -24"><span class='ocrx_word' id='word_1_367' title='bbox 232 4167 281 4226; x_wconf 87' lang='grc' dir='ltr'><strong>ΙΙΙ.</strong></span> <span class='ocrx_word' id='word_1_368' title='bbox 327 4167 386 4229; x_wconf 79' lang='lat' dir='ltr'><strong><em>b&#39;ec</em></strong></span> <span class='ocrx_word' id='word_1_369' title='bbox 409 4189 480 4230; x_wconf 83' lang='lat' dir='ltr'><strong><em>sere</em></strong></span> <span class='ocrx_word' id='word_1_370' title='bbox 503 4170 564 4230; x_wconf 90' lang='lat' dir='ltr'><strong><em>soli</em></strong></span> <span class='ocrx_word' id='word_1_371' title='bbox 584 4170 729 4230; x_wconf 80' lang='lat' dir='ltr'><strong><em>sacraruiee</em></strong></span> <span class='ocrx_word' id='word_1_372' title='bbox 750 4171 856 4229; x_wconf 85' lang='lat' dir='ltr'><strong><em>eccidit</em></strong></span> <span class='ocrx_word' id='word_1_373' title='bbox 880 4168 1045 4249; x_wconf 86' lang='lat' dir='ltr'><strong><em>Epistulae,</em></strong></span> <span class='ocrx_word' id='word_1_374' title='bbox 1076 4182 1111 4231; x_wconf 92' lang='lat' dir='ltr'><strong><em>ut</em></strong></span> <span class='ocrx_word' id='word_1_375' title='bbox 1138 4174 1169 4229; x_wconf 89' lang='lat' dir='ltr'><strong><em>iu</em></strong></span> <span class='ocrx_word' id='word_1_376' title='bbox 1201 4170 1275 4229; x_wconf 83' lang='lat' dir='ltr'><strong><em>aleces</em></strong></span> <span class='ocrx_word' id='word_1_377' title='bbox 1299 4168 1362 4227; x_wconf 91' lang='lat' dir='ltr'><strong><em>dis-</em></strong></span> 
     </span>
     <span class='ocr_line' id='line_1_40' title="bbox 145 4270 1362 4350; baseline 0.001 -23"><span class='ocrx_word' id='word_1_378' title='bbox 145 4272 332 4346; x_wconf 84' lang='lat' dir='ltr'><strong><em>iuuperetur,</em></strong></span> <span class='ocrx_word' id='word_1_379' title='bbox 356 4271 408 4330; x_wconf 84' lang='lat' dir='ltr'><strong><em>sed</em></strong></span> <span class='ocrx_word' id='word_1_380' title='bbox 429 4272 503 4331; x_wconf 82' lang='lat' dir='ltr'><strong><em>e&#39;dem</em></strong></span> <span class='ocrx_word' id='word_1_381' title='bbox 525 4290 638 4350; x_wconf 79' lang='lat' dir='ltr'><strong><em>priapus</em></strong></span> <span class='ocrx_word' id='word_1_382' title='bbox 661 4276 691 4331; x_wconf 88' lang='lat' dir='ltr'><strong><em>iu</em></strong></span> <span class='ocrx_word' id='word_1_383' title='bbox 712 4270 981 4349; x_wconf 66' lang='lat' dir='ltr'><strong><em>ultime-commit,</em></strong></span> <span class='ocrx_word' id='word_1_384' title='bbox 1006 4289 1078 4350; x_wconf 82' lang='lat' dir='ltr'><strong><em>putu</em></strong></span> <span class='ocrx_word' id='word_1_385' title='bbox 1100 4270 1233 4331; x_wconf 86' lang='lat' dir='ltr'><strong><em>videlicet</em></strong></span> <span class='ocrx_word' id='word_1_386' title='bbox 1256 4271 1288 4329; x_wconf 88' lang='lat' dir='ltr'><strong><em>iu</em></strong></span> <span class='ocrx_word' id='word_1_387' title='bbox 1311 4287 1362 4328; x_wconf 88' lang='lat' dir='ltr'><strong><em>ae-</em></strong></span> 
     </span>
     <span class='ocr_line' id='line_1_41' title="bbox 147 4371 1361 4452; baseline 0.001 -24"><span class='ocrx_word' id='word_1_388' title='bbox 147 4371 261 4431; x_wconf 87' lang='lat' dir='ltr'><strong><em>dicibus</em></strong></span> <span class='ocrx_word' id='word_1_389' title='bbox 285 4371 464 4431; x_wconf 85' lang='lat' dir='ltr'><strong><em>Goblariuue</em></strong></span> <span class='ocrx_word' id='word_1_390' title='bbox 481 4383 507 4432; x_wconf 90' lang='lat' dir='ltr'><strong><em>et</em></strong></span> <span class='ocrx_word' id='word_1_391' title='bbox 531 4373 721 4433; x_wconf 82' lang='lat' dir='ltr'><strong><em>Feletauuuui</em></strong></span> <span class='ocrx_word' id='word_1_392' title='bbox 738 4376 837 4451; x_wconf 88' lang='lat' dir='ltr'><strong><em>primo</em></strong></span> <span class='ocrx_word' id='word_1_393' title='bbox 860 4377 892 4432; x_wconf 89' lang='lat' dir='ltr'><strong><em>iu</em></strong></span> <span class='ocrx_word' id='word_1_394' title='bbox 914 4374 988 4433; x_wconf 80' lang='lat' dir='ltr'><strong><em>deses</em></strong></span> <span class='ocrx_word' id='word_1_395' title='bbox 1007 4375 1127 4452; x_wconf 85' lang='lat' dir='ltr'><strong><em>puriter</em></strong></span> <span class='ocrx_word' id='word_1_396' title='bbox 1150 4372 1295 4433; x_wconf 90' lang='lat' dir='ltr'><strong><em>distructo</em></strong></span> <span class='ocrx_word' id='word_1_397' title='bbox 1318 4380 1361 4431; x_wconf 89' lang='lat' dir='ltr'><strong><em>est</em></strong></span> 
     </span>
    </p>

    <p class='ocr_par' dir='ltr' id='par_1_7' title="bbox 101 4470 1362 4553">
     <span class='ocr_line' id='line_1_42' title="bbox 101 4470 1362 4553; baseline -0.004 -16"><span class='ocrx_word' id='word_1_398' title='bbox 101 4524 104 4537; x_wconf 91' lang='lat'><strong><em>.</em></strong></span> <span class='ocrx_word' id='word_1_399' title='bbox 144 4471 313 4550; x_wconf 87' lang='lat' dir='ltr'><strong><em>Epistelus.</em></strong></span> <span class='ocrx_word' id='word_1_400' title='bbox 361 4472 468 4533; x_wconf 85' lang='lat' dir='ltr'><strong><em>b&#39;eruru</em></strong></span> <span class='ocrx_word' id='word_1_401' title='bbox 489 4477 608 4535; x_wconf 86' lang='lat' dir='ltr'><strong><em>etiamsi</em></strong></span> <span class='ocrx_word' id='word_1_402' title='bbox 628 4473 819 4553; x_wconf 81' lang='lat' dir='ltr'><strong><em>eupleretum</em></strong></span> <span class='ocrx_word' id='word_1_403' title='bbox 840 4474 924 4534; x_wconf 89' lang='lat' dir='ltr'><strong><em>uobis</em></strong></span> <span class='ocrx_word' id='word_1_404' title='bbox 950 4474 1086 4535; x_wconf 84' lang='lat' dir='ltr'><strong><em>uideatur</em></strong></span> <span class='ocrx_word' id='word_1_405' title='bbox 1107 4476 1150 4535; x_wconf 89' lang='lat' dir='ltr'><strong><em>ite</em></strong></span> <span class='ocrx_word' id='word_1_406' title='bbox 1172 4491 1204 4534; x_wconf 91' lang='lat' dir='ltr'><strong><em>se</em></strong></span> <span class='ocrx_word' id='word_1_407' title='bbox 1227 4490 1291 4533; x_wconf 83' lang='lat' dir='ltr'><strong><em>reue</em></strong></span> <span class='ocrx_word' id='word_1_408' title='bbox 1307 4470 1362 4533; x_wconf 86' lang='lat' dir='ltr'><strong><em>bu-</em></strong></span> 
     </span>
    </p>
   </div>
   <div class='ocr_carea' id='block_1_3' title="bbox 0 0 1481 5092">
    <p class='ocr_par' dir='ltr' id='par_1_8' title="bbox 0 0 1481 5092">
     <span class='ocr_line' id='line_1_43' title="bbox 0 0 1481 5092; baseline 0 0"><span class='ocrx_word' id='word_1_409' title='bbox 0 0 1481 5092; x_wconf 95' lang='lat' dir='ltr'><strong><em> </em></strong></span> 
     </span>
    </p>
   </div>
  </div>
 </body>
</html>
