2948 5092
260 292 285 338 s.
300 291 455 339 srssnsssr
469 293 691 340 snomsrsscoes
714 294 860 342 sermons
874 296 911 340 so
926 296 1103 360 onesimus.
1227 282 1288 347 845

68 446 110 508 od
127 443 323 522 didonium)
346 446 392 507 his
406 447 523 508 oerhis:
547 443 577 510 εἰ
596 443 656 528 μὲν
677 444 739 530 γὰρ
755 442 884 529 ἄψυχος
900 443 1098 531 ἄνθρωπος’·
1120 447 1218 511 ’τοῦτο
1233 447 1374 514 hainen.

61 535 234 629 ’Λρειανοὶ
255 545 420 629 λέγουσιν,
443 539 484 610 ‘ir’
509 544 566 611 ἐπὶ
588 544 646 632 τὴν
667 545 814 633 dodonus
835 545 875 612 τὸ
896 546 1012 627 πάθος
1035 546 1220 633 ἒνέγκωσιν,
1244 543 1290 626 ὦς

64 647 127 710 τοῦ
148 646 316 724 κινοῦντος
337 645 376 711 τὸ
398 648 495 730 σῶμα
516 648 570 713 καὶ
592 644 717 726 τούτου,
732 646 928 731 πάσχοντος.
973 652 1046 713 Nam
1063 653 1089 713 si
1104 653 1169 732 ipse
1185 651 1286 729 (Chri-

65 755 147 827 stus)
169 749 347 812 inanimatus
370 751 460 813 homo
483 760 543 813 est:
573 753 631 812 hoc
658 751 746 814 otiam
767 752 867 814 Ariani
890 753 987 828 siunt,
1009 761 1042 815 ut
1062 755 1235 834 passionem
1257 753 1373 815 innon.

64 850 249 914 divinitatem
273 852 459 927 transferant,
482 860 584 932 utpote
605 871 672 914 cum
693 852 733 926 id,
756 854 835 933 quod
856 861 955 916 movet
974 873 1093 934 corpus,
1116 856 1195 917 idem
1210 874 1287 934 quo-

64 971 125 1033 que
146 953 284 1033 potiatur.

59 1119 63 1125 ,
150 1055 201 1117 ΙΙΙ.
246 1055 364 1119 Idcirco
386 1068 486 1118 eutem
508 1056 541 1119 hi
553 1055 717 1139 lucifugae
738 1075 770 1120 se
788 1056 914 1119 Verium
936 1057 1083 1120 hominem
1103 1059 1219 1137 sectum
1236 1075 1289 1120 re-

64 1167 111 1221 ete
139 1158 277 1220 odorare
300 1158 551 1244 arbitrabuntur,
582 1159 674 1240 quod,
698 1166 734 1220 ut
755 1176 832 1221 vane
849 1158 1018 1241 putohont,
1048 1163 1164 1220 animae
1188 1158 1287 1220 iocum

65 1258 196 1322 Verbum
222 1263 319 1339 ipsum
348 1261 517 1322 obtineren-
546 1259 625 1322 Nom
645 1263 763 1325 suumn·
786 1259 911 1323 Verbum
933 1278 998 1321 rem
1021 1270 1154 1323 ereetum
1176 1260 1289 1322 velient
1359 1264 1365 1271 '

63 1381 137 1432 esse,
160 1366 259 1441 tirsum
280 1361 476 1424 nihilominus
492 1361 663 1425 odorabunt
669 1363 781 1453 tunde
793 1365 911 1443 possim
926 1362 989 1425 iih's
1005 1363 1173 1443 euprohrot
1189 1362 1285 1425 Atho-

60 1467 179 1535 nosius,
204 1463 283 1545 quod
304 1480 368 1526 rem
392 1473 524 1554 creatam
546 1464 677 1527 adorent
698 1469 779 1545 ei‘que
801 1469 954 1536 serviunt,
977 1474 1012 1527 ut
1034 1465 1082 1527 hic
1104 1481 1230 1526 numero
1255 1467 1283 1526 1.
1343 1531 1345 1535 ,

60 1563 103 1626 Ar
117 1565 271 1628 Christum
292 1574 327 1626 ut
350 1565 497 1628 honinem
517 1566 668 1645 neoohont
688 1567 776 1628 iidem
797 1567 987 1629 odorandum
1009 1585 1079 1638 esse,
1104 1568 1140 1641 si,
1162 1574 1199 1626 ut
1220 1574 1288 1628 erut

62 1665 290 1730 Cothoiieorum
313 1671 469 1743 sententio,
489 1669 648 1748 perfectus
671 1667 758 1730 homo
782 1679 876 1747 esset‚·
898 1680 986 1750 atque
1001 1674 1046 1731 ito
1059 1667 1287 1746 intelhiqendum

61 1777 118 1837 ost,
141 1769 221 1850 quod
242 1786 369 1829 numero
387 1772 415 1831 7.
439 1773 483 1830 oit
504 1769 537 1830 S.
560 1769 684 1841 Doctor,
707 1769 840 1832 Arianos
861 1770 1026 1833 Dominum
1047 1776 1080 1832 in
1103 1788 1194 1832 corne
1216 1779 1288 1830 ton·

60 1886 152 1950 quom
172 1873 205 1930 in
228 1868 337 1949 templo
360 1874 537 1934 existentem
558 1870 640 1934 nolle
662 1872 804 1935 odorare.

147 1968 194 2030 Ν.
238 1969 304 2032 Hor
331 1989 370 2033 eor
397 1990 505 2035 errore
527 1971 578 2033 iiie
600 1971 680 2034 odins
703 1972 825 2036 videtur
846 1991 1014 2045 emanasse,
1045 1990 1150 2034 eorum
1171 1987 1286 2051 nempe,

59 2074 115 2153 qui
135 2088 258 2134 curnem
278 2072 405 2135 Domini
424 2076 632 2137 coniunctione
655 2092 721 2135 eum
746 2073 840 2136 Verho
862 2078 1030 2137 increatam
1050 2064 1166 2153 suetum
1186 2073 1285 2151 fuisse

58 2175 285 2236 emistiinohont.
332 2174 451 2255 Quippe
473 2174 523 2236 iiii
542 2175 582 2236 od
603 2177 655 2237 sui
674 2174 877 2254 defensionem
899 2174 1094 2238 dictitohont:
1126 2166 1222 2257 ἡμεῖς
1244 2161 1284 2236 οὗ

57 2277 225 2355 minuero
245 2275 505 2359 προςκυνοῦμεν,
533 2275 596 2337 Nos
617 2292 680 2339 rem
704 2284 831 2338 meatum
853 2294 916 2337 non
937 2277 1112 2350 adoramus,
1140 2279 1287 2357 iidemque

59 2376 232 2441 Cothoiieos
254 2377 450 2458 appellabunt
471 2368 769 2461 ἀνθρωπολάτρας,
794 2378 925 2458 duosque
939 2378 976 2439 oh
992 2381 1036 2440 eis
1051 2381 1176 2456 uqnosoi
1189 2378 1283 2440 Filios

59 2478 336 2551 calumniabantur,
359 2480 439 2560 quod
463 2478 589 2541 Verium
610 2480 727 2558 suetum
750 2480 897 2542 hominem
914 2481 1088 2560 perfectum
1102 2479 1281 2543 adorarent.

41 2579 155 2647 ‚Cuius
170 2581 300 2662 ,quidem
327 2584 447 2642 erroris
469 2580 701 2659 fundamentum
723 2581 778 2642 hoo
800 2585 832 2641 in
854 2579 992 2659 Epistola
1014 2582 1111 2643 diruit
1133 2581 1165 2643 S.
1188 2580 1285 2643 Atho-

55 2684 176 2753 nasius,
198 2685 231 2743 in
253 2700 313 2762 quo
334 2684 428 2753 docet,
452 2693 482 2745 et
503 2672 693 2744 odorandum
715 2700 778 2745 esse
791 2681 908 2744 Christi
929 2700 1040 2763 eorpus
1056 2685 1120 2743 sive
1133 2679 1287 2741 Christum

58 2781 217 2854 hominem,
240 2801 294 2846 neo
315 2788 359 2845 ito
379 2801 399 2844 o
419 2784 507 2845 nohis
529 2784 661 2845 odorari
680 2800 746 2846 rem
764 2792 904 2854 creatam,
927 2783 979 2845 sed
996 2782 1123 2845 Verium
1139 2782 1287 2843 hominem

56 2883 193 2963 {aetum
222 2901 278 2945 neo
306 2889 383 2945 enim
411 2884 572 2947 humonom
593 2893 739 2947 moturum
760 2902 780 2944 o
804 2884 897 2946 Verho
920 2886 1124 2964 separandum
1146 2901 1224 2952 esse,
1252 2891 1289 2944 ut
1355 2888 1360 2897 '

61 2983 190 3046 Verium
211 2986 374 3058 odoretur;
400 2985 452 3047 sed
473 2984 601 3048 Verium
622 2986 727 3064 sorore
749 2990 846 3056 servi,
870 3003 959 3065 quom
980 2989 1108 3064 aceepit,
1142 2985 1285 3046 indutum
1317 3045 1320 3055 ,

58 3086 168 3149 dehere
190 3088 327 3149 odorari.
375 3085 445 3158 Quo
465 3105 538 3149 sone
560 3088 702 3150 doctrino
723 3095 752 3148 et
773 3085 949 3150 Nestorium
971 3097 999 3149 et
1013 3085 1177 3164 Eutychum
1199 3083 1287 3163 ionoe
1297 3142 1308 3177 Ι

56 3196 130 3250 oute
152 3196 237 3249 ortos
260 3192 399 3288 ipsorum
421 3186 559 3250 hoereses
582 3185 755 3250 luculenter
778 3188 994 3260 condemnarit,
1016 3186 1194 3249 Nestorium
1216 3188 1296 3267 qui.

56 3290 140 3361 don,
170 3306 237 3351 rum
260 3287 414 3350 Christum
440 3299 530 3367 neqot
551 3291 584 3350 in
607 3289 666 3351 duo
689 3305 753 3351 esse
776 3289 981 3360 dividentium,
1013 3287 1179 3369 Eutychem
1201 3303 1285 3358 vero,

56 3409 127 3455 eum
149 3393 285 3470 inteoros
307 3409 342 3454 ue
364 3390 522 3456 distinctus
546 3397 652 3453 tuetur
674 3388 791 3454 Christi
809 3400 953 3454 noturus.

19 3684 22 3689 Δ
129 3610 156 3671 1)
175 3609 212 3660 ed.
226 3608 319 3662 ihoreli.
338 3610 436 3661 Tomi.
456 3609 549 3673 nihii.
568 3609 727 3675 -ep.101.
747 3609 786 3662 ed.
803 3608 892 3661 hesed.
912 3610 980 3661 Tom.
993 3609 1022 3658 ΙΙ.
1041 3607 1118 3672 p.8'i.
