2948 5092
474 244 487 271 Ι

473 302 582 347 curro
599 304 630 346 n.
648 304 764 348 conrnr
778 305 914 350 munus.
1229 295 1296 359 320

64 456 150 529 ditur,
175 453 246 534 quid
269 451 367 515 Verbo
391 471 467 533 opus
486 453 551 528 tuit,
575 472 642 515 cum
657 455 815 516 inferiores
831 475 848 517 a
862 458 1067 536 superioribus
1083 461 1160 521 effici
1176 446 1383 541 quendem

62 556 106 618 rel
128 554 236 619 saitem
258 573 324 616 curn
347 572 397 615 res
420 552 553 633 singulae
575 556 667 616 factae
692 557 884 634 potuerinta
906 559 967 620 Deo
993 559 1077 622 initio
1100 561 1202 623 audire
1225 561 1297 627 Fine

63 666 93 720 et
112 657 265 740 Efficere,
298 663 390 736 atque
409 655 449 716 ita
471 655 600 717 fuissent
620 656 807 736 productae?
850 658 959 722 Verum
981 678 1076 740 neque
1099 661 1128 723 id
1152 664 1297 744 scripturn

63 767 108 821 est
128 757 315 838 nequoberi
336 758 443 837 potuit.
487 755 680 820 Nulla'enim
696 777 812 833 rerum,
836 779 911 839 quae
932 761 1021 835 fiunt,
1053 782 1140 825 causa
1163 774 1209 827 cst
1229 763 1296 827 etu·
1348 748 1351 753 .

63 862 162 933 oiens3
185 879 253 922 nam
277 860 377 921 omnia
396 877 452 938 per
471 859 600 922 Verbum
621 861 695 921 iacta
720 870 800 937 sunt,
823 861 901 940 quod
918 880 991 924 sane
1005 881 1065 924 nou
1089 865 1211 927 fecisset
1226 884 1295 928 om·

63 963 126 1036 nia,
159 961 188 1022 si
217 962 317 1041 ipsum
345 979 464 1041 quoque
485 960 615 1023 Verbum
637 979 654 1023 e
675 961 767 1024 rebus
799 964 906 1025 creatis
929 973 1022 1026 esset.
1066 965 1127 1027 Nec
1149 966 1228 1029 enim
1250 968 1297 1028 rei

63 1061 164 1143 bugeii
186 1069 315 1142 possunt
336 1081 454 1135 creare,
478 1080 546 1124 cum
570 1063 628 1144 ipsi
650 1062 710 1125 sint
731 1063 839 1137 creati,
862 1064 930 1127 licet
951 1065 991 1126 ita
1013 1067 1165 1130 senserint
1186 1058 1295 1130 Veien-

63 1165 152 1237 timrs,
175 1163 309 1226 Marcion
331 1171 361 1226 et
381 1163 535 1240 Basilides,
562 1184 688 1244 quorum
711 1185 764 1227 ros
787 1166 985 1230 aemulatores
1009 1167 1093 1249 estis,
1117 1186 1174 1231 nec
1195 1168 1241 1231 sol
1262 1176 1297 1233 ut

62 1273 131 1345 pote
152 1273 272 1327 creatus
295 1266 375 1346 quod
397 1285 457 1327 non
480 1274 526 1328 est
547 1267 635 1328 faciet
655 1277 689 1346 ut
709 1269 760 1341 sit,
784 1287 839 1330 nec
859 1269 950 1330 bomo
972 1270 1123 1332 bominem
1145 1270 1295 1346 formabit,

64 1385 118 1429 nec
138 1366 218 1448 lapis
240 1368 360 1447 effinget
381 1368 528 1447 lapidem,
551 1387 605 1430 nec
626 1369 706 1448 ligno
728 1370 840 1449 lignum
863 1370 944 1432 dabit
965 1371 1191 1435 incrementum.
1235 1373 1297 1436 Sed

63 1467 140 1531 bears
163 1468 232 1549 ipse
252 1477 298 1531 est
319 1469 370 1549 qui
392 1468 543 1531 bominem
567 1469 597 1530 in
619 1478 707 1531 utero
729 1473 846 1545 format,
874 1473 924 1551 qui
946 1482 1073 1535 montes.
1087 1473 1221 1549 collocat,
1244 1473 1295 1555 qui

63 1569 174 1650 lignum
196 1570 350 1651 producit;
371 1572 436 1651 ipse
458 1579 556 1633 autem
577 1572 679 1646 bomo,
702 1574 753 1653 qui
775 1573 916 1636 scientiae
938 1593 1028 1655 capax
1046 1582 1102 1648 est,
1126 1576 1215 1638 istam
1229 1592 1295 1639 mt-

64 1673 168 1735 teriam
190 1673 273 1734 mie
293 1675 401 1735 format
422 1682 454 1735 et
467 1673 628 1754 componit,
645 1682 733 1753 atque
749 1693 793 1747 ea,
815 1693 889 1754 qnae
905 1685 986 1749 sunt,
1006 1676 1050 1737 uti
1064 1674 1168 1740 didicit
1182 1676 1297 1758 effingit

62 1781 94 1834 et
112 1774 236 1853 figunt,
264 1775 398 1855 satisque
419 1775 461 1837 illi
484 1785 544 1848 est,
573 1775 654 1856 quod
681 1776 744 1837 siut
770 1776 862 1850 iacta3
892 1785 954 1838 tum
984 1795 1055 1839 vero
1082 1786 1205 1841 naturae
1233 1796 1296 1843 nou

64 1874 183 1954 ignarum
205 1895 288 1950 suae,
312 1877 338 1938 si
360 1896 392 1938 re
415 1877 511 1956 aliqua
534 1877 673 1957 indigeat,
696 1897 713 1939 a
735 1877 795 1940 beo
819 1877 849 1939 id
871 1879 955 1940 novit
976 1897 1043 1940 esse
1057 1881 1251 1957 poscendum.

145 2287 199 2348 22.
243 2283 346 2363 traque
372 2283 400 2346 si
422 2284 501 2346 Deus
535 2303 653 2365 quoque
675 2285 741 2365 ipse
764 2304 798 2346 ex
821 2285 943 2347 materia
966 2270 1018 2347 rea
1038 2287 1135 2347 tacere
1158 2294 1188 2347 et
1208 2304 1294 2348 oom-

64 2404 178 2467 ponere
198 2385 324 2460 dicatur,
345 2385 419 2448 baec
439 2404 512 2448 saue
533 2385 681 2448 sententia
702 2387 862 2449 Gentilium
885 2395 946 2460 est,
969 2387 1133 2467 artifexque
1154 2406 1214 2448 non
1238 2406 1296 2450 au·
1317 2447 1319 2451 ,

64 2497 122 2550 tem
143 2488 270 2550 effector
291 2487 348 2549 erit
370 2487 459 2550 Deus.
502 2487 655 2550 Materiam
682 2497 781 2551 umen
811 2490 869 2550 hoc
896 2488 987 2551 modo
1009 2487 1138 2549 Verbum
1161 2487 1230 2553 Deo
1245 2487 1295 2550 iu-

64 2589 141 2654 beuti
164 2589 340 2651 ministrans
363 2589 480 2650 efficiat.
526 2589 585 2652 Sed
616 2591 640 2650 si
672 2609 721 2664 ea,
749 2609 824 2670 quae
852 2609 913 2651 non
942 2597 1027 2662 sunt,
1056 2608 1111 2670 per
1138 2587 1296 2669 proprium

52 2691 192 2763 ¹Verbum
214 2700 299 2753 vocat
320 2700 353 2752 ut
376 2692 448 2764 sint,
471 2700 552 2753 certe
573 2690 701 2753 Verbum
723 2710 786 2752 non
809 2701 855 2753 est
877 2691 954 2753 inter
977 2709 1020 2764 ea,
1043 2709 1119 2769 quae
1141 2709 1201 2751 non
1224 2697 1296 2753 suut

67 2803 95 2856 et
112 2800 276 2868 vocantur,
302 2811 341 2854 ne
363 2793 441 2855 aliod
464 2792 550 2854 nobis
573 2793 773 2873 quaerendum
796 2794 837 2854 sit
858 2791 1003 2864 Verbum,
1037 2810 1091 2871 per
1113 2791 1192 2872 quod
1215 2791 1296 2853 istud

66 2905 200 2958 roratum
224 2894 321 2957 suerit
366 2895 439 2956 Nam
463 2894 557 2957 Verbo
581 2895 680 2956 ornnia
703 2896 776 2956 sacta
801 2903 880 2954 sunt.
926 2892 1013 2965 Quod
1040 2893 1065 2954 si
1088 2912 1143 2973 per
1164 2892 1295 2955 Verbum

67 2996 143 3060 brus
173 3016 224 3057 res
247 2987 328 3058 e'reat
349 3004 379 3057 et
400 2996 486 3069 iacit,
518 2996 616 3076 ipsum
644 2997 779 3076 proiecto
808 3013 869 3057 non
898 3002 946 3056 est
974 3013 991 3055 e
1019 2994 1108 3055 rebus
1137 2994 1243 3056 creatis
1266 3002 1297 3056 et

68 3098 158 3173 iactis,
183 3098 244 3160 sed'
260 3098 360 3177 potius
382 3097 434 3158 Dei
459 3097 587 3159 creantis
611 3097 737 3160 Verbum
762 3104 817 3170 est,
840 3096 919 3176 quod
943 3095 1030 3157 etiarn
1048 3115 1084 3157 ex
1099 3095 1196 3158 Patris
1219 3113 1295 3176 ope-

67 3200 164 3273 ribus,
194 3218 270 3279 quae
292 3199 390 3278 ipsum
414 3198 542 3261 Verbum
563 3199 648 3273 facit,
678 3198 886 3279 cognoscitur,
910 3198 1049 3278 quoniam
1072 3198 1176 3288 ipsum.
1194 3207 1242 3260 est
1263 3197 1295 3258 in

67 3301 149 3365 Patre
172 3310 202 3364 et
223 3302 310 3364 Pater
330 3302 363 3362 in
385 3321 432 3374 eo,
456 3302 556 3381 etqui
579 3302 674 3381 ipsum
697 3302 778 3371 vidit,
801 3300 874 3362 vidit
888 3299 1079 3375 Patrem,.ob
1094 3307 1217 3362 naturae
1232 3297 1294 3362 soi·

67 3403 129 3466 licet
150 3404 367 3485 proprietatem
388 3422 592 3483 summamque
615 3402 680 3464 Filii
703 3404 734 3465 in
757 3402 896 3464 omnibus
925 3421 992 3463 curn
1014 3402 1101 3463 Patre
1123 3401 1295 3463 similitudi-

67 3525 140 3569 nem.
187 3506 346 3579 Quomodo
369 3505 467 3585 itaque
488 3524 538 3568 res
561 3523 617 3586 per
638 3504 736 3584 ipsum
759 3512 854 3577 creat,
885 3503 943 3566 nisi
967 3502 1031 3564 eius
1055 3502 1094 3564 sit
1115 3501 1243 3564 Verbum
1260 3496 1297 3563 'et

68 3605 241 3688 Sapientia?
286 3607 444 3680 Quomodo
466 3625 538 3668 vero
560 3606 689 3668 Verbum
713 3616 743 3668 et
765 3606 916 3686 Sapientia
938 3594 1039 3685 possit’
1058 3622 1144 3678 esse,
1165 3604 1202 3667 si
1231 3604 1384 3670 einaim.

65 3719 187 3771 naturae
208 3727 272 3770 non
292 3709 333 3771 sit
352 3710 430 3770 Vetus
453 3708 610 3790 proprius,
638 3707 691 3770 sed
714 3727 749 3769 ex
772 3706 864 3768 nihilo
888 3723 1006 3786 quoque
1027 3707 1121 3768 iaetus
1144 3704 1207 3786 ipse
1231 3702 1296 3766 snt

64 3863 121 3912 dese
146 3862 223 3912 editio
240 3860 359 3911 Commod.
377 3856 471 3910 δέκται
488 3876 533 3926 pro
551 3856 653 3921 δέηται.
741 3862 757 3912 i.
786 3859 927 3922 Segueriau.
952 3859 1051 3909 Gobler.
1069 3858 1210 3908 Velebm.1.
1230 3866 1253 3907 et
1270 3856 1295 3906 4.

64 3931 113 3980 aar
131 3931 233 3993 Segner.
247 3930 302 3991 neg.
313 3930 411 3979 Gobier.
423 3930 654 3979 Velckrn.l.d.e15.
707 3911 792 3980 orirer.
832 3927 893 3976 Editi
918 3936 941 3975 et
964 3926 1004 3975 atii
1028 3917 1137 3980 adeor..
1161 3927 1213 3975 bier
1237 3939 1295 3975 mss

63 3991 87 4046 ei
101 3993 155 4063 μὲν
173 3983 224 4047 οὖν
239 3991 286 4046 καὶ
304 3989 318 4045 ὅ
336 3989 408 4051 θεός.
447 3998 654 4048 {retinueritis
704 3991 751 4044 arai
768 3988 793 4045 εὶ
810 3985 843 4044 δι’
864 3985 948 4059 oritoni
966 3989 1055 4050 κτίζει,
1090 3995 1169 4045 Editio
1179 3991 1296 4044 Commei.

63 4067 130 4117 deest
145 4067 202 4116 καί.
656 4075 680 4093 ’·
706 4057 731 4113 εἰ
748 4064 842 4113 omittit
911 4120 924 4140 '

94 4184 118 4231 8·
142 4168 184 4218 Sic
207 4169 308 4228 Seruo.
333 4165 431 4217 Gobier.
458 4175 482 4216 et
504 4166 609 4216 Foicbm.
629 4166 652 4216 1.
741 4133 764 4181 ι·
784 4130 882 4193 sem
901 4144 950 4246 am
966 4129 1112 4246 ¹2⁰?dssoe'5
1136 4189 1183 4242 καὶ
1200 4204 1232 4242 ω
1253 4187 1271 4241 ,ἱ
1386 4190 1393 4200 ·

60 4236 147 4286 Atedii
167 4244 191 4285 et
210 4228 473 4299 ecinpbominnnr.
704 4199 756 4317 Ali}
767 4200 962 4324 οῗᾙῗὶῐκαῖεῆ
981 4211 1082 4329 σῖξρίῒ
1116 4232 1121 4244 “
1235 4205 1297 4299 μ’

94 4339 119 4386 b.
137 4337 209 4386 Breii.
222 4328 253 4400 ἔρ
274 4327 397 4392 ἄξεσθαι.
417 4337 569 4385 Haerentem
581 4335 652 4384 rerba
738 4349 770 4384 m.
789 4334 860 4390 basil.
882 4334 938 4412 neg.
957 4334 1055 4383 Gobler.
1073 4329 1179 4381 Felekm.
1190 4328 1211 4377 1.
1230 4335 1255 4378 st
1270 4327 1296 4380 b

60 4399 222 4468 ίργαζέσθω
258 4394 470 4470 dignoscitor
488 4394 652 4462 τὴνῦληνδ
703 4396 825 4455 καὶπῶς
842 4394 1009 4449 truanes.
1044 4399 1136 4448 Ibidem
1154 4397 1296 4449 FeickmA

58 4469 140 4551 ieter
163 4464 404 4541 προςταπόμενοι
426 4466 474 4520 καὶ
506 4464 654 4539 ὑπουργῶν
704 4462 734 4527 ἐξ
750 4460 907 4519 orie-dnus
924 4460 1023 4516 ὄντων.
1050 4464 1296 4528 Μοιὸοςιιιι.ΒιιίΙ.

60 4553 102 4609 τᾳ
117 4539 186 4608 δή,
205 4541 288 4593 detera
305 4548 362 4593 snut
377 4542 403 4591 in
420 4553 466 4591 ms.
484 4539 584 4603 Ssgusr.
666 4586 672 4596 ,
704 4538 763 4600 ng.
781 4536 872 4601 degiic.
890 4535 1037 4587 etdoleim.
1055 4533 1079 4585 4
1096 4526 1144 4582 eei
1165 4524 1224 4583 τδν
1243 4522 1297 4591 eis
