2948 5092
149 215 214 285 ²74
550 224 984 273 sarmasuncmmcom

64 379 235 449 εκεεποτλ
262 376 447 465 βασιλεύων
477 373 627 453 θάνατος
653 371 853 460 κατηργήθη.
900 371 1039 458 καὶγὰρ
1067 374 1122 439 καὶ
1149 370 1273 439 κατὰ·

150 486 305 569 κρείττων
327 475 347 565 ἡ
371 473 411 546 δι’
436 471 537 543 αὐτοῦ
562 477 712 543 διακονία
733 478 878 561 γέγονεν,
909 470 964 540 ότι
990 477 1044 541 καὶ
1072 473 1113 540 τό
1135 468 1276 541 άδυνατδ

148 582 262 667 νόμου,
287 581 320 649 έν
343 568 371 667 ᾧ
391 574 529 666 ἠσθένει
552 577 609 645 διὰ
629 580 688 664 τῆς
709 575 838 662 σαρκός,
863 571 882 642 5
901 576 985 654 θεός
997 576 1056 642 τὸν
1071 575 1190 644 ἑαυτοῦ
1206 574 1276 642 υἱὸν

148 695 220 770 ψας
242 684 276 752 ἰν
299 678 487 766 ὁμοιώματι
508 678 628 766 σαρκός
650 675 829 764 άμαρτίας,
852 680 905 745 καί
929 676 1008 764 περὶ
1030 674 1193 764 ἁμαρτίας
1212 702 1276 744 κατ

71 824 83 861 ,·
148 784 209 871 τὴν
230 781 395 870 ἁμαρτίαν
417 782 451 851 έν
473 785 513 869 τῇ
536 783 672 868 σαρκὶ’),
696 777 855 866 ίκστήσας
876 773 939 846 άπ’
965 773 1065 868 αότῆς
1089 780 1129 846 τό
1150 777 1276 865 παράπ

151 886 185 954 έν
206 874 235 972 ᾧ
258 885 442 964 διαπαντὸς
461 879 719 971 ᾐχμαλωτίζετο,
743 877 826 960 ῶςτε
846 878 890 967 μὴ
914 882 1073 965 δέχεσθαι
1091 880 1150 948 τὸν
1163 887 1264 948 θεῖον

150 985 209 1076 τὴν
232 988 268 1055 δὲ
290 985 396 1073 σάρκα
417 984 563 1071 δεκτικὴν
584 986 643 1051 τοῦ
666 982 764 1070 λόγου
784 983 1030 1062 κατασκευάσας
1045 982 1201 1070 ἐποίησεν
1216 979 1276 1068 ἡμέ

150 1094 221 1157 κέτι
241 1087 345 1156 1’κατδι
366 1087 472 1173 σάρκα
493 1095 709 1172 περιπατεῖν,
733 1081 817 1153 ἀλλὰ
837 1084 921 1152 κατὰ
942 1086 1119 1171 πνεῦμα’γ,
1142 1087 1197 1151 καὶ
1220 1087 1276 1151 ποι1

67 1191 272 1276 mamm·
295 1185 391 1278 ἡμεῖς
405 1190 442 1257 δὲ
460 1183 521 1255 οῦκ
539 1187 638 1273 ἐσμὲν
660 1186 694 1254 έν
712 1193 816 1273 σαρκί,
841 1181 915 1253 ἀλλ’
941 1186 974 1254 έν
988 1186 1163 1270 πνεύματι,
1184 1181 1276 1253 καλό

150 1297 214 1361 θεν
237 1287 256 1358 5
277 1294 338 1358 τοῦ
359 1293 445 1359 θεοῦ
466 1290 539 1383 υίὸς
560 1289 608 1368 είς
628 1287 687 1356 τὸν
708 1287 847 1373 κόσμον,
878 1282 943 1371 σῦχ’
968 1289 1025 1355 ἵνα
1044 1284 1136 1375 κρίνῃ
1165 1287 1224 1355 τὸν
1246 1312 1276 1354 κι

151 1387 228 1461 ἀλλ’
252 1393 310 1460 ἵνα
330 1392 476 1470 οπάντας
491 1390 707 1478 λυτρώσηται,
722 1387 780 1456 καὶ
793 1392 892 1477 σωθῇ
909 1387 927 1455 5
940 1389 1064 1475 κόσμος
1080 1385 1120 1456 δι’
1138 1383 1240 1456 αὐτοῦ
1246 1391 1276 1469 ²)⁴

149 1493 294 1580 μὲνγὰρ
316 1490 362 1573 ῶς
383 1489 573 1572 όπεόθονος
595 1489 614 1559 ό
634 1492 759 1578 κόσμος
780 1491 923 1578 ἐκρίνετο
945 1487 1014 1557 άπὸ
1035 1494 1094 1557 τοῦ
1117 1488 1230 1574 νόμου,
1254 1488 1276 1556 ά

152 1591 171 1661 5
193 1594 290 1682 λόγος
313 1595 360 1675 εἰς
382 1594 498 1663 ἑαυτὸν
521 1595 653 1676 ἐδέξατο
676 1593 714 1662 τὸ
735 1602 846 1681 κρῖμα,
869 1596 924 1660 καὶ
941 1597 989 1678 τῷ
1005 1591 1135 1676 σώματι
1149 1591 1276 1660 παθὼν

151 1695 289 1766 πάντων
311 1704 476 1786 σωτηρίαν
497 1707 570 1776 τοῖς
592 1698 698 1763 πᾶσιν
721 1695 904 1781 ἐχαρίσατο.
935 1697 1053 1762 ὖτοῦτσ
1069 1695 1106 1762 δὲ
1119 1696 1276 1780 βλέπωνι

150 1822 205 1884 γον
224 1792 389 1887 Ἰωάννης·
414 1794 432 1864 5
453 1797 555 1883 νόμος
577 1795 635 1866 διά
647 1803 803 1876 Μωσέως
825 1796 939 1884 ἐδόθη,
962 1793 982 1885 ἡ
1003 1796 1098 1883 χάρις
1117 1792 1215 1882 καὶὴ
1239 1789 1276 1861 άλ

152 1898 210 1967 διὰ
227 1893 331 1988 Ἰησοῦ
352 1903 503 1986 Χριστοῦ
527 1900 692 1986 έγένετοέ).
735 1905 892 1986 κρείττων
915 1898 952 1965 δὲ
972 1894 992 1983 ἡ
1012 1897 1107 1984 χάρις
1128 1892 1150 1986 ἢ
1173 1893 1191 1963 5
1213 1895 1276 1982 νόμ

152 1996 173 2088 ἦ
195 1995 342 2089 ἀλήθεια
362 2000 456 2087 παρὰ
476 2000 535 2087 τὴν
558 1999 662 2068 σκιάν.

239 2109 291 2171 61.
337 2102 405 2170 ’Τὸ
429 2092 486 2169 οῦν
502 2109 667 2187 κρείττων,
691 2098 802 2187 ὥςπερ
818 2101 955 2189 ε’ίρηται,
980 2095 1037 2184 οόχ
1060 2095 1132 2168 οἶόν
1145 2126 1182 2168 τε
1195 2090 1235 2186 ἧν
1251 2100 1276 2166 δ4

151 2227 212 2290 ρου
233 2202 326 2283 τινὸς
346 2209 505 2290 γενέσθαι
525 2198 547 2289 ἢ
568 2203 626 2270 διὰ
645 2205 705 2269 τοῦ
727 2203 816 2283 υἱοῦ,
847 2205 906 2270 τσῦ
934 2208 1124 2291 καθημένου
1152 2202 1186 2270 έν
1210 2203 1276 2282 δεξι

152 2304 290 2391 πατρός.
324 2312 359 2372 τί
373 2306 409 2372 δὲ
423 2308 522 2372 τοῦτο
539 2311 692 2393 σημαίνει
712 2298 735 2371 ά
747 2303 787 2370 τὸ
801 2303 936 2392 γνήσιον
957 2309 1015 2371 τοῦ
1037 2306 1120 2385 υἱοῦ,
1144 2307 1214 2372 ’καί
1229 2302 1276 2392 τὴι

151 2429 234 2492 τητα
255 2408 315 2472 τοῦ
337 2406 466 2492 πατρὸς
486 2406 608 2494 ταύτην
631 2400 717 2474 εἶναι
737 2409 796 2473 τοῦ
818 2407 910 2494 οἱοῦ,
941 2405 1000 2494 τήν
1027 2432 1064 2474 τε
1092 2406 1154 2493 γὰρ
1175 2409 1235 2472 τοῦ
1257 2433 1276 2472 π

150 2507 325 2591 βασιλείαν
346 2507 531 2596 βασιλεῦσιν
555 2504 573 2575 5
594 2507 666 2588 υἱὸς
682 2507 739 2575 ἐπὶ
754 2507 812 2574 τόν
834 2505 935 2575 αότὸν
956 2507 1081 2593 θρόνον
1097 2511 1143 2596 τῷ
1159 2511 1263 2594 πατρὶ

151 2632 217 2688 ται,
240 2611 295 2675 καί
317 2612 357 2696 τῇ
379 2613 438 2675 τοῦ
461 2609 589 2696 πατρὸς
610 2608 751 2697 θεότητι
764 2608 997 2695 θεωρούμενος
1017 2608 1100 2689 θεός
1123 2609 1212 2677 ἐστιν
1236 2605 1254 2675 5

150 2711 225 2775 ικαί
250 2705 268 2776 5
290 2711 423 2796 βλέπων
446 2710 504 2778 τόν
527 2712 598 2778 υἱὸν
620 2712 740 2795 βλέπει
760 2711 819 2778 τὸν
841 2715 985 2795 πατέρα,
1015 2713 1068 2777 καὶ
1098 2708 1205 2790 οῦτως
1233 2706 1276 2790 εἷ,

151 2808 252 2877 ἐστιν.
297 2811 332 2879 έκ
354 2814 470 2893 δεξιῶν
492 2803 569 2900 γοῦν
591 2811 779 2898 καθήμενος
802 2806 975 2898 άριστερόυ
998 2807 1035 2878 οῦ
1055 2823 1150 2880 ποιεῖ
1163 2814 1221 2878 τόν
1243 2838 1276 2879 π

152 2905 227 2979 ἄλλ’
253 2908 337 3000 ὅπερ
360 2913 431 2982 ἐστὶ
454 2914 562 2995 δεξιὸν
584 2917 638 2982 καλ
659 2921 771 2998 τίμιον
794 2912 828 2981 έν
849 2917 897 2998 τῷ
920 2917 1039 2999 πατρί,
1072 2918 1171 2980 τοῦτο
1194 2917 1248 2981 καί
1273 2949 1276 2976 ι

152 3012 218 3094 ἔχει
239 3015 295 3080 καί
316 3015 419 3099 λέγει·
453 3015 565 3082 πάντα
593 3011 656 3082 όσα
685 3015 751 3098 ἔχει
778 3011 798 3082 5
826 3015 937 3102 πατὴρ
967 3016 1030 3099 ἐμά
1052 3015 1161 3096 ἒστιὸ).
1208 3014 1266 3083 διὰ

151 3112 213 3198 γάρ
234 3117 289 3182 καί
319 3114 512 3202 καθήμενος
535 3116 571 3183 έκ
600 3117 717 3196 δεξιῶν
740 3113 758 3183 5
780 3116 852 3196 υίὸς
875 3115 937 3204 όρᾷ
958 3116 1016 3184 τὸν
1038 3123 1167 3201 πατέρα
1187 3120 1242 3183 καὶ
1267 3120 1276 3157 ¹

152 3213 188 3281 ἐκ
210 3215 336 3296 δεξιῶν,
360 3211 420 3303 κᾷν
443 3213 489 3296 ῶς
511 3215 696 3304 άνθρωπος
717 3218 890 3304 γενόμενος
905 3221 996 3305 λέγῃ’
1019 3217 1276 3305 ῑπροωριόμηντ

153 3315 226 3402 ριόν
248 3340 313 3400 μου
337 3317 482 3386 ἐνώπιόν
504 3342 568 3404 μου
592 3318 648 3387 διά
669 3320 806 3401 παντός,
830 3317 884 3388 ότι
900 3320 934 3387 ἐκ
949 3321 1065 3399 δεξιῶν
1087 3344 1151 3404 μου
1167 3320 1276 3387 ἐστίν’,

153 3418 350 3500 σαλευθῶ“).
396 3420 562 3488 δείκνυται
587 3420 650 3509 γὰρ
678 3421 782 3491 πάλιν
811 3425 864 3490 καί
894 3421 1057 3507 ἐντούτῳ
1080 3418 1125 3501 ῶς
1148 3419 1166 3488 5
1188 3421 1262 3500 υἱὸς

151 3520 256 3604 πατρί
276 3518 335 3586 καὶ
354 3516 396 3586 ¹⁴5
418 3522 528 3609 πατὴρ
551 3522 586 3591 έν
606 3526 654 3610 τῷ
676 3525 748 3611 υἱῷ.
788 3525 896 3605 δεξιοῦ
913 3523 975 3610 γάρ
991 3521 1087 3602 ὄντος
1108 3527 1166 3590 τοῦ
1189 3549 1276 3609 πατρ

151 3623 199 3706 τῷ
222 3621 320 3708 δεξιῷ
343 3623 432 3692 ἐστιν
447 3621 467 3691 5
482 3624 562 3707 υἱός,
585 3627 641 3692 καί
662 3632 854 3714 καθημένου
874 3629 933 3692 τοῦ
950 3626 1023 3692 υἱοῦ
1039 3625 1073 3693 ἐκ
1089 3626 1215 3707 δεξιῶν,
1240 3622 1260 3691 ό

152 3720 242 3791 έστιν
264 3723 299 3791 ἐν
318 3728 366 3812 τῷ
388 3727 459 3814 υἱῷ.
504 3726 561 3796 καὶ
582 3730 615 3796 οἱ
635 3730 696 3814 μέν
718 3727 852 3815 άγγελοι
873 3730 1082 3796 διακονοῦσιν
1104 3724 1276 3814 άνερχόμει

221 3913 246 3974 1)
269 3915 337 3964 Rom.
356 3916 386 3976 8,
406 3889 430 3966 3‘.
517 3916 542 3978 2)
568 3919 636 3970 Rom.
654 3918 685 3980 8,
710 3921 734 3970 4.
827 3919 853 3979 3)
878 3919 944 3970 [σεο.
964 3918 993 3980 3,
1022 3919 1061 3968 ΙΊ.
1148 3919 1173 3975 4)
1200 3920 1270 3969 Ιοιυ.

152 3979 178 4043 5)
196 3981 263 4032 [σου.
283 3983 323 4043 16,
344 3984 383 4033 15.
454 3984 480 4045 6)
498 3985 563 4035 ΡεεΙ.
585 3987 616 4036 16
634 3983 687 4052 [15.
706 3983 796 4054 Lxx-J,
815 3987 839 4037 8.

184 4131 206 4165 ε.
225 4117 384 4179 δίοδεςσιτ.
402 4119 533 4198 ρίλσγλὶε.
561 4121 743 4186 λίΗες.ΒυείΙ.
794 4123 900 4172 Felckm.
921 4123 943 4172 1.
979 4122 1054 4172 Paulo
1079 4130 1135 4184 post
1153 4122 1276 4185 Βεροιαι

150 4183 299 4262 είρῖεΙελω.
317 4186 340 4235 5.
365 4198 412 4233 και
433 4199 532 4252 τουιιρ.
570 4189 632 4239 Edni
655 4198 679 4239 ει
703 4192 742 4240 alii
794 4184 1024 4254 πολλάκιςλέγειν.
1055 4191 1131 4239 Celeri
1151 4200 1175 4238 ει
1193 4192 1276 4240 edilia

150 4263 197 4298 και
220 4250 310 4303 τοῦτο.
346 4253 421 4304 Paulo
445 4264 503 4319 post
525 4256 626 4316 Seguer.
650 4259 741 4319 Δυςίίι.
793 4254 871 4323 λέγει.
909 4260 1111 4320 Ιόίιίιωὸεςιιει.
1130 4250 1208 4324 ἡμεῖς
1226 4250 1276 4307 οῦκ

151 4318 251 4369 Gobler.
269 4329 293 4370 et
312 4321 453 4373 Μοῦσαί.
472 4313 618 4373 άδόνατον.
653 4327 682 4374 λι
701 4327 741 4375 alii
829 4344 848 4376 c.
869 4327 974 4375 Felckm.
993 4326 1016 4374 2.
1042 4341 1096 4375 cum
1116 4327 1186 4375 editis
1204 4319 1276 4376 πάντ

151 4393 176 4435 ει
192 4387 249 4436 odit}
269 4381 389 4438 δυνατόν
395 4407 404 4454 3
423 4392 546 4442 mendose.
793 4409 878 4444 omnes
892 4397 955 4444 'mssa
973 4387 1086 4447 πάντας.

184 4452 209 4503 b.
226 4448 298 4503 κατά
322 4458 391 4510 abest
408 4474 422 4508 ι
440 4460 541 4523 θιρυει.
560 4458 739 4513 ὓοόίοείεοοιι
826 4463 849 4512 d.
868 4461 1068 4542 Seguerqofin
1084 4456 1200 4527 βλέπων.
