2948 5092
200 256 265 321 206
608 268 1042 315 αντιιιωειιικοισεειευοτι

118 439 269 499 mma,
293 413 379 486 ἀλλὰ
398 420 458 507 τῆς
479 412 595 496 οὐσίας
617 416 881 505 δστὶν.·ίδιότης.
920 420 974 485 καὶ
996 418 1139 506 ποιητὴς
1159 413 1283 502 μὲνῶν
1306 419 1359 504 εἵη
1375 420 1433 488 καὶ

203 523 342 608 λέγοιτο,
363 514 425 608 κάν
445 519 547 608 μήπω
568 509 589 607 ᾗ
610 517 653 585 τὰ
675 517 761 605 ἔργα,
785 518 894 606 πατὴρ
917 514 1033 586 δέὀὐκ
1055 514 1096 587 ἀν
1118 521 1275 608 1’λεχθείη
1298 516 1373 588 οὐδ’
1392 515 1432 590 ἀν

141 635 151 644 “
205 625 255 713 εἴη
288 622 333 711 μὴ
365 617 572 708 ὑπάρχοντος
604 620 686 686 υλοό.
732 619 789 687 ἐὰν
812 620 848 687 δέ
868 620 1165 706 περιεργάζωνται,
1193 622 1284 689 διατί
1306 617 1326 689 ό
1349 623 1433 702 θεὸς

205 722 272 794 οἀεὶ
296 722 476 808 δυνάμενος
496 732 609 788 ποιεῖν
631 716 690 788 οὐκ
711 715 765 789 ἀεὶ
786 730 895 802 ποιεῖ,
918 729 1126 807 μαινομένων
1147 725 1207 807 μὲν
1228 722 1286 790 καὶ
1308 720 1390 812 αὐτη
1412 720 1432 811 ἡ

205 827 321 912 τόλμα.
352 831 404 904 τίς
424 825 485 911 γὰρ
509 824 590 909 ἔγνω
613 827 689 890 νοῦν
704 830 826 911 κυρίου,
842 817 864 908 ἢ
878 829 930 902 τίς
944 823 1130 910 σύμβουλος
1145 819 1245 892 αὐτοῦ
1262 825 1391 911 ἐγένετο
1399 830 1433 908 ι),·

205 925 226 1018 ἢ
248 933 323 1008 πῶς
344 928 413 1015 έρεῖ
433 925 472 993 τὸ
494 923 633 1009 πλάσμα
654 929 701 1013 τῷ
723 935 872 1011 κεραμεῖ·
894 931 929 991 τί
948 950 991 1009 με
1012 922 1118 1004 οὕτως
1139 926 1350 1014 ἐποίησας’),·
1378 928 1435 994 ἵνα

207 1033 244 1100 δὲ
264 1025 324 1119 κάν
346 1027 492 1115 ἀμυδρόν
514 1053 589 1094 τινα
610 1027 768 1114 λογισμὸν
791 1022 939 1114 εὑρόντες
953 1026 997 1113 μὴ
1013 1027 1245 1114 σιωπήσωμεν,
1270 1024 1435 1096 ἀκουέτω·

208 1156 279 1213 σαν,
304 1128 358 1199 ότι
379 1131 409 1198 εί
430 1128 553 1214 καὶτῷ
575 1131 647 1215 θεῷ
671 1129 810 1195 δυνατόν
833 1123 883 1196 ἀεὶ
907 1139 1029 1208 ποιεῖν,
1053 1123 1122 1195 ἀλλ’
1147 1124 1205 1196 οὐκ
1227 1125 1371 1218 ἠδύνατο
1392 1131 1435 1199 τὰ

121 1232 344 1322 ειειδγενητά
367 1228 460 1299 ἀίδια
482 1225 583 1298 εἶναι·
614 1229 650 1310 ἐξ
677 1225 735 1317 οὐκ
757 1228 861 1297 όντων
883 1229 945 1317 γάρ
959 1229 1040 1297 ,ἐστι
1061 1230 1117 1297 καί
1139 1226 1197 1298 οὐκ
1216 1222 1256 1317 ἦν
1278 1231 1360 1318 πρὶν
1382 1239 1436 1319 γέ-

207 1330 311 1425 νηται.
356 1333 398 1400 τὰ
431 1334 468 1400 δὲ
496 1327 553 1398 οὐκ
582 1329 662 1398 ὄντα
690 1335 771 1418 πρὶν
800 1338 932 1420 γένηται
953 1333 1028 1410 πῶς
1048 1326 1190 1420 ἠδύνατο
1213 1332 1435 1421 συνυπάρχειν

205 1440 253 1524 τῷ
281 1432 332 1504 ἀεὶ
361 1432 434 1501 όντι
460 1437 552 1520 θεῷ,
587 1433 640 1501 διὸ
667 1437 720 1500 καί
751 1433 837 1519 πρὸς
862 1433 902 1500 τό
931 1434 1097 1512 λυσιτελὲς
1124 1427 1232 1501 αὐτῶν
1254 1429 1394 1522 ἀφορῶν
1416 1431 1435 1501 ό

206 1538 298 1619 θεός,
323 1534 379 1603 ότε
402 1532 486 1604 είδεν
509 1532 563 1602 ότι
586 1535 724 1602 δύναται
736 1535 894 1622 γενόμενα
911 1536 1086 1620 διαμένειν,
1109 1535 1186 1604 τότε
1199 1538 1252 1603 καὶ
1269 1543 1437 1624 πεποίηκε

207 1639 327 1706 πάντα.
371 1641 425 1704 καί
450 1634 559 1723 ,ῶςπερ
583 1636 761 1721 δυνάμενος
782 1641 851 1704 εκαί
875 1637 910 1717 ἐξ
931 1631 1030 1723 ἀρχῆς
1052 1636 1109 1704 ἐπὶ
1131 1640 1191 1704 τοό
1210 1631 1318 1722 Ἀδάμ
1339 1632 1436 1723 ἢέπλ

206 1743 287 1807 Νῶε
307 1733 328 1825 ἢ
350 1739 407 1806 ἐπὶ
422 1745 577 1817 Μωσέως
599 1733 799 1805 ἀποστεῖλαι
820 1738 878 1805 τόν
899 1739 1017 1806 ἑαυτοῦ
1041 1738 1137 1824 λόγον
1159 1734 1218 1806 οὐκ
1239 1734 1436 1807 ἀπέστειλεν

208 1840 303 1927 εἰμὴ
326 1839 384 1908 ἐπὶ
407 1842 576 1927 συντελείᾳ
597 1843 664 1906 τῶν
686 1838 815 1912 αἰώνων
838 1845 947 1919 (τοῦτο
969 1841 1030 1926 γάρ
1054 1835 1122 1908 εἶδε
1143 1842 1325 1908 λυσιτελεῖν
1340 1840 1435 1927 πάσῃ

206 1946 247 2030 τῇ
269 1948 395 2023 κτίσει),
419 1938 506 2008 οὐτω
527 1940 584 2008 καὶ
604 1941 647 2007 τά
666 1939 808 2028 Ῑγενητά,
833 1938 888 2009 ὅτε
910 1935 1055 2029 ἠθέλησε
1068 1940 1131 2008 καὶ·
1140 1943 1307 2020 λυσιτελὲς
1320 1931 1360 2030 ἦν
1376 1937 1438 2008 οὐ·

205 2054 287 2123 τοῖς,
312 2044 477 2130 ἐποίησεν.
523 2038 541 2109 ὁ
564 2043 601 2110 δέ
622 2068 658 2128 γε
679 2042 759 2122 υίός,
784 2038 841 2109 οὐκ
863 2038 902 2109 ἀν
925 2050 1056 2130 ποίημα
1076 2037 1165 2110 *ἀλλ’
1190 2043 1276 2122 ἰ’διος
1297 2047 1358 2128 τῆς
1381 2038 1439 2109 οὐ·

208 2151 283 2224 σίας
304 2149 363 2210 τοῦ
386 2143 522 2229 πατρός,
547 2139 600 2211 ἀεί
621 2144 728 2211 ἐστιν·
757 2141 808 2212 ἀεὶ
835 2143 896 2230 γάρ
927 2142 1023 2223 ὄντος
1043 2148 1102 2211 τοῦ
1124 2144 1253 2230 πατρὸς
1275 2140 1327 2211 ἀεὶ
1351 2139 1439 2211 εἶναι

209 2247 260 2313 δεῖ
281 2245 389 2312 καὶτὸ
412 2247 499 2314 ἰ’διον
521 2248 579 2332 τῆς
601 2241 718 2324 οὐσίας
740 2240 850 2327 αὐτοῦ,
876 2243 959 2331 ὅπερ
982 2246 1071 2313 ἐστὶν
1088 2243 1106 2312 ό
1121 2245 1218 2332 λόγος
1232 2240 1334 2312 αὐτοῦ
1346 2241 1438 2334 καὶὴ

204 2348 324 2436 σοφία.
368 2346 424 2414 καὶ
444 2347 486 2414 τά
506 2349 567 2431 μὲν
588 2353 767 2430 κτίσματοι,
790 2343 849 2435 κάν
871 2350 1011 2436 μηδέπω
1032 2343 1199 2435 11ὑπάρχῃ,
1223 2344 1282 2443 ὀὐκ
1304 2347 1440 2414 ἐλαττοῖ

208 2447 266 2515 τὸν
288 2448 447 2536 ποιητήν,
472 2449 537 2532 ἔχει
558 2448 619 2535 γὰρ
641 2446 681 2515 τὸ
703 2448 871 2516 δύνασθαι
894 2452 1102 2536 δημιουργεῖν
1126 2445 1181 2516 ὅτε
1202 2448 1374 2534 βούλεται,
1398 2449 1438 2515 τὸ

208 2552 246 2618 δὲ
267 2557 422 2637 γέννημα,
445 2549 518 2617 ἰέόιν
540 2549 584 2637 μὴ
607 2547 658 2619 ἀεὶ
682 2554 762 2638 συνῇ
784 2554 831 2638 τῶ
853 2558 973 2636 πατρί,
999 2550 1171 2634 ἐλάττωμα
1191 2555 1250 2636 τῆς
1271 2550 1439 2637 τελειότη-

208 2638 266 2732 τος
287 2656 345 2740 τῆς
367 2646 483 2731 οὐσίας
505 2649 606 2719 αὐτοῦ
629 2652 727 2719 ἔστιν.
760 2648 842 2719 ὅθεν
856 2651 899 2718 τὰ
920 2654 979 2736 μὲν
1002 2652 1174 2739 ποιήματα
1196 2649 1251 2720 ὅτε
1272 2649 1438 2740 ἠθέλησεν

210 2753 454 2841 έδημιουργὴόη
484 2751 541 2819 διὰ
570 2757 629 2819 τοῦ
658 2754 756 2840 λόγου
783 2749 926 2832 kainon,
962 2750 980 2819 ό
1009 2756 1045 2821 δὲ
1067 2753 1139 2833 υίὸς
1161 2752 1214 2822 ἀεί
1236 2754 1325 2821 ἔστιν
1350 2754 1438 2819 ἴδιον

209 2861 351 2944 γέννημα
363 2858 430 2942 τῆς
450 2858 509 2921 τοῦ
532 2856 660 2943 πατρὸς
682 2850 806 2934 οὐσίας.

294 2963 344 3025 30.
392 2961 506 3023 Ταῦτα
533 2957 610 3035 τοὺς
636 2956 696 3042 μὲν
725 2955 867 3035 πιστοὺς
888 2952 1073 3045 εὐφραίνει,
1096 2957 1173 3036 τοὺς
1195 2959 1232 3023 δὲ
1254 2957 1440 3042 αἱρετικοὺς

209 3058 308 3125 λυπεῖ
339 3060 526 3141 βλέποντας
555 3055 793 3145 ἀναιρουμένην
822 3054 929 3124 αὐτῶν
956 3059 1015 3144 τὴν
1038 3060 1175 3145 αἵρεσιν.
1220 3061 1273 3126 καὶ
1296 3058 1358 3145 γάρ
1381 3055 1440 3146 κᾷ-

208 3164 296 3243 κείνη
320 3157 422 3225 πάλιν
446 3154 554 3225 αὐτῶν
576 3157 595 3247 ἡ
619 3160 778 3246 ἐρώτησις
793 3159 827 3227 ἐν
841 3163 888 3246 τῷ
905 3161 1024 3246 λέγειν·
1048 3164 1081 3228 ἓν
1096 3159 1135 3226 τό
1151 3155 1307 3247 ἀγένητον
1321 3155 1344 3248 ἢ
1359 3159 1438 3241 δόο,Ι

210 3256 269 3326 οὐκ
292 3255 398 3345 ὀρθὴν
420 3256 528 3327 αὐτῶν
552 3262 695 3328 δείκνυσι
716 3261 774 3349 τὴν
797 3261 964 3341 διάνοιαν,
990 3256 1058 3327 ἀλλ’
1083 3258 1237 3328 όποπτον
1259 3260 1315 3327 καί
1338 3261 1440 3327 δόλου

208 3362 340 3449 μεστήν.
387 3358 423 3427 οὐ
455 3361 516 3447 γάρ
540 3360 697 3450 ἐπὶτιμῇ
720 3362 929 3449 τοῦπατρὸς
952 3359 1261 3449 οότωςίρωτῶσιν,
1286 3356 1356 3429 ἀλλ’
1381 3361 1441 3430 ἐπὶ

210 3458 327 3551 ἀτιμίᾳ
359 3467 418 3530 τοῦ
452 3463 559 3550 λόγου.
605 3457 645 3529 ἀν
677 3467 755 3549 γοῦν
781 3489 833 3542 τις
861 3461 988 3549 ἀγνοῶν
1015 3465 1074 3550 τὴν
1103 3470 1307 3548 πανουργίαν
1329 3458 1440 3530 αὐτῶν

211 3561 438 3653 ἀποκρίνηται,
463 3569 497 3632 ἓν
519 3565 557 3632 τό
581 3559 760 3653 ’ἀγένητοκ
785 3558 887 3644 εὐθὺς
909 3565 966 3632 τὸν
988 3566 1114 3634 ἑαυτῶν
1137 3566 1188 3632 ι’όν
1210 3565 1366 3649 ίξεμοῦσι
1387 3566 1441 3631 λέ-

578 3693 613 3746 ος
635 3671 701 3735 τῶν
722 3669 863 3754 γενητῶν
886 3666 966 3747 ἐστι,
989 3671 1042 3734 καὶ
1065 3670 1173 3746 καλῶς
1194 3666 1367 3755 εἰρήκαμεν
1383 3662 1441 3734 οὐκ

209 3758 248 3857 ἦν
277 3773 357 3856 πρὶν
384 3774 536 3858 γεννηθῇ.
582 3768 694 3836 πάντα
720 3769 781 3855 γάρ
803 3773 964 3856 ΙΙΙφυρῶσι
991 3768 1046 3835 καί
1067 3771 1224 3848 κυκῶσιν,
1258 3769 1315 3835 ἵνα
1335 3767 1441 3853 μόνον

280 3960 303 4016 Ῑλ
322 3960 390 4009 Rom.
413 3961 453 4021 ¹1,
473 3961 513 4010 34.
584 3961 610 4019 2)
629 3961 697 4009 Rom.
716 3959 740 4019 9,
760 3958 798 4007 20.

244 4110 265 4143 ο.
283 4095 382 4155 δομοις.
402 4096 499 4144 coma.
518 4103 541 4146 εί
553 4096 659 4144 Felekm.
672 4095 693 4144 l.
712 4085 799 4140 ι’ἳδιό·
883 4096 907 4145 d.
927 4093 1066 4144 hiems.
1084 4086 1209 4159 γεννητό.

209 4175 264 4221 της.
284 4163 373 4211 limium
389 4163 450 4212 Edili
468 4165 558 4214 addunt
575 4158 621 4210 καί
641 4161 687 4222 τῆς
705 4153 800 4214 οὐσίας
884 4179 898 4211 ε
925 4163 1074 4222 ὃίτὸιμοιπ.
1087 4169 1140 4222 nvn.
1152 4163 1249 4211 ίὶυΙιίεε.
1269 4171 1292 4211 οῖ
1303 4162 1410 4212 δείελον.
1423 4163 1441 4210 Ι.

208 4222 421 4296 γίννημάίστι,
453 4233 668 4294 ηυυεοίιειιοιείι
687 4231 799 4280 ommbus
849 4231 876 4279 Ιο
895 4231 949 4278 ali-s
968 4240 990 4279 ει
1009 4232 1079 4279 ulnis
1097 4225 1145 4277 καί
1161 4232 1236 4279 dorsu.
1273 4231 1441 4287 morsm.

210 4300 389 4361 manna-tipus.
849 4289 929 4357 ἢλιιὶ
946 4296 1008 4346 Νῶε
1032 4291 1048 4357 a}
1072 4291 1118 4348 ἰπὶ
1135 4294 1265 4351 Μωσέως.
1302 4300 1441 4346 numerian.

244 4369 267 4415 Ιι.
287 4368 342 4424 Rex.
362 4375 386 4415 ει
404 4366 507 4414 ΡνλοΙιηι.
519 4366 542 4414 5.
560 4360 679 4424 κληθείη.
849 4377 871 4415 ει
892 4367 995 4416 δείελον.
1011 4368 1031 4417 1.
1049 4362 1095 4415 καί
1113 4361 1158 4415 δαὶ
1176 4365 1237 4414 Νῶε
1262 4357 1277 4424 ἢ
1297 4357 1341 4412 ἰπὶ
1359 4365 1442 4411 Μωυ-

244 4449 264 4482 c.
282 4437 382 4494 Seguer.
400 4436 488 4484 οωὶιιίι
505 4423 555 4484 ἀεί.
592 4425 797 4495 ΜοιίιΙνοιαῧτη
848 4430 925 4487 σίας.
960 4432 1087 4485 Εδίιιιιαὶ
1106 4429 1151 4484 ἰπὶ
1168 4426 1295 4483 Νῶεέιιὶ
1312 4447 1340 4482 τε
1358 4433 1443 4481 Μωα-

209 4491 339 4566 ἢτίλμα.
374 4501 437 4552 Εέῖιῖ
453 4512 477 4553 ει
495 4504 535 4553 τίῆ
553 4492 622 4562 αὐτη
638 4495 734 4570 τόλμα.
791 4571 796 4580 Ι
848 4496 922 4557 σίας.
