<?xml version="1.0" encoding="UTF-8"?>
<!DOCTYPE html PUBLIC "-//W3C//DTD XHTML 1.0 Transitional//EN"
    "http://www.w3.org/TR/xhtml1/DTD/xhtml1-transitional.dtd">
<html xmlns="http://www.w3.org/1999/xhtml" xml:lang="en" lang="en">
 <head>
  <title>
</title>
<meta http-equiv="Content-Type" content="text/html;charset=utf-8" />
  <meta name='ocr-system' content='tesseract 3.04.00' />
  <meta name='ocr-capabilities' content='ocr_page ocr_carea ocr_par ocr_line ocrx_word'/>
</head>
<body>
  <div class='ocr_page' id='page_1' title='image "./sanctiathanasii02athagoog_0193.png"; bbox 0 0 2934 5078; ppageno 0'>
   <div class='ocr_carea' id='block_1_1' title="bbox 170 203 1007 267">
    <p class='ocr_par' dir='ltr' id='par_1_1' title="bbox 170 203 1007 267">
     <span class='ocr_line' id='line_1_1' title="bbox 170 203 1007 267; baseline -0.01 -2"><span class='ocrx_word' id='word_1_1' title='bbox 170 203 230 267; x_wconf 74' lang='lat' dir='ltr'><em>13ss</em></span> <span class='ocrx_word' id='word_1_2' title='bbox 567 213 594 257; x_wconf 80' lang='grc' dir='ltr'><em>ε.</em></span> <span class='ocrx_word' id='word_1_3' title='bbox 608 207 763 256; x_wconf 71' lang='lat' dir='ltr'><em>mmm</em></span> <span class='ocrx_word' id='word_1_4' title='bbox 777 212 1007 257; x_wconf 74' lang='grc' dir='ltr'><em>εαευιεειετονι</em></span> 
     </span>
    </p>
   </div>
   <div class='ocr_carea' id='block_1_2' title="bbox 81 354 1428 3696">
    <p class='ocr_par' dir='ltr' id='par_1_2' title="bbox 81 354 1428 758">
     <span class='ocr_line' id='line_1_2' title="bbox 81 354 1428 454; baseline 0.001 -26"><span class='ocrx_word' id='word_1_5' title='bbox 81 362 187 454; x_wconf 56' lang='lat' dir='ltr'><em>mv}</em></span> <span class='ocrx_word' id='word_1_6' title='bbox 220 363 388 449; x_wconf 78' lang='grc' dir='ltr'><em>ἄμπελος,</em></span> <span class='ocrx_word' id='word_1_7' title='bbox 427 365 482 428; x_wconf 83' lang='grc' dir='ltr'><em>καὶ</em></span> <span class='ocrx_word' id='word_1_8' title='bbox 515 354 664 438; x_wconf 66' lang='grc' dir='ltr'><em>ἀλλοςι</em></span> <span class='ocrx_word' id='word_1_9' title='bbox 647 383 665 425; x_wconf 95' lang='grc' dir='ltr'><em>ο</em></span> <span class='ocrx_word' id='word_1_10' title='bbox 696 358 846 445; x_wconf 87' lang='grc' dir='ltr'><em>γεωργός.</em></span> <span class='ocrx_word' id='word_1_11' title='bbox 897 355 962 426; x_wconf 83' lang='grc' dir='ltr'><em>ὅσα</em></span> <span class='ocrx_word' id='word_1_12' title='bbox 992 360 1055 447; x_wconf 85' lang='grc' dir='ltr'><em>γὰρ</em></span> <span class='ocrx_word' id='word_1_13' title='bbox 1088 356 1134 439; x_wconf 78' lang='grc' dir='ltr'><em>ὥς</em></span> <span class='ocrx_word' id='word_1_14' title='bbox 1166 354 1393 442; x_wconf 80' lang='grc' dir='ltr'><em>ἀποξεναύντα</em></span> <span class='ocrx_word' id='word_1_15' title='bbox 1420 357 1428 364; x_wconf 73' lang='grc'><strong>’</strong></span> 
     </span>
     <span class='ocr_line' id='line_1_3' title="bbox 166 460 1394 587; baseline 0 -54"><span class='ocrx_word' id='word_1_16' title='bbox 166 466 224 533; x_wconf 88' lang='grc' dir='ltr'><em>τδν</em></span> <span class='ocrx_word' id='word_1_17' title='bbox 247 461 360 534; x_wconf 75' lang='grc' dir='ltr'><em>υίὸν’</em></span> <span class='ocrx_word' id='word_1_18' title='bbox 342 464 411 532; x_wconf 89' lang='grc' dir='ltr'><em>απὸ</em></span> <span class='ocrx_word' id='word_1_19' title='bbox 432 466 492 530; x_wconf 80' lang='grc' dir='ltr'><em>τοῦ</em></span> <span class='ocrx_word' id='word_1_20' title='bbox 515 461 642 548; x_wconf 85' lang='grc' dir='ltr'><em>πατρὸς</em></span> <span class='ocrx_word' id='word_1_21' title='bbox 664 463 792 547; x_wconf 81' lang='grc' dir='ltr'><em>λέγεται</em></span> <span class='ocrx_word' id='word_1_22' title='bbox 813 460 905 548; x_wconf 85' lang='grc' dir='ltr'><em>ῥητά,</em></span> <span class='ocrx_word' id='word_1_23' title='bbox 928 464 1033 529; x_wconf 81' lang='grc' dir='ltr'><em>ταῦτα</em></span> <span class='ocrx_word' id='word_1_24' title='bbox 1054 461 1167 528; x_wconf 85' lang='grc' dir='ltr'><em>διὰ</em></span> <span class='ocrx_word' id='word_1_25' title='bbox 1133 487 1192 548; x_wconf 85' lang='grc' dir='ltr'><em>την</em></span> <span class='ocrx_word' id='word_1_26' title='bbox 1214 462 1331 586; x_wconf 82' lang='grc' dir='ltr'><em>σάρκα,</em></span> <span class='ocrx_word' id='word_1_27' title='bbox 1351 462 1394 587; x_wconf 68' lang='grc' dir='ltr'><em>ἢν</em></span> 
     </span>
     <span class='ocr_line' id='line_1_4' title="bbox 168 557 1393 684; baseline -0.002 -49"><span class='ocrx_word' id='word_1_28' title='bbox 168 563 256 636; x_wconf 44' lang='grc' dir='ltr'><em>δι’(</em></span> <span class='ocrx_word' id='word_1_29' title='bbox 237 571 325 654; x_wconf 89' lang='grc' dir='ltr'><em>ημᾶς</em></span> <span class='ocrx_word' id='word_1_30' title='bbox 347 565 496 655; x_wconf 73' lang='grc' dir='ltr'><em>δφόρεσε,</em></span> <span class='ocrx_word' id='word_1_31' title='bbox 520 564 648 648; x_wconf 80' lang='grc' dir='ltr'><em>λέγεται</em></span> <span class='ocrx_word' id='word_1_32' title='bbox 669 561 748 648; x_wconf 86' lang='grc' dir='ltr'><em>περὶ</em></span> <span class='ocrx_word' id='word_1_33' title='bbox 770 557 881 628; x_wconf 78' lang='grc' dir='ltr'><em>αὐτοῦ.</em></span> <span class='ocrx_word' id='word_1_34' title='bbox 925 561 1056 643; x_wconf 81' lang='grc' dir='ltr'><em>ξένα</em></span> <span class='ocrx_word' id='word_1_35' title='bbox 1022 587 1083 684; x_wconf 82' lang='grc' dir='ltr'><em>γαρ</em></span> <span class='ocrx_word' id='word_1_36' title='bbox 1105 564 1148 630; x_wconf 88' lang='grc' dir='ltr'><em>τὰ</em></span> <span class='ocrx_word' id='word_1_37' title='bbox 1168 564 1289 652; x_wconf 84' lang='grc' dir='ltr'><em>γενητὰ</em></span> <span class='ocrx_word' id='word_1_38' title='bbox 1309 564 1393 633; x_wconf 80' lang='grc' dir='ltr'><em>κατὰ</em></span> 
     </span>
     <span class='ocr_line' id='line_1_5' title="bbox 168 663 1396 786; baseline -0.004 -50"><span class='ocrx_word' id='word_1_39' title='bbox 168 669 269 758; x_wconf 86' lang='grc' dir='ltr'><em>φύσιν</em></span> <span class='ocrx_word' id='word_1_40' title='bbox 292 668 361 736; x_wconf 78' lang='grc' dir='ltr'><em>ἐστὶ</em></span> <span class='ocrx_word' id='word_1_41' title='bbox 383 670 442 733; x_wconf 81' lang='grc' dir='ltr'><em>τοῦ</em></span> <span class='ocrx_word' id='word_1_42' title='bbox 463 668 558 733; x_wconf 83' lang='grc' dir='ltr'><em>θεοῦ.</em></span> <span class='ocrx_word' id='word_1_43' title='bbox 604 663 661 731; x_wconf 86' lang='grc' dir='ltr'><em>διὰ</em></span> <span class='ocrx_word' id='word_1_44' title='bbox 681 667 779 756; x_wconf 81' lang='grc' dir='ltr'><em>τούτο</em></span> <span class='ocrx_word' id='word_1_45' title='bbox 801 667 888 786; x_wconf 80' lang='grc' dir='ltr'><em>γοῦν</em></span> <span class='ocrx_word' id='word_1_46' title='bbox 901 664 1016 751; x_wconf 76' lang='grc' dir='ltr'><em>ἐπειδὴ</em></span> <span class='ocrx_word' id='word_1_47' title='bbox 1038 690 1099 784; x_wconf 87' lang='grc' dir='ltr'><em>της</em></span> <span class='ocrx_word' id='word_1_48' title='bbox 1119 664 1240 751; x_wconf 82' lang='grc' dir='ltr'><em>σαρκὸς</em></span> <span class='ocrx_word' id='word_1_49' title='bbox 1260 670 1396 755; x_wconf 81' lang='grc' dir='ltr'><em>γενητῆς</em></span> 
     </span>
    </p>

    <p class='ocr_par' dir='ltr' id='par_1_3' title="bbox 81 761 1403 2174">
     <span class='ocr_line' id='line_1_6' title="bbox 81 761 1396 859; baseline 0.003 -26"><span class='ocrx_word' id='word_1_50' title='bbox 81 768 268 859; x_wconf 73' lang='grc' dir='ltr'><em>ευστυύσης</em></span> <span class='ocrx_word' id='word_1_51' title='bbox 289 775 428 857; x_wconf 87' lang='grc' dir='ltr'><em>γέγονεν,</em></span> <span class='ocrx_word' id='word_1_52' title='bbox 452 764 498 847; x_wconf 77' lang='grc' dir='ltr'><em>υλς</em></span> <span class='ocrx_word' id='word_1_53' title='bbox 521 762 538 832; x_wconf 79' lang='grc' dir='ltr'><em>ὃ</em></span> <span class='ocrx_word' id='word_1_54' title='bbox 557 761 705 853; x_wconf 81' lang='grc' dir='ltr'><em>Ἰωάννης</em></span> <span class='ocrx_word' id='word_1_55' title='bbox 728 763 846 854; x_wconf 84' lang='grc' dir='ltr'><em>φησίν,</em></span> <span class='ocrx_word' id='word_1_56' title='bbox 871 790 889 833; x_wconf 94' lang='grc' dir='ltr'><em>ο</em></span> <span class='ocrx_word' id='word_1_57' title='bbox 877 761 1008 852; x_wconf 63' lang='grc' dir='ltr'><em>“λύνος</em></span> <span class='ocrx_word' id='word_1_58' title='bbox 1030 765 1093 852; x_wconf 88' lang='grc' dir='ltr'><em>σάρ</em></span> <span class='ocrx_word' id='word_1_59' title='bbox 1095 767 1157 847; x_wconf 70' lang='grc' dir='ltr'><em>ξ’),</em></span> <span class='ocrx_word' id='word_1_60' title='bbox 1181 763 1292 835; x_wconf 82' lang='grc' dir='ltr'><em>καίτοι</em></span> <span class='ocrx_word' id='word_1_61' title='bbox 1313 768 1396 837; x_wconf 82' lang='grc' dir='ltr'><em>κατὰ</em></span> 
     </span>
     <span class='ocr_line' id='line_1_7' title="bbox 168 862 1396 963; baseline 0 -23"><span class='ocrx_word' id='word_1_62' title='bbox 168 873 269 963; x_wconf 91' lang='grc' dir='ltr'><em>φύσιν</em></span> <span class='ocrx_word' id='word_1_63' title='bbox 291 873 380 951; x_wconf 85' lang='grc' dir='ltr'><em>ἰ’διος</em></span> <span class='ocrx_word' id='word_1_64' title='bbox 400 872 455 938; x_wconf 78' lang='grc' dir='ltr'><em>καὶ</em></span> <span class='ocrx_word' id='word_1_65' title='bbox 477 864 666 955; x_wconf 87' lang='grc' dir='ltr'><em>ἀδιαίρετος</em></span> <span class='ocrx_word' id='word_1_66' title='bbox 688 862 734 935; x_wconf 79' lang='grc' dir='ltr'><em>ὢν</em></span> <span class='ocrx_word' id='word_1_67' title='bbox 755 870 813 934; x_wconf 83' lang='grc' dir='ltr'><em>τού</em></span> <span class='ocrx_word' id='word_1_68' title='bbox 836 866 973 954; x_wconf 88' lang='grc' dir='ltr'><em>πατρός,</em></span> <span class='ocrx_word' id='word_1_69' title='bbox 997 863 1088 952; x_wconf 77' lang='grc' dir='ltr'><em>ὅμως</em></span> <span class='ocrx_word' id='word_1_70' title='bbox 1110 862 1157 934; x_wconf 79' lang='grc' dir='ltr'><em>δι’</em></span> <span class='ocrx_word' id='word_1_71' title='bbox 1182 863 1284 958; x_wconf 76' lang='grc' dir='ltr'><em>αύτὴν</em></span> <span class='ocrx_word' id='word_1_72' title='bbox 1306 871 1396 956; x_wconf 86' lang='grc' dir='ltr'><em>λίνε-</em></span> 
     </span>
     <span class='ocr_line' id='line_1_8' title="bbox 166 963 1396 1060; baseline -0.002 -18"><span class='ocrx_word' id='word_1_73' title='bbox 166 999 224 1042; x_wconf 91' lang='grc' dir='ltr'><em>ται</em></span> <span class='ocrx_word' id='word_1_74' title='bbox 245 976 299 1042; x_wconf 82' lang='grc' dir='ltr'><em>καὶ</em></span> <span class='ocrx_word' id='word_1_75' title='bbox 322 969 340 1039; x_wconf 86' lang='grc' dir='ltr'><em>δ</em></span> <span class='ocrx_word' id='word_1_76' title='bbox 362 971 472 1060; x_wconf 79' lang='grc' dir='ltr'><em>πατὴρ</em></span> <span class='ocrx_word' id='word_1_77' title='bbox 493 969 620 1057; x_wconf 84' lang='grc' dir='ltr'><em>μακρὰν</em></span> <span class='ocrx_word' id='word_1_78' title='bbox 644 964 701 1037; x_wconf 85' lang='grc' dir='ltr'><em>ἀπ’</em></span> <span class='ocrx_word' id='word_1_79' title='bbox 726 963 836 1036; x_wconf 84' lang='grc' dir='ltr'><em>αύτού.</em></span> <span class='ocrx_word' id='word_1_80' title='bbox 874 968 916 1036; x_wconf 88' lang='grc' dir='ltr'><em>τὰ</em></span> <span class='ocrx_word' id='word_1_81' title='bbox 936 967 998 1055; x_wconf 86' lang='grc' dir='ltr'><em>γὰρ</em></span> <span class='ocrx_word' id='word_1_82' title='bbox 1020 973 1079 1055; x_wconf 81' lang='grc' dir='ltr'><em>τῆς</em></span> <span class='ocrx_word' id='word_1_83' title='bbox 1100 968 1221 1056; x_wconf 84' lang='grc' dir='ltr'><em>σαρκὸς</em></span> <span class='ocrx_word' id='word_1_84' title='bbox 1242 971 1317 1038; x_wconf 79' lang='grc' dir='ltr'><em>ἰ’δια</em></span> <span class='ocrx_word' id='word_1_85' title='bbox 1337 967 1396 1040; x_wconf 87' lang='grc' dir='ltr'><em>αύ-</em></span> 
     </span>
     <span class='ocr_line' id='line_1_9' title="bbox 166 1065 1392 1162; baseline -0.002 -20"><span class='ocrx_word' id='word_1_86' title='bbox 166 1075 226 1156; x_wconf 88' lang='grc' dir='ltr'><em>τδς</em></span> <span class='ocrx_word' id='word_1_87' title='bbox 247 1072 395 1162; x_wconf 85' lang='grc' dir='ltr'><em>ἀνέχεται</em></span> <span class='ocrx_word' id='word_1_88' title='bbox 416 1075 512 1159; x_wconf 74' lang='grc' dir='ltr'><em>’περὶ</em></span> <span class='ocrx_word' id='word_1_89' title='bbox 535 1067 636 1140; x_wconf 74' lang='grc' dir='ltr'><em>αὐτοῦ</em></span> <span class='ocrx_word' id='word_1_90' title='bbox 659 1065 827 1157; x_wconf 83' lang='grc' dir='ltr'><em>λέγεσθαί,</em></span> <span class='ocrx_word' id='word_1_91' title='bbox 851 1071 907 1137; x_wconf 77' lang='grc' dir='ltr'><em>ἵνα</em></span> <span class='ocrx_word' id='word_1_92' title='bbox 929 1073 1047 1160; x_wconf 84' lang='grc' dir='ltr'><em>δειχθῇ</em></span> <span class='ocrx_word' id='word_1_93' title='bbox 1063 1067 1117 1138; x_wconf 78' lang='grc' dir='ltr'><em>ὅτι</em></span> <span class='ocrx_word' id='word_1_94' title='bbox 1132 1065 1190 1138; x_wconf 86' lang='grc' dir='ltr'><em>οάκ</em></span> <span class='ocrx_word' id='word_1_95' title='bbox 1205 1068 1309 1140; x_wconf 84' lang='grc' dir='ltr'><em>ἀλλον</em></span> <span class='ocrx_word' id='word_1_96' title='bbox 1324 1068 1392 1140; x_wconf 85' lang='grc' dir='ltr'><em>ἀλλ’</em></span> 
     </span>
     <span class='ocr_line' id='line_1_10' title="bbox 168 1167 1400 1265; baseline -0.003 -20"><span class='ocrx_word' id='word_1_97' title='bbox 168 1173 268 1244; x_wconf 84' lang='grc' dir='ltr'><em>αύτού</em></span> <span class='ocrx_word' id='word_1_98' title='bbox 291 1167 330 1265; x_wconf 79' lang='grc' dir='ltr'><em>ἦν</em></span> <span class='ocrx_word' id='word_1_99' title='bbox 352 1176 439 1243; x_wconf 78' lang='grc' dir='ltr'><em>λ’διον</em></span> <span class='ocrx_word' id='word_1_100' title='bbox 462 1173 500 1259; x_wconf 82' lang='grc' dir='ltr'><em>τὸ</em></span> <span class='ocrx_word' id='word_1_101' title='bbox 523 1176 628 1258; x_wconf 85' lang='grc' dir='ltr'><em>σῶμα.</em></span> <span class='ocrx_word' id='word_1_102' title='bbox 673 1171 831 1260; x_wconf 79' lang='grc' dir='ltr'><em>τοιαύτης</em></span> <span class='ocrx_word' id='word_1_103' title='bbox 852 1174 889 1240; x_wconf 75' lang='grc' dir='ltr'><em>δὲ</em></span> <span class='ocrx_word' id='word_1_104' title='bbox 910 1175 969 1260; x_wconf 76' lang='grc' dir='ltr'><em>τῆς</em></span> <span class='ocrx_word' id='word_1_105' title='bbox 990 1173 1141 1252; x_wconf 77' lang='grc' dir='ltr'><em>διανοίας</em></span> <span class='ocrx_word' id='word_1_106' title='bbox 1162 1170 1274 1263; x_wconf 69' lang='grc' dir='ltr'><em>οὔσης,</em></span> <span class='ocrx_word' id='word_1_107' title='bbox 1298 1175 1400 1258; x_wconf 72' lang='grc' dir='ltr'><em>ταχύ·</em></span> 
     </span>
     <span class='ocr_line' id='line_1_11' title="bbox 166 1270 1395 1366; baseline -0.002 -20"><span class='ocrx_word' id='word_1_108' title='bbox 166 1302 261 1366; x_wconf 86' lang='grc' dir='ltr'><em>τερον</em></span> <span class='ocrx_word' id='word_1_109' title='bbox 284 1275 519 1365; x_wconf 77' lang='grc' dir='ltr'><em>ἐλεγχθήσεται</em></span> <span class='ocrx_word' id='word_1_110' title='bbox 538 1276 727 1362; x_wconf 79' lang='grc' dir='ltr'><em>Σαβίλλισς,</em></span> <span class='ocrx_word' id='word_1_111' title='bbox 752 1271 806 1341; x_wconf 83' lang='grc' dir='ltr'><em>ότι</em></span> <span class='ocrx_word' id='word_1_112' title='bbox 827 1275 872 1362; x_wconf 81' lang='grc' dir='ltr'><em>μη</em></span> <span class='ocrx_word' id='word_1_113' title='bbox 895 1274 984 1342; x_wconf 73' lang='grc' dir='ltr'><em>ἐστιν</em></span> <span class='ocrx_word' id='word_1_114' title='bbox 1007 1270 1025 1342; x_wconf 85' lang='grc' dir='ltr'><em>ό</em></span> <span class='ocrx_word' id='word_1_115' title='bbox 1048 1274 1158 1364; x_wconf 79' lang='grc' dir='ltr'><em>πατὴρ</em></span> <span class='ocrx_word' id='word_1_116' title='bbox 1181 1270 1200 1340; x_wconf 84' lang='grc' dir='ltr'><em>ὃ</em></span> <span class='ocrx_word' id='word_1_117' title='bbox 1221 1274 1395 1360; x_wconf 86' lang='grc' dir='ltr'><em>γενόμενος</em></span> 
     </span>
     <span class='ocr_line' id='line_1_12' title="bbox 167 1371 1396 1467; baseline -0.003 -18"><span class='ocrx_word' id='word_1_118' title='bbox 167 1379 259 1467; x_wconf 89' lang='grc' dir='ltr'><em>σάρξ,</em></span> <span class='ocrx_word' id='word_1_119' title='bbox 283 1373 352 1446; x_wconf 83' lang='grc' dir='ltr'><em>ἀλλ’</em></span> <span class='ocrx_word' id='word_1_120' title='bbox 378 1374 396 1445; x_wconf 88' lang='lat' dir='ltr'><em>o‘</em></span> <span class='ocrx_word' id='word_1_121' title='bbox 419 1378 562 1444; x_wconf 73' lang='grc' dir='ltr'><em>1’τούτου</em></span> <span class='ocrx_word' id='word_1_122' title='bbox 584 1375 689 1463; x_wconf 86' lang='grc' dir='ltr'><em>λόγος,</em></span> <span class='ocrx_word' id='word_1_123' title='bbox 713 1371 731 1442; x_wconf 84' lang='grc' dir='ltr'><strong><em>ὅ</em></strong></span> <span class='ocrx_word' id='word_1_124' title='bbox 754 1375 809 1444; x_wconf 82' lang='grc' dir='ltr'><em>καὶ</em></span> <span class='ocrx_word' id='word_1_125' title='bbox 831 1375 950 1464; x_wconf 84' lang='grc' dir='ltr'><em>ταύτην</em></span> <span class='ocrx_word' id='word_1_126' title='bbox 973 1377 1192 1464; x_wconf 80' lang='grc' dir='ltr'><em>λυτρούμενος</em></span> <span class='ocrx_word' id='word_1_127' title='bbox 1213 1375 1272 1444; x_wconf 83' lang='grc' dir='ltr'><em>καὶ</em></span> <span class='ocrx_word' id='word_1_128' title='bbox 1292 1402 1396 1466; x_wconf 83' lang='grc' dir='ltr'><em>προς·</em></span> 
     </span>
     <span class='ocr_line' id='line_1_13' title="bbox 167 1475 1395 1568; baseline 0.001 -21"><span class='ocrx_word' id='word_1_129' title='bbox 167 1481 255 1568; x_wconf 88' lang='grc' dir='ltr'><em>άγων</em></span> <span class='ocrx_word' id='word_1_130' title='bbox 288 1483 335 1568; x_wconf 76' lang='grc' dir='ltr'><em>τῷ</em></span> <span class='ocrx_word' id='word_1_131' title='bbox 358 1485 470 1565; x_wconf 89' lang='grc' dir='ltr'><em>πατρί.</em></span> <span class='ocrx_word' id='word_1_132' title='bbox 516 1475 602 1546; x_wconf 82' lang='grc' dir='ltr'><em>ούτω</em></span> <span class='ocrx_word' id='word_1_133' title='bbox 626 1480 662 1546; x_wconf 85' lang='grc' dir='ltr'><em>δὲ</em></span> <span class='ocrx_word' id='word_1_134' title='bbox 684 1479 854 1565; x_wconf 76' lang='grc' dir='ltr'><em>διελέγξας</em></span> <span class='ocrx_word' id='word_1_135' title='bbox 874 1481 929 1545; x_wconf 83' lang='grc' dir='ltr'><em>καλ</em></span> <span class='ocrx_word' id='word_1_136' title='bbox 951 1485 1073 1558; x_wconf 80' lang='grc' dir='ltr'><em>πείσας</em></span> <span class='ocrx_word' id='word_1_137' title='bbox 1094 1478 1215 1547; x_wconf 90' lang='grc' dir='ltr'><em>λοιπὸν</em></span> <span class='ocrx_word' id='word_1_138' title='bbox 1238 1477 1297 1546; x_wconf 79' lang='grc' dir='ltr'><em>καί</em></span> <span class='ocrx_word' id='word_1_139' title='bbox 1316 1479 1395 1567; x_wconf 80' lang='grc' dir='ltr'><em>περὶ</em></span> 
     </span>
     <span class='ocr_line' id='line_1_14' title="bbox 165 1577 1393 1671; baseline 0.002 -24"><span class='ocrx_word' id='word_1_140' title='bbox 165 1586 224 1671; x_wconf 78' lang='grc' dir='ltr'><em>τῆς</em></span> <span class='ocrx_word' id='word_1_141' title='bbox 245 1584 304 1647; x_wconf 86' lang='grc' dir='ltr'><em>τού</em></span> <span class='ocrx_word' id='word_1_142' title='bbox 328 1580 426 1669; x_wconf 90' lang='grc' dir='ltr'><em>λόγου</em></span> <span class='ocrx_word' id='word_1_143' title='bbox 447 1579 609 1668; x_wconf 86' lang='grc' dir='ltr'><em>θεότητος</em></span> <span class='ocrx_word' id='word_1_144' title='bbox 627 1579 840 1668; x_wconf 78' lang='grc' dir='ltr'><em>ἑτοιμότερον</em></span> <span class='ocrx_word' id='word_1_145' title='bbox 857 1579 993 1660; x_wconf 76' lang='grc' dir='ltr'><em>διδάξει,</em></span> <span class='ocrx_word' id='word_1_146' title='bbox 1010 1577 1064 1646; x_wconf 83' lang='grc' dir='ltr'><em>ότι</em></span> <span class='ocrx_word' id='word_1_147' title='bbox 1079 1578 1194 1666; x_wconf 65' lang='grc' dir='ltr'><em>“λύγος</em></span> <span class='ocrx_word' id='word_1_148' title='bbox 1207 1579 1264 1648; x_wconf 80' lang='grc' dir='ltr'><em>καὶ</em></span> <span class='ocrx_word' id='word_1_149' title='bbox 1279 1588 1393 1669; x_wconf 80' lang='grc' dir='ltr'><em>σοφία,</em></span> 
     </span>
     <span class='ocr_line' id='line_1_15' title="bbox 165 1677 1403 1770; baseline -0.001 -19"><span class='ocrx_word' id='word_1_150' title='bbox 165 1683 238 1762; x_wconf 78' lang='grc' dir='ltr'><em>υίὸς</em></span> <span class='ocrx_word' id='word_1_151' title='bbox 258 1686 312 1749; x_wconf 80' lang='grc' dir='ltr'><em>καὶ</em></span> <span class='ocrx_word' id='word_1_152' title='bbox 336 1682 482 1768; x_wconf 90' lang='grc' dir='ltr'><em>δύναμις,</em></span> <span class='ocrx_word' id='word_1_153' title='bbox 506 1677 710 1768; x_wconf 80' lang='grc' dir='ltr'><em>ἀπαύγασμα</em></span> <span class='ocrx_word' id='word_1_154' title='bbox 730 1684 785 1748; x_wconf 80' lang='grc' dir='ltr'><em>καὶ</em></span> <span class='ocrx_word' id='word_1_155' title='bbox 806 1681 981 1768; x_wconf 76' lang='grc' dir='ltr'><em>χαρακτήρ.</em></span> <span class='ocrx_word' id='word_1_156' title='bbox 1025 1677 1146 1770; x_wconf 78' lang='grc' dir='ltr'><em>ἀνάγκη</em></span> <span class='ocrx_word' id='word_1_157' title='bbox 1168 1681 1231 1770; x_wconf 85' lang='grc' dir='ltr'><em>γὰρ</em></span> <span class='ocrx_word' id='word_1_158' title='bbox 1253 1687 1307 1749; x_wconf 88' lang='grc' dir='ltr'><em>καί</em></span> <span class='ocrx_word' id='word_1_159' title='bbox 1324 1682 1403 1750; x_wconf 45' lang='grc' dir='ltr'><em>*ἐν*</em></span> 
     </span>
     <span class='ocr_line' id='line_1_16' title="bbox 165 1779 1395 1871; baseline -0.002 -19"><span class='ocrx_word' id='word_1_160' title='bbox 165 1787 278 1853; x_wconf 87' lang='grc' dir='ltr'><em>ταύθα</em></span> <span class='ocrx_word' id='word_1_161' title='bbox 300 1783 404 1851; x_wconf 86' lang='grc' dir='ltr'><em>πάλιν</em></span> <span class='ocrx_word' id='word_1_162' title='bbox 425 1794 523 1862; x_wconf 82' lang='grc' dir='ltr'><em>νοεῖν,</em></span> <span class='ocrx_word' id='word_1_163' title='bbox 548 1779 600 1848; x_wconf 79' lang='grc' dir='ltr'><em>ὅτι</em></span> <span class='ocrx_word' id='word_1_164' title='bbox 621 1786 679 1849; x_wconf 83' lang='grc' dir='ltr'><em>τού</em></span> <span class='ocrx_word' id='word_1_165' title='bbox 703 1782 801 1868; x_wconf 87' lang='grc' dir='ltr'><em>λόγου</em></span> <span class='ocrx_word' id='word_1_166' title='bbox 824 1781 920 1863; x_wconf 82' lang='grc' dir='ltr'><em>ὄντος</em></span> <span class='ocrx_word' id='word_1_167' title='bbox 942 1779 1027 1851; x_wconf 76' lang='grc' dir='ltr'><em>εἶναι</em></span> <span class='ocrx_word' id='word_1_168' title='bbox 1049 1785 1102 1851; x_wconf 84' lang='grc' dir='ltr'><em>δεῖ</em></span> <span class='ocrx_word' id='word_1_169' title='bbox 1122 1788 1177 1852; x_wconf 72' lang='grc' dir='ltr'><em>καί</em></span> <span class='ocrx_word' id='word_1_170' title='bbox 1192 1783 1250 1850; x_wconf 91' lang='grc' dir='ltr'><em>τὸν</em></span> <span class='ocrx_word' id='word_1_171' title='bbox 1265 1790 1395 1871; x_wconf 81' lang='grc' dir='ltr'><em>πατέρα</em></span> 
     </span>
     <span class='ocr_line' id='line_1_17' title="bbox 164 1879 1394 1972; baseline 0 -20"><span class='ocrx_word' id='word_1_172' title='bbox 164 1889 224 1952; x_wconf 84' lang='grc' dir='ltr'><em>τοῦ</em></span> <span class='ocrx_word' id='word_1_173' title='bbox 258 1885 371 1971; x_wconf 88' lang='grc' dir='ltr'><em>λόγου,</em></span> <span class='ocrx_word' id='word_1_174' title='bbox 405 1884 461 1952; x_wconf 87' lang='grc' dir='ltr'><em>καὶ</em></span> <span class='ocrx_word' id='word_1_175' title='bbox 493 1891 616 1972; x_wconf 78' lang='grc' dir='ltr'><em>σοφίας</em></span> <span class='ocrx_word' id='word_1_176' title='bbox 645 1881 744 1971; x_wconf 84' lang='grc' dir='ltr'><em>ούσης</em></span> <span class='ocrx_word' id='word_1_177' title='bbox 773 1879 858 1952; x_wconf 83' lang='grc' dir='ltr'><em>εἶναι</em></span> <span class='ocrx_word' id='word_1_178' title='bbox 886 1888 939 1951; x_wconf 81' lang='grc' dir='ltr'><em>καί</em></span> <span class='ocrx_word' id='word_1_179' title='bbox 968 1883 1025 1950; x_wconf 85' lang='grc' dir='ltr'><em>τόν</em></span> <span class='ocrx_word' id='word_1_180' title='bbox 1047 1885 1167 1971; x_wconf 77' lang='grc' dir='ltr'><em>ταύτης</em></span> <span class='ocrx_word' id='word_1_181' title='bbox 1194 1892 1307 1971; x_wconf 79' lang='grc' dir='ltr'><em>γονέα,</em></span> <span class='ocrx_word' id='word_1_182' title='bbox 1341 1888 1394 1952; x_wconf 82' lang='grc' dir='ltr'><em>καί</em></span> 
     </span>
     <span class='ocr_line' id='line_1_18' title="bbox 166 1981 1393 2075; baseline -0.002 -21"><span class='ocrx_word' id='word_1_183' title='bbox 166 1981 427 2073; x_wconf 87' lang='grc' dir='ltr'><em>ἀπαυγάσματος</em></span> <span class='ocrx_word' id='word_1_184' title='bbox 455 1983 549 2064; x_wconf 79' lang='grc' dir='ltr'><em>ὄντος</em></span> <span class='ocrx_word' id='word_1_185' title='bbox 578 1981 661 2052; x_wconf 74' lang='grc' dir='ltr'><em>εἶναι</em></span> <span class='ocrx_word' id='word_1_186' title='bbox 688 1989 741 2052; x_wconf 79' lang='grc' dir='ltr'><em>καί</em></span> <span class='ocrx_word' id='word_1_187' title='bbox 765 1985 803 2051; x_wconf 87' lang='grc' dir='ltr'><em>τὸ</em></span> <span class='ocrx_word' id='word_1_188' title='bbox 826 1991 908 2075; x_wconf 80' lang='grc' dir='ltr'><em>φῶς,</em></span> <span class='ocrx_word' id='word_1_189' title='bbox 932 1990 985 2054; x_wconf 77' lang='grc' dir='ltr'><em>καὶ</em></span> <span class='ocrx_word' id='word_1_190' title='bbox 1009 1984 1114 2066; x_wconf 71' lang='grc' dir='ltr'><em>οὕτως</em></span> <span class='ocrx_word' id='word_1_191' title='bbox 1136 1983 1221 2055; x_wconf 79' lang='grc' dir='ltr'><em>εἶναι</em></span> <span class='ocrx_word' id='word_1_192' title='bbox 1243 1986 1301 2053; x_wconf 90' lang='grc' dir='ltr'><em>τὸν</em></span> <span class='ocrx_word' id='word_1_193' title='bbox 1323 1988 1393 2053; x_wconf 76' lang='grc' dir='ltr'><em>υἱὸν</em></span> 
     </span>
     <span class='ocr_line' id='line_1_19' title="bbox 167 2088 517 2174; baseline -0.006 -19"><span class='ocrx_word' id='word_1_194' title='bbox 167 2092 221 2156; x_wconf 81' lang='grc' dir='ltr'><em>καὶ</em></span> <span class='ocrx_word' id='word_1_195' title='bbox 243 2088 301 2155; x_wconf 88' lang='grc' dir='ltr'><em>τὸν</em></span> <span class='ocrx_word' id='word_1_196' title='bbox 324 2094 453 2174; x_wconf 81' lang='grc' dir='ltr'><em>πατέρα</em></span> <span class='ocrx_word' id='word_1_197' title='bbox 475 2088 517 2154; x_wconf 73' lang='grc' dir='ltr'><em>ἕν.</em></span> 
     </span>
    </p>

    <p class='ocr_par' dir='ltr' id='par_1_4' title="bbox 165 2188 1395 2683">
     <span class='ocr_line' id='line_1_20' title="bbox 251 2188 1395 2277; baseline -0.001 -20"><span class='ocrx_word' id='word_1_198' title='bbox 251 2196 302 2257; x_wconf 82' lang='lat'><em>27.</em></span> <span class='ocrx_word' id='word_1_199' title='bbox 350 2193 464 2256; x_wconf 82' lang='grc' dir='ltr'><em>Ταῦτα</em></span> <span class='ocrx_word' id='word_1_200' title='bbox 485 2188 664 2267; x_wconf 90' lang='grc' dir='ltr'><em>Διονύσιος</em></span> <span class='ocrx_word' id='word_1_201' title='bbox 686 2189 782 2268; x_wconf 76' lang='grc' dir='ltr'><em>εἰδὼς</em></span> <span class='ocrx_word' id='word_1_202' title='bbox 803 2190 953 2277; x_wconf 65' lang='grc' dir='ltr'><em>οἔγραψε,</em></span> <span class='ocrx_word' id='word_1_203' title='bbox 977 2191 1087 2257; x_wconf 75' lang='grc' dir='ltr'><em>καὶέν</em></span> <span class='ocrx_word' id='word_1_204' title='bbox 1104 2191 1240 2269; x_wconf 71' lang='grc' dir='ltr'><em>ἐκείνοις</em></span> <span class='ocrx_word' id='word_1_205' title='bbox 1254 2192 1315 2274; x_wconf 77' lang='grc' dir='ltr'><em>μὲν</em></span> <span class='ocrx_word' id='word_1_206' title='bbox 1330 2196 1395 2256; x_wconf 81' lang='grc' dir='ltr'><em>Σα-</em></span> 
     </span>
     <span class='ocr_line' id='line_1_21' title="bbox 165 2286 1393 2414; baseline 0.002 -57"><span class='ocrx_word' id='word_1_207' title='bbox 165 2292 297 2377; x_wconf 79' lang='grc' dir='ltr'><em>βέλλιον</em></span> <span class='ocrx_word' id='word_1_208' title='bbox 320 2289 536 2414; x_wconf 78' lang='grc' dir='ltr'><em>ἒφίμωσεν,’</em></span> <span class='ocrx_word' id='word_1_209' title='bbox 521 2317 555 2357; x_wconf 90' lang='grc' dir='ltr'><em>εν</em></span> <span class='ocrx_word' id='word_1_210' title='bbox 577 2289 709 2369; x_wconf 76' lang='grc' dir='ltr'><em>τούτοις</em></span> <span class='ocrx_word' id='word_1_211' title='bbox 730 2290 814 2358; x_wconf 81' lang='grc' dir='ltr'><em>δέ</em></span> <span class='ocrx_word' id='word_1_212' title='bbox 780 2317 839 2377; x_wconf 90' lang='grc' dir='ltr'><em>την</em></span> <span class='ocrx_word' id='word_1_213' title='bbox 850 2286 1070 2413; x_wconf 52' lang='grc' dir='ltr'><em>Ἀρειανην(</em></span> <span class='ocrx_word' id='word_1_214' title='bbox 1039 2292 1168 2378; x_wconf 88' lang='grc' dir='ltr'><em>αιρεσιν</em></span> <span class='ocrx_word' id='word_1_215' title='bbox 1182 2299 1393 2379; x_wconf 79' lang='grc' dir='ltr'><em>κατέστρεψε.</em></span> 
     </span>
     <span class='ocr_line' id='line_1_22' title="bbox 166 2388 1395 2515; baseline 0.001 -56"><span class='ocrx_word' id='word_1_216' title='bbox 166 2396 221 2459; x_wconf 84' lang='grc' dir='ltr'><em>καὶ</em></span> <span class='ocrx_word' id='word_1_217' title='bbox 249 2392 311 2479; x_wconf 89' lang='grc' dir='ltr'><em>γάρ</em></span> <span class='ocrx_word' id='word_1_218' title='bbox 334 2388 444 2478; x_wconf 78' lang='grc' dir='ltr'><em>ὥςπερ</em></span> <span class='ocrx_word' id='word_1_219' title='bbox 467 2389 645 2515; x_wconf 80' lang='grc' dir='ltr'><em>ἀνατρέπει</em></span> <span class='ocrx_word' id='word_1_220' title='bbox 666 2392 904 2477; x_wconf 81' lang='grc' dir='ltr'><em>Σαβίλλιον</em></span> <span class='ocrx_word' id='word_1_221' title='bbox 868 2419 910 2460; x_wconf 92' lang='grc' dir='ltr'><em>τα</em></span> <span class='ocrx_word' id='word_1_222' title='bbox 933 2388 1134 2478; x_wconf 88' lang='grc' dir='ltr'><em>ἀνθρώπινα</em></span> <span class='ocrx_word' id='word_1_223' title='bbox 1155 2397 1214 2460; x_wconf 84' lang='grc' dir='ltr'><em>τοῦ</em></span> <span class='ocrx_word' id='word_1_224' title='bbox 1237 2397 1395 2482; x_wconf 83' lang='grc' dir='ltr'><em>σωτῆρος,</em></span> 
     </span>
     <span class='ocr_line' id='line_1_23' title="bbox 169 2487 1393 2581; baseline 0.002 -21"><span class='ocrx_word' id='word_1_225' title='bbox 169 2490 257 2561; x_wconf 80' lang='grc' dir='ltr'><em>ούτω</em></span> <span class='ocrx_word' id='word_1_226' title='bbox 278 2497 332 2563; x_wconf 83' lang='grc' dir='ltr'><em>καλ</em></span> <span class='ocrx_word' id='word_1_227' title='bbox 355 2492 441 2579; x_wconf 85' lang='grc' dir='ltr'><em>πρὸς</em></span> <span class='ocrx_word' id='word_1_228' title='bbox 461 2493 539 2573; x_wconf 81' lang='grc' dir='ltr'><em>τοὺς</em></span> <span class='ocrx_word' id='word_1_229' title='bbox 558 2487 809 2578; x_wconf 80' lang='grc' dir='ltr'><em>Ἀρειομανίτας</em></span> <span class='ocrx_word' id='word_1_230' title='bbox 831 2489 889 2560; x_wconf 85' lang='grc' dir='ltr'><em>οδκ</em></span> <span class='ocrx_word' id='word_1_231' title='bbox 905 2488 975 2561; x_wconf 89' lang='grc' dir='ltr'><em>ἀπὸ</em></span> <span class='ocrx_word' id='word_1_232' title='bbox 988 2497 1055 2561; x_wconf 83' lang='grc' dir='ltr'><em>τῶν</em></span> <span class='ocrx_word' id='word_1_233' title='bbox 1072 2489 1308 2581; x_wconf 74' lang='grc' dir='ltr'><em>ἀνθρωπίνων,</em></span> <span class='ocrx_word' id='word_1_234' title='bbox 1324 2490 1393 2564; x_wconf 83' lang='grc' dir='ltr'><em>ἀλλ’</em></span> 
     </span>
     <span class='ocr_line' id='line_1_24' title="bbox 169 2590 1395 2683; baseline 0.001 -20"><span class='ocrx_word' id='word_1_235' title='bbox 169 2590 238 2663; x_wconf 89' lang='grc' dir='ltr'><em>ἀπὸ</em></span> <span class='ocrx_word' id='word_1_236' title='bbox 260 2600 326 2663; x_wconf 82' lang='grc' dir='ltr'><em>τῶν</em></span> <span class='ocrx_word' id='word_1_237' title='bbox 349 2595 576 2683; x_wconf 86' lang='grc' dir='ltr'><em>σημαινόντων</em></span> <span class='ocrx_word' id='word_1_238' title='bbox 597 2593 656 2680; x_wconf 84' lang='grc' dir='ltr'><em>τὴν</em></span> <span class='ocrx_word' id='word_1_239' title='bbox 678 2593 825 2681; x_wconf 76' lang='grc' dir='ltr'><em>θεότητα</em></span> <span class='ocrx_word' id='word_1_240' title='bbox 846 2599 905 2661; x_wconf 85' lang='grc' dir='ltr'><em>τοῦ</em></span> <span class='ocrx_word' id='word_1_241' title='bbox 928 2594 1025 2680; x_wconf 87' lang='grc' dir='ltr'><em>λόγου</em></span> <span class='ocrx_word' id='word_1_242' title='bbox 1048 2601 1231 2662; x_wconf 80' lang='grc' dir='ltr'><em>ποιεῖσθαι</em></span> <span class='ocrx_word' id='word_1_243' title='bbox 1243 2622 1304 2683; x_wconf 85' lang='grc' dir='ltr'><em>χρη</em></span> <span class='ocrx_word' id='word_1_244' title='bbox 1319 2596 1395 2676; x_wconf 82' lang='grc' dir='ltr'><em>τοὺς</em></span> 
     </span>
    </p>

    <p class='ocr_par' dir='ltr' id='par_1_5' title="bbox 110 2687 1402 3696">
     <span class='ocr_line' id='line_1_25' title="bbox 110 2687 1397 2783; baseline 0.001 -19"><span class='ocrx_word' id='word_1_245' title='bbox 110 2733 113 2740; x_wconf 95' lang='grc'><em>·</em></span> <span class='ocrx_word' id='word_1_246' title='bbox 168 2692 235 2764; x_wconf 83' lang='grc' dir='ltr'><em>κατ’</em></span> <span class='ocrx_word' id='word_1_247' title='bbox 261 2693 368 2768; x_wconf 78' lang='grc' dir='ltr'><em>αὐτων</em></span> <span class='ocrx_word' id='word_1_248' title='bbox 392 2697 553 2782; x_wconf 73' lang='grc' dir='ltr'><em>ἐλέγχους,</em></span> <span class='ocrx_word' id='word_1_249' title='bbox 577 2697 633 2763; x_wconf 77' lang='grc' dir='ltr'><em>ἵνα</em></span> <span class='ocrx_word' id='word_1_250' title='bbox 653 2721 698 2783; x_wconf 86' lang='grc' dir='ltr'><em>μη</em></span> <span class='ocrx_word' id='word_1_251' title='bbox 721 2700 774 2763; x_wconf 84' lang='grc' dir='ltr'><em>καὶ</em></span> <span class='ocrx_word' id='word_1_252' title='bbox 798 2687 891 2763; x_wconf 81' lang='grc' dir='ltr'><em>οὗτοι</em></span> <span class='ocrx_word' id='word_1_253' title='bbox 912 2696 954 2764; x_wconf 86' lang='grc' dir='ltr'><em>τά</em></span> <span class='ocrx_word' id='word_1_254' title='bbox 978 2696 1034 2764; x_wconf 85' lang='grc' dir='ltr'><em>διὰ</em></span> <span class='ocrx_word' id='word_1_255' title='bbox 1055 2697 1094 2762; x_wconf 88' lang='grc' dir='ltr'><em>τὸ</em></span> <span class='ocrx_word' id='word_1_256' title='bbox 1118 2700 1215 2781; x_wconf 83' lang='grc' dir='ltr'><em>σῶμα</em></span> <span class='ocrx_word' id='word_1_257' title='bbox 1237 2699 1397 2780; x_wconf 76' lang='grc' dir='ltr'><em>λεχθέντα</em></span> 
     </span>
     <span class='ocr_line' id='line_1_26' title="bbox 167 2794 1398 2886; baseline 0.001 -20"><span class='ocrx_word' id='word_1_258' title='bbox 167 2803 245 2886; x_wconf 82' lang='grc' dir='ltr'><em>περὶ</em></span> <span class='ocrx_word' id='word_1_259' title='bbox 268 2803 326 2865; x_wconf 84' lang='grc' dir='ltr'><em>τοῦ</em></span> <span class='ocrx_word' id='word_1_260' title='bbox 348 2806 460 2886; x_wconf 87' lang='grc' dir='ltr'><em>κυρίου</em></span> <span class='ocrx_word' id='word_1_261' title='bbox 483 2798 681 2886; x_wconf 73' lang='grc' dir='ltr'><em>παρεξηγυύν</em></span> <span class='ocrx_word' id='word_1_262' title='bbox 682 2822 763 2866; x_wconf 88' lang='grc' dir='ltr'><em>ιενοι</em></span> <span class='ocrx_word' id='word_1_263' title='bbox 785 2807 949 2885; x_wconf 89' lang='grc' dir='ltr'><em>νομίσωσι</em></span> <span class='ocrx_word' id='word_1_264' title='bbox 970 2802 1123 2866; x_wconf 85' lang='grc' dir='ltr'><em>τοιοῦτον</em></span> <span class='ocrx_word' id='word_1_265' title='bbox 1146 2794 1232 2866; x_wconf 81' lang='grc' dir='ltr'><em>εἶναι</em></span> <span class='ocrx_word' id='word_1_266' title='bbox 1253 2800 1312 2866; x_wconf 88' lang='grc' dir='ltr'><em>τὸν</em></span> <span class='ocrx_word' id='word_1_267' title='bbox 1340 2799 1398 2867; x_wconf 88' lang='grc' dir='ltr'><em>λό-</em></span> 
     </span>
     <span class='ocr_line' id='line_1_27' title="bbox 165 2897 1402 2989; baseline 0.001 -22"><span class='ocrx_word' id='word_1_268' title='bbox 165 2924 232 2987; x_wconf 92' lang='grc' dir='ltr'><em>γον,</em></span> <span class='ocrx_word' id='word_1_269' title='bbox 257 2897 324 2967; x_wconf 76' lang='grc' dir='ltr'><em>οἷοί</em></span> <span class='ocrx_word' id='word_1_270' title='bbox 346 2901 443 2985; x_wconf 79' lang='grc' dir='ltr'><em>ἐσμεν</em></span> <span class='ocrx_word' id='word_1_271' title='bbox 464 2897 560 2989; x_wconf 81' lang='grc' dir='ltr'><em>ἡμεῖς</em></span> <span class='ocrx_word' id='word_1_272' title='bbox 582 2901 614 2966; x_wconf 80' lang='grc' dir='ltr'><em>οἱ</em></span> <span class='ocrx_word' id='word_1_273' title='bbox 637 2898 826 2987; x_wconf 84' lang='grc' dir='ltr'><em>ἀνθρωποι,</em></span> <span class='ocrx_word' id='word_1_274' title='bbox 849 2904 902 2967; x_wconf 80' lang='grc' dir='ltr'><em>καὶ</em></span> <span class='ocrx_word' id='word_1_275' title='bbox 926 2900 1046 2967; x_wconf 89' lang='grc' dir='ltr'><em>λοιπὸν</em></span> <span class='ocrx_word' id='word_1_276' title='bbox 1059 2900 1402 2989; x_wconf 75' lang='grc' dir='ltr'><em>έπιμείνωσιτῇέαυ·</em></span> 
     </span>
     <span class='ocr_line' id='line_1_28' title="bbox 167 2991 1401 3089; baseline 0.002 -22"><span class='ocrx_word' id='word_1_277' title='bbox 167 3005 233 3068; x_wconf 83' lang='grc' dir='ltr'><em>τῶν</em></span> <span class='ocrx_word' id='word_1_278' title='bbox 254 3008 365 3089; x_wconf 79' lang='grc' dir='ltr'><em>μανίᾳ.</em></span> <span class='ocrx_word' id='word_1_279' title='bbox 398 2996 438 3069; x_wconf 87' lang='grc' dir='ltr'><em>ἀν</em></span> <span class='ocrx_word' id='word_1_280' title='bbox 461 3004 496 3069; x_wconf 80' lang='grc' dir='ltr'><em>δὲ</em></span> <span class='ocrx_word' id='word_1_281' title='bbox 519 3003 726 3084; x_wconf 84' lang='grc' dir='ltr'><em>διδαχθῶσιν</em></span> <span class='ocrx_word' id='word_1_282' title='bbox 747 2999 801 3069; x_wconf 81' lang='grc' dir='ltr'><em>καὶ</em></span> <span class='ocrx_word' id='word_1_283' title='bbox 824 2991 917 3068; x_wconf 79' lang='grc' dir='ltr'><em>οὗτοι</em></span> <span class='ocrx_word' id='word_1_284' title='bbox 939 3005 1017 3089; x_wconf 81' lang='grc' dir='ltr'><em>περὶ</em></span> <span class='ocrx_word' id='word_1_285' title='bbox 1029 3005 1087 3089; x_wconf 83' lang='grc' dir='ltr'><em>τῆς</em></span> <span class='ocrx_word' id='word_1_286' title='bbox 1098 3002 1270 3088; x_wconf 85' lang='grc' dir='ltr'><em>θεότητος,</em></span> <span class='ocrx_word' id='word_1_287' title='bbox 1294 3026 1401 3069; x_wconf 82' lang='grc' dir='ltr'><em>κατα--</em></span> 
     </span>
     <span class='ocr_line' id='line_1_29' title="bbox 167 3099 1393 3196; baseline 0.002 -28"><span class='ocrx_word' id='word_1_288' title='bbox 167 3101 351 3188; x_wconf 85' lang='grc' dir='ltr'><em>γνώσονται</em></span> <span class='ocrx_word' id='word_1_289' title='bbox 382 3105 443 3187; x_wconf 81' lang='grc' dir='ltr'><em>μέν</em></span> <span class='ocrx_word' id='word_1_290' title='bbox 464 3103 669 3191; x_wconf 73' lang='grc' dir='ltr'><em>υῆςέαυτῶν</em></span> <span class='ocrx_word' id='word_1_291' title='bbox 690 3112 878 3196; x_wconf 90' lang='grc' dir='ltr'><em>κακονοίας,</em></span> <span class='ocrx_word' id='word_1_292' title='bbox 914 3099 1132 3189; x_wconf 86' lang='grc' dir='ltr'><em>εύκολώτερον</em></span> <span class='ocrx_word' id='word_1_293' title='bbox 1156 3104 1192 3170; x_wconf 80' lang='grc' dir='ltr'><em>δὲ</em></span> <span class='ocrx_word' id='word_1_294' title='bbox 1213 3102 1393 3188; x_wconf 84' lang='grc' dir='ltr'><em>μαθόντες,</em></span> 
     </span>
     <span class='ocr_line' id='line_1_30' title="bbox 168 3194 1397 3290; baseline 0.002 -21"><span class='ocrx_word' id='word_1_295' title='bbox 168 3199 221 3270; x_wconf 83' lang='grc' dir='ltr'><em>ὅτι</em></span> <span class='ocrx_word' id='word_1_296' title='bbox 250 3198 267 3268; x_wconf 83' lang='grc' dir='ltr'>ὁ</span> <span class='ocrx_word' id='word_1_297' title='bbox 296 3203 393 3288; x_wconf 90' lang='grc' dir='ltr'><em>λύγος</em></span> <span class='ocrx_word' id='word_1_298' title='bbox 419 3203 503 3289; x_wconf 84' lang='grc' dir='ltr'><em>σὰρξ</em></span> <span class='ocrx_word' id='word_1_299' title='bbox 524 3203 664 3289; x_wconf 78' lang='grc' dir='ltr'><em>ἐγένετο,</em></span> <span class='ocrx_word' id='word_1_300' title='bbox 694 3206 915 3290; x_wconf 66' lang='grc' dir='ltr'><em>’διακρινοῦσι</em></span> <span class='ocrx_word' id='word_1_301' title='bbox 937 3205 1058 3272; x_wconf 89' lang='grc' dir='ltr'><em>λοιπὸν</em></span> <span class='ocrx_word' id='word_1_302' title='bbox 1080 3210 1134 3271; x_wconf 84' lang='grc' dir='ltr'><em>καὶ</em></span> <span class='ocrx_word' id='word_1_303' title='bbox 1158 3194 1252 3271; x_wconf 77' lang='grc' dir='ltr'><em>οὗτοι</em></span> <span class='ocrx_word' id='word_1_304' title='bbox 1272 3206 1317 3272; x_wconf 91' lang='grc' dir='ltr'><em>τὰ</em></span> <span class='ocrx_word' id='word_1_305' title='bbox 1339 3200 1397 3272; x_wconf 87' lang='grc' dir='ltr'><em>άν-</em></span> 
     </span>
     <span class='ocr_line' id='line_1_31' title="bbox 166 3300 1396 3394; baseline 0.004 -25"><span class='ocrx_word' id='word_1_306' title='bbox 166 3302 329 3389; x_wconf 87' lang='grc' dir='ltr'><em>θρώπινα</em></span> <span class='ocrx_word' id='word_1_307' title='bbox 356 3307 410 3371; x_wconf 82' lang='grc' dir='ltr'><em>καὶ</em></span> <span class='ocrx_word' id='word_1_308' title='bbox 437 3304 480 3372; x_wconf 87' lang='grc' dir='ltr'><em>τὰ</em></span> <span class='ocrx_word' id='word_1_309' title='bbox 509 3309 548 3392; x_wconf 86' lang='grc' dir='ltr'><em>τῇ</em></span> <span class='ocrx_word' id='word_1_310' title='bbox 571 3305 709 3394; x_wconf 85' lang='grc' dir='ltr'><em>θεότητι</em></span> <span class='ocrx_word' id='word_1_311' title='bbox 731 3302 925 3392; x_wconf 77' lang='grc' dir='ltr'><em>ἁρμόζοντα.</em></span> <span class='ocrx_word' id='word_1_312' title='bbox 971 3300 1152 3373; x_wconf 76' lang='grc' dir='ltr'><em>τούτωνδ’</em></span> <span class='ocrx_word' id='word_1_313' title='bbox 1178 3303 1284 3385; x_wconf 73' lang='grc' dir='ltr'><em>οὕτως</em></span> <span class='ocrx_word' id='word_1_314' title='bbox 1305 3306 1396 3390; x_wconf 70' lang='grc' dir='ltr'><em>ἐχόν-</em></span> 
     </span>
     <span class='ocr_line' id='line_1_32' title="bbox 166 3397 1396 3497; baseline 0.004 -26"><span class='ocrx_word' id='word_1_315' title='bbox 166 3430 242 3485; x_wconf 90' lang='grc' dir='ltr'><em>των,</em></span> <span class='ocrx_word' id='word_1_316' title='bbox 266 3408 320 3472; x_wconf 82' lang='grc' dir='ltr'><em>καλ</em></span> <span class='ocrx_word' id='word_1_317' title='bbox 342 3412 523 3474; x_wconf 84' lang='grc' dir='ltr'><em>Διονυσίου</em></span> <span class='ocrx_word' id='word_1_318' title='bbox 545 3411 604 3473; x_wconf 84' lang='grc' dir='ltr'><em>τοῦ</em></span> <span class='ocrx_word' id='word_1_319' title='bbox 628 3407 814 3474; x_wconf 75' lang='grc' dir='ltr'><em>ἐπισκόπου</em></span> <span class='ocrx_word' id='word_1_320' title='bbox 838 3408 1085 3497; x_wconf 59' lang='grc' dir='ltr'><em>δειχθέντορέξ</em></span> <span class='ocrx_word' id='word_1_321' title='bbox 1105 3397 1150 3473; x_wconf 84' lang='grc' dir='ltr'><em>ὦν</em></span> <span class='ocrx_word' id='word_1_322' title='bbox 1174 3407 1320 3494; x_wconf 81' lang='grc' dir='ltr'><em>ἐ’γραψεν</em></span> <span class='ocrx_word' id='word_1_323' title='bbox 1343 3404 1396 3476; x_wconf 89' lang='grc' dir='ltr'><em>εύ-</em></span> 
     </span>
     <span class='ocr_line' id='line_1_33' title="bbox 167 3505 1395 3595; baseline 0.002 -21"><span class='ocrx_word' id='word_1_324' title='bbox 167 3511 300 3593; x_wconf 84' lang='grc' dir='ltr'><em>σεβοῦς,</em></span> <span class='ocrx_word' id='word_1_325' title='bbox 329 3514 363 3572; x_wconf 88' lang='grc' dir='ltr'><em>τί</em></span> <span class='ocrx_word' id='word_1_326' title='bbox 389 3507 570 3594; x_wconf 78' lang='grc' dir='ltr'><em>ποιήσουσι</em></span> <span class='ocrx_word' id='word_1_327' title='bbox 598 3509 718 3575; x_wconf 87' lang='grc' dir='ltr'><em>λοιπὸν</em></span> <span class='ocrx_word' id='word_1_328' title='bbox 741 3510 775 3576; x_wconf 80' lang='grc' dir='ltr'><em>σί</em></span> <span class='ocrx_word' id='word_1_329' title='bbox 793 3505 1060 3595; x_wconf 65' lang='grc' dir='ltr'><em>Ἀρειομανῖταις</em></span> <span class='ocrx_word' id='word_1_330' title='bbox 1093 3516 1183 3587; x_wconf 90' lang='grc' dir='ltr'><em>τίνος</em></span> <span class='ocrx_word' id='word_1_331' title='bbox 1205 3507 1270 3595; x_wconf 87' lang='grc' dir='ltr'><em>ἀρα</em></span> <span class='ocrx_word' id='word_1_332' title='bbox 1292 3509 1395 3578; x_wconf 88' lang='grc' dir='ltr'><em>πάλιν</em></span> 
     </span>
     <span class='ocr_line' id='line_1_34' title="bbox 168 3603 1401 3696; baseline 0.002 -19"><span class='ocrx_word' id='word_1_333' title='bbox 168 3609 375 3696; x_wconf 75' lang='grc' dir='ltr'><em>ἐλεγχθέντες</em></span> <span class='ocrx_word' id='word_1_334' title='bbox 402 3603 471 3674; x_wconf 82' lang='grc' dir='ltr'><em>ἀπὸ</em></span> <span class='ocrx_word' id='word_1_335' title='bbox 500 3609 626 3676; x_wconf 85' lang='grc' dir='ltr'><em>τούτων</em></span> <span class='ocrx_word' id='word_1_336' title='bbox 654 3609 939 3696; x_wconf 70' lang='grc' dir='ltr'><em>καταψεύσονταις</em></span> <span class='ocrx_word' id='word_1_337' title='bbox 973 3604 1093 3696; x_wconf 80' lang='grc' dir='ltr'><em>ἀνάγκη</em></span> <span class='ocrx_word' id='word_1_338' title='bbox 1115 3610 1177 3695; x_wconf 88' lang='grc' dir='ltr'><em>γὰρ</em></span> <span class='ocrx_word' id='word_1_339' title='bbox 1200 3606 1322 3690; x_wconf 85' lang='grc' dir='ltr'><em>αύτούς</em></span> <span class='ocrx_word' id='word_1_340' title='bbox 1344 3611 1401 3679; x_wconf 58' lang='lat' dir='ltr'><em>kua-</em></span> 
     </span>
    </p>
   </div>
   <div class='ocr_carea' id='block_1_3' title="bbox 164 3704 1396 4002">
    <p class='ocr_par' dir='ltr' id='par_1_6' title="bbox 164 3704 1396 4002">
     <span class='ocr_line' id='line_1_35' title="bbox 167 3704 1395 3798; baseline 0 -21"><span class='ocrx_word' id='word_1_341' title='bbox 167 3710 333 3789; x_wconf 87' lang='grc' dir='ltr'><em>πεσύντας</em></span> <span class='ocrx_word' id='word_1_342' title='bbox 355 3704 424 3778; x_wconf 88' lang='grc' dir='ltr'><em>ἀπὸ</em></span> <span class='ocrx_word' id='word_1_343' title='bbox 446 3714 505 3776; x_wconf 84' lang='grc' dir='ltr'><em>τοῦ</em></span> <span class='ocrx_word' id='word_1_344' title='bbox 527 3713 687 3794; x_wconf 88' lang='grc' dir='ltr'><em>θεμελίου</em></span> <span class='ocrx_word' id='word_1_345' title='bbox 697 3715 764 3778; x_wconf 84' lang='grc' dir='ltr'><em>τῶν</em></span> <span class='ocrx_word' id='word_1_346' title='bbox 776 3705 974 3778; x_wconf 88' lang='grc' dir='ltr'><em>ἀποστόλων</em></span> <span class='ocrx_word' id='word_1_347' title='bbox 985 3715 1040 3778; x_wconf 82' lang='grc' dir='ltr'><em>καὶ</em></span> <span class='ocrx_word' id='word_1_348' title='bbox 1053 3706 1248 3798; x_wconf 84' lang='grc' dir='ltr'><em>εύσάλευτον</em></span> <span class='ocrx_word' id='word_1_349' title='bbox 1261 3711 1395 3794; x_wconf 72' lang='grc' dir='ltr'><em>ἔχοντας</em></span> 
     </span>
     <span class='ocr_line' id='line_1_36' title="bbox 164 3809 1396 3901; baseline 0.002 -23"><span class='ocrx_word' id='word_1_350' title='bbox 164 3809 224 3900; x_wconf 79' lang='grc' dir='ltr'><em>τὴν</em></span> <span class='ocrx_word' id='word_1_351' title='bbox 252 3811 402 3879; x_wconf 89' lang='grc' dir='ltr'><em>διάνοιαν</em></span> <span class='ocrx_word' id='word_1_352' title='bbox 431 3812 537 3900; x_wconf 77' lang='grc' dir='ltr'><em>ζητεῖν</em></span> <span class='ocrx_word' id='word_1_353' title='bbox 567 3813 716 3898; x_wconf 69' lang='grc' dir='ltr'><em>ἔρεισμα,</em></span> <span class='ocrx_word' id='word_1_354' title='bbox 745 3816 799 3881; x_wconf 81' lang='grc' dir='ltr'><em>καὶ</em></span> <span class='ocrx_word' id='word_1_355' title='bbox 821 3813 865 3901; x_wconf 85' lang='grc' dir='ltr'><em>μὴ</em></span> <span class='ocrx_word' id='word_1_356' title='bbox 889 3809 1097 3900; x_wconf 77' lang='grc' dir='ltr'><em>εὑρίσκοντας</em></span> <span class='ocrx_word' id='word_1_357' title='bbox 1118 3812 1396 3898; x_wconf 83' lang='grc' dir='ltr'><em>καταψεύδεσθαι</em></span> 
     </span>
     <span class='ocr_line' id='line_1_37' title="bbox 165 3909 1396 4002; baseline 0.004 -23"><span class='ocrx_word' id='word_1_358' title='bbox 165 3913 286 3981; x_wconf 87' lang='grc' dir='ltr'><em>λοιπὸν</em></span> <span class='ocrx_word' id='word_1_359' title='bbox 308 3917 374 3981; x_wconf 85' lang='grc' dir='ltr'><em>τῶν</em></span> <span class='ocrx_word' id='word_1_360' title='bbox 396 3921 559 4001; x_wconf 79' lang='grc' dir='ltr'><em>πατέριον.</em></span> <span class='ocrx_word' id='word_1_361' title='bbox 599 3909 666 3981; x_wconf 81' lang='grc' dir='ltr'><em>ἀλλ’</em></span> <span class='ocrx_word' id='word_1_362' title='bbox 692 3912 800 3995; x_wconf 82' lang='grc' dir='ltr'><em>οὐδεὶς</em></span> <span class='ocrx_word' id='word_1_363' title='bbox 822 3910 936 3995; x_wconf 86' lang='grc' dir='ltr'><em>αύτοῖς</em></span> <span class='ocrx_word' id='word_1_364' title='bbox 959 3915 1009 3983; x_wconf 78' lang='grc' dir='ltr'><em>ἐ’τι</em></span> <span class='ocrx_word' id='word_1_365' title='bbox 1029 3915 1211 3995; x_wconf 86' lang='grc' dir='ltr'><em>πιστεύσει,</em></span> <span class='ocrx_word' id='word_1_366' title='bbox 1235 3909 1297 4002; x_wconf 71' lang='grc' dir='ltr'><em>κᾷν</em></span> <span class='ocrx_word' id='word_1_367' title='bbox 1318 3915 1396 4002; x_wconf 68' lang='grc' dir='ltr'><em>βιά·</em></span> 
     </span>
    </p>
   </div>
   <div class='ocr_carea' id='block_1_4' title="bbox 140 4104 448 4199">
    <p class='ocr_par' dir='ltr' id='par_1_7' title="bbox 140 4104 448 4199">
     <span class='ocr_line' id='line_1_38' title="bbox 140 4104 448 4199; baseline 0.013 -48"><span class='ocrx_word' id='word_1_368' title='bbox 140 4143 142 4146; x_wconf 66' lang='grc'>,</span> <span class='ocrx_word' id='word_1_369' title='bbox 235 4104 258 4163; x_wconf 85' lang='grc'><em>1)</em></span> <span class='ocrx_word' id='word_1_370' title='bbox 277 4104 343 4153; x_wconf 81' lang='grc' dir='ltr'><em>Ιυτυ</em></span> <span class='ocrx_word' id='word_1_371' title='bbox 365 4104 388 4164; x_wconf 94' lang='lat' dir='ltr'><em>l,</em></span> <span class='ocrx_word' id='word_1_372' title='bbox 409 4105 448 4199; x_wconf 85' lang='grc'><em>14</em></span> 
     </span>
    </p>
   </div>
   <div class='ocr_carea' id='block_1_5' title="bbox 165 4232 1401 4511">
    <p class='ocr_par' dir='ltr' id='par_1_8' title="bbox 165 4232 1401 4441">
     <span class='ocr_line' id='line_1_39' title="bbox 167 4232 1394 4357; baseline 0.002 -67"><span class='ocrx_word' id='word_1_373' title='bbox 167 4239 395 4290; x_wconf 73' lang='lat' dir='ltr'>c01b.1es.Fr.1.</span> <span class='ocrx_word' id='word_1_374' title='bbox 419 4233 464 4287; x_wconf 84' lang='grc' dir='ltr'><em>καλ</em></span> <span class='ocrx_word' id='word_1_375' title='bbox 482 4232 573 4308; x_wconf 65' lang='grc' dir='ltr'><em>ἕτερον</em></span> <span class='ocrx_word' id='word_1_376' title='bbox 591 4233 605 4287; x_wconf 82' lang='grc' dir='ltr'><strong>ὁ</strong></span> <span class='ocrx_word' id='word_1_377' title='bbox 623 4233 752 4357; x_wconf 68' lang='grc' dir='ltr'><em>γεωηγύς.</em></span> <span class='ocrx_word' id='word_1_378' title='bbox 839 4242 944 4291; x_wconf 33' lang='lat' dir='ltr'><strong>bMTaur</strong></span> <span class='ocrx_word' id='word_1_379' title='bbox 953 4242 999 4291; x_wconf 76' lang='grc' dir='ltr'><em>Ιετ</em></span> <span class='ocrx_word' id='word_1_380' title='bbox 1008 4235 1105 4288; x_wconf 85' lang='grc' dir='ltr'><em>τουτου</em></span> <span class='ocrx_word' id='word_1_381' title='bbox 1115 4254 1163 4288; x_wconf 85' lang='grc' dir='ltr'><em>του</em></span> <span class='ocrx_word' id='word_1_382' title='bbox 1152 4233 1257 4305; x_wconf 84' lang='grc' dir='ltr'><em>λογον</em></span> <span class='ocrx_word' id='word_1_383' title='bbox 1268 4241 1394 4292; x_wconf 71' lang='lat' dir='ltr'>mendose</span> 
     </span>
     <span class='ocr_line' id='line_1_40' title="bbox 165 4306 1401 4360; baseline 0.004 -6"><span class='ocrx_word' id='word_1_384' title='bbox 165 4306 210 4355; x_wconf 78' lang='lat' dir='ltr'>Alii</span> <span class='ocrx_word' id='word_1_385' title='bbox 239 4308 413 4358; x_wconf 74' lang='lat' dir='ltr'>utediti.1n</span> <span class='ocrx_word' id='word_1_386' title='bbox 440 4309 525 4357; x_wconf 83' lang='lat' dir='ltr'>iisdem</span> <span class='ocrx_word' id='word_1_387' title='bbox 551 4321 660 4360; x_wconf 77' lang='grc' dir='ltr'><em>ωοτωσ</em></span> <span class='ocrx_word' id='word_1_388' title='bbox 694 4316 745 4357; x_wconf 71' lang='lat' dir='ltr'><em>cest</em></span> <span class='ocrx_word' id='word_1_389' title='bbox 840 4326 860 4358; x_wconf 85' lang='grc' dir='ltr'><em>υ.</em></span> <span class='ocrx_word' id='word_1_390' title='bbox 879 4311 919 4358; x_wconf 82' lang='lat' dir='ltr'><em>Sic</em></span> <span class='ocrx_word' id='word_1_391' title='bbox 943 4310 1039 4359; x_wconf 71' lang='grc' dir='ltr'><em>Τεισία.</em></span> <span class='ocrx_word' id='word_1_392' title='bbox 1067 4310 1134 4359; x_wconf 81' lang='lat' dir='ltr'>Colb.</span> <span class='ocrx_word' id='word_1_393' title='bbox 1162 4310 1205 4358; x_wconf 81' lang='lat' dir='ltr'>les.</span> <span class='ocrx_word' id='word_1_394' title='bbox 1241 4311 1271 4359; x_wconf 75' lang='lat' dir='ltr'><em>At</em></span> <span class='ocrx_word' id='word_1_395' title='bbox 1291 4311 1347 4360; x_wconf 74' lang='lat' dir='ltr'><em>Re.</em></span> <span class='ocrx_word' id='word_1_396' title='bbox 1372 4316 1401 4359; x_wconf 73' lang='grc' dir='ltr'><em>τι</em></span> 
     </span>
     <span class='ocr_line' id='line_1_41' title="bbox 167 4324 1396 4452; baseline 0.006 -31"><span class='ocrx_word' id='word_1_397' title='bbox 167 4372 242 4422; x_wconf 78' lang='lat' dir='ltr'><strong>Iidem</strong></span> <span class='ocrx_word' id='word_1_398' title='bbox 260 4370 365 4439; x_wconf 81' lang='grc' dir='ltr'><em>λέγεται</em></span> <span class='ocrx_word' id='word_1_399' title='bbox 383 4367 502 4439; x_wconf 72' lang='grc' dir='ltr'><em>ῥύματα.</em></span> <span class='ocrx_word' id='word_1_400' title='bbox 806 4369 894 4426; x_wconf 73' lang='grc' dir='ltr'><em>εδίιί“</em></span> <span class='ocrx_word' id='word_1_401' title='bbox 882 4391 896 4423; x_wconf 90' lang='grc' dir='ltr'><em>ο</em></span> <span class='ocrx_word' id='word_1_402' title='bbox 915 4368 995 4452; x_wconf 81' lang='grc' dir='ltr'><em>λόγος</em></span> <span class='ocrx_word' id='word_1_403' title='bbox 1012 4377 1091 4427; x_wconf 78' lang='lat' dir='ltr'>minus</span> <span class='ocrx_word' id='word_1_404' title='bbox 1110 4387 1183 4426; x_wconf 81' lang='grc' dir='ltr'><em>εεειε.</em></span> <span class='ocrx_word' id='word_1_405' title='bbox 1221 4324 1396 4428; x_wconf 67' lang='grc' dir='ltr'><em>Μοικαάιοισ</em></span> 
     </span>
    </p>

    <p class='ocr_par' dir='ltr' id='par_1_9' title="bbox 199 4434 1401 4511">
     <span class='ocr_line' id='line_1_42' title="bbox 199 4434 1401 4511; baseline 0.005 -22.214"><span class='ocrx_word' id='word_1_406' title='bbox 199 4441 337 4494; x_wconf 62' lang='grc' dir='ltr'><em>Πιστία.</em></span> <span class='ocrx_word' id='word_1_407' title='bbox 357 4443 426 4494; x_wconf 75' lang='grc' dir='ltr'><em>ΰαΙί).</em></span> <span class='ocrx_word' id='word_1_408' title='bbox 444 4443 511 4493; x_wconf 61' lang='lat' dir='ltr'><em>Ful</em></span> <span class='ocrx_word' id='word_1_409' title='bbox 532 4434 701 4509; x_wconf 80' lang='grc' dir='ltr'><em>ἀναδέχεται.</em></span> <span class='ocrx_word' id='word_1_410' title='bbox 800 4437 946 4511; x_wconf 73' lang='grc' dir='ltr'><em>χαρακτήρ</em></span> <span class='ocrx_word' id='word_1_411' title='bbox 965 4444 1401 4508; x_wconf 72' lang='lat' dir='ltr'>deestmnegTaurin.c01b.1es.</span> 
     </span>
    </p>
   </div>
   <div class='ocr_carea' id='block_1_6' title="bbox 0 0 1472 5078">
    <p class='ocr_par' dir='ltr' id='par_1_10' title="bbox 0 0 1472 5078">
     <span class='ocr_line' id='line_1_43' title="bbox 0 0 1472 5078; baseline 0 0"><span class='ocrx_word' id='word_1_412' title='bbox 0 0 1472 5078; x_wconf 95' lang='lat' dir='ltr'><em> </em></span> 
     </span>
    </p>
   </div>
  </div>
 </body>
</html>
