2948 5092
433 258 550 307 cossas
563 231 920 319 ιιοιιιιιιιιιιιιιιιιιι.
1228 260 1304 327 897,

67 410 101 471 id
126 420 173 472 est
193 410 320 471 animam
344 409 531 488 significarit,
561 411 597 471 de
625 429 684 489 qua
705 411 885 474 etdixerat:
913 415 996 479 Pons
1020 437 1163 500 compro
1187 427 1379 491 auidum.

67 517 154 582 ιιιιιι,
178 512 218 572 ito
240 520 274 572 ut
295 511 524 589 exspirationem
547 531 636 573 nemo
658 512 765 575 dixerit
777 513 900 577 Deitatis
916 520 1218 598 transmigrationem,
1241 528 1297 591 sed

35 611 188 675 ‘animae
222 612 399 705 discessum.
442 615 516 674 Nsm
548 615 574 674 si
601 633 656 693 per
685 616 977 694 transmigrationem
1005 621 1128 684 Deitatis
1156 642 1239 687 mors
1266 636 1298 691 et

69 714 209 793 corporis
237 715 393 775 exstinctio
416 716 608 794 contigisnt,
636 716 757 796 propria
778 727 876 780 morte
897 719 1025 782 obiisset
1046 731 1077 783 et
1097 742 1158 786 non
1180 735 1295 799 nostra,

66 815 109 876 Et
130 821 181 894 qul
203 815 309 877 amabo
331 834 392 876 uon
416 816 531 877 obtecta
555 817 667 885 lleitate
688 817 718 878 iu
741 818 889 880 infernum
912 820 1138 886 descendisset?
1169 825 1296 891 Ubinam

68 916 162 994 igitur
181 917 229 977 illa
252 917 359 989 anima,
382 936 470 995 quam
492 919 671 996 promiserat
690 918 837 981 Dominus
861 938 895 982 se
915 940 971 1001 pro
994 923 1100 986 ovibus
1122 926 1186 987 suis
1209 929 1294 1006 posi·

69 1026 182 1091 turum,
206 1021 242 1082 de
265 1038 321 1098 qua
343 1031 373 1081 et
393 1019 559 1098 Prophetae
581 1020 704 1098 prostati
727 1020 820 1082 sunt?
864 1021 989 1085 sivero
1012 1025 1127 1087 animae
1143 1026 1295 1091 discessus

66 1123 136 1194 tuit,
159 1122 226 1182 ideo
248 1121 359 1181 dictum
382 1130 427 1180 est
449 1139 515 1180 enm
534 1130 668 1182 nostram
683 1131 811 1183 mortem
827 1123 1006 1202 suscepisse,
1028 1126 1086 1186 boc
1100 1136 1147 1189 est
1160 1136 1296 1193 nostram

72 1222 302 1291 dissolutionem
325 1221 514 1293 sustinuisse,
539 1233 571 1283 ut
593 1230 623 1283 et
644 1230 779 1283 nostram
800 1225 942 1285 nascendi
963 1227 1120 1288 rationem.

160 1527 209 1589 19.
254 1523 366 1584 Vanum
388 1523 478 1600 igitur
501 1530 701 1601 estvestrum
723 1492 893 1602 sophisma,
915 1544 983 1586 nam
1005 1533 1055 1606 qul
1077 1547 1190 1606 quaeso
1212 1548 1297 1595 murs

70 1625 262 1698 advenisset,
291 1624 351 1684 nisi
379 1631 409 1683 et
436 1623 610 1684 interiorem
632 1630 664 1683 et
684 1624 863 1698 exteriorem
885 1626 1035 1688 bominem
1059 1629 1187 1691 Verbum
1209 1631 1239 1691 in
1261 1649 1296 1694 se

67 1725 288 1796 constituisset,
311 1724 341 1784 id
365 1731 413 1784 est
433 1742 541 1802 corpus
565 1733 595 1783 et
615 1722 769 1786 animam?
813 1723 871 1797 Qut
887 1743 942 1804 pro
960 1736 1022 1788 toto
1039 1730 1160 1790 bomine
1175 1730 1295 1793 redem-

69 1826 162 1889 tionis
184 1826 313 1906 pretium
336 1824 459 1899 dederit,
482 1833 533 1884 aut
554 1824 704 1902 quomodo
726 1825 831 1911 mortis
847 1825 1004 1906 imperium
1020 1828 1107 1910 plene
1122 1828 1297 1907 abrogatum

68 1929 170 2002 luerit,
193 1928 220 1988 si
242 1927 324 1999 illud,
347 1927 425 2004 quod
448 1945 501 2004 per
523 1925 744 2004 intelligentiam
766 1934 910 2004 peccarat,
934 1927 1062 1989 animam
1083 1947 1191 2008 nempe
1207 1928 1295 1993 cbri-

67 2039 136 2092 stus
158 2028 189 2088 in
212 2046 281 2088 sese
304 2026 524 2106 impeccabilem
547 2045 607 2086 non
630 2024 862 2088 constituisset?
904 2026 983 2106 Ergo
1006 2047 1089 2089 mors
1113 2030 1296 2093 etiamnunc

65 2131 99 2192 in
122 2128 266 2191 interiore
288 2129 409 2190 bomine
431 2129 617 2201 dominatur,
645 2126 676 2189 in
698 2145 828 2206 quonam
851 2127 931 2187 enim
953 2128 1011 2189 alio
1033 2148 1163 2208 unquam
1185 2147 1379 2210 regua-mss

65 2239 153 2294 verat
183 2230 243 2292 nisi
276 2232 306 2292 in
340 2230 453 2303 anima,
486 2249 561 2308 quae
589 2228 778 2307 intelligendo
807 2237 995 2308 peccaverat,
1030 2204 1202 2293 ufdictum
1231 2240 1293 2295 est:

66 2334 192 2406 Anima,
228 2351 302 2414 quac
326 2337 514 2412 peccauerit,
542 2336 610 2411 ipso
638 2333 806 2402 morietur,
837 2347 893 2409 pro
916 2348 973 2408 qua
995 2331 1147 2411 propriam
1169 2333 1298 2395 animam

66 2418 207 2497 Christus
236 2435 267 2495 in
294 2433 424 2512 pretium
451 2432 647 2493 redemtionis
674 2428 798 2511 posuit?
842 2430 1008 2503 Quemnam
1030 2441 1128 2493 autem
1150 2432 1186 2493 ab
1208 2431 1295 2495 initio

66 2535 277 2598 condemnavit
298 2535 386 2608 Dens,
411 2553 487 2613 opus
510 2533 624 2612 opilicis
647 2551 685 2594 sn
707 2531 854 2593 actionem
877 2531 1008 2611 opificii?
1052 2532 1085 2594 Si
1107 2552 1183 2612 opus
1207 2532 1295 2612 opifi-

67 2639 114 2700 cis
137 2636 351 2710 condemnavit,
374 2637 505 2714 seipsum
528 2633 733 2695 condemnavit
748 2633 828 2694 Deus
850 2632 964 2717 eritque
986 2633 1157 2695 bominibus
1180 2633 1296 2697 similis.

69 2739 161 2813 Quod
185 2739 210 2799 si
233 2738 358 2816 impium
381 2737 498 2797 sithoc
520 2737 557 2796 de
579 2736 641 2796 lleo
664 2736 805 2813 cogitare,
829 2735 906 2796 etsi
930 2733 995 2813 ipse
1017 2735 1163 2795 actionem
1187 2733 1298 2814 opificii

68 2840 230 2910 damnavit,
253 2840 350 2900 aulert
371 2839 460 2916 igitur
483 2838 631 2899 actionem
655 2846 685 2898 et
706 2837 828 2897 innovat
849 2834 1017 2915 opificium
1039 2854 1107 2896 nam
1130 2835 1194 2897 eius
1217 2852 1296 2914 opus

68 2960 174 3006 sumus
197 2941 288 3002 creati
311 2941 348 3001 ad
369 2940 445 3000 bene
469 2939 662 3019 operandum.

155 3147 207 3207 20.
252 3141 310 3203 Sed
333 3160 452 3203 rursum
474 3141 589 3201 dicitis:
613 3139 695 3213 „Nos
716 3139 809 3199 Deum
833 3137 958 3197 dicimus
981 3155 1059 3210 eum,
1083 3136 1133 3215 qui
1157 3155 1193 3196 ex
1207 3136 1299 3198 Maria

69 3252 159 3307 natus
187 3250 263 3304 cst.“
316 3242 374 3304 Cur
401 3244 500 3320 itaque
529 3241 627 3302 dicitis
655 3240 743 3301 veluti
772 3238 920 3309 Marcion,
953 3238 1048 3298 Deum
1079 3236 1235 3298 advenisse
1263 3255 1298 3299 ao

67 3345 164 3407 Deum
186 3344 308 3405 intactili
330 3344 419 3404 modo
443 3344 618 3414 accessisse,
641 3341 721 3421 quod
743 3351 877 3401 naturam
901 3339 1008 3399 babeat
1029 3337 1126 3399 earnis
1148 3338 1297 3411 humanae

68 3465 132 3509 non
145 3443 315 3537 papatem?
358 3446 415 3506 but
443 3464 495 3506 cur
517 3445 610 3505 Deum
637 3443 718 3505 illum
742 3442 839 3503 dicitis
863 3440 950 3502 sicuti
971 3439 1081 3503 Paulus
1104 3430 1298 3502 Samosaten·

69 3544 140 3610 sis?
183 3547 224 3608 Ea
254 3546 333 3607 enim
361 3554 406 3607 est
433 3547 511 3608 illius
541 3545 702 3626 impietatis
725 3545 817 3616 ratio,
851 3551 885 3603 ut
906 3542 999 3603 Deum
1023 3543 1198 3603 confiteatur
1219 3557 1298 3615 eum,

69 3648 123 3728 qui
145 3667 180 3709 ex
201 3647 293 3708 blaria
315 3658 402 3709 uatus
426 3657 488 3720 est,
518 3648 568 3726 qni
596 3656 664 3709 ante
687 3646 802 3707 saecula
826 3643 943 3723 quidem
956 3624 1140 3721 'praefinitus
1163 3641 1217 3714 sit,
1247 3639 1297 3719 qui

67 3760 172 3812 tamen
201 3750 348 3810 siblaria
381 3749 496 3809 initium
527 3749 672 3811 existendi
693 3746 839 3808 babuerit.
884 3742 1013 3804 Verbum
1035 3750 1133 3803 autem
1156 3741 1298 3801 efficaxe

70 3988 123 4052 οὖν
140 3994 274 4079 βασιλεύει
293 3992 306 4047 ὅ
325 3994 455 4052 θάνατος.
494 4000 555 4048 Editi
569 4013 625 4048 vero
637 4007 663 4048 et
747 3999 769 4045 li.
790 3995 829 4044 Sic
848 3995 947 4058 chner.
976 3993 1038 4042 Editi
1057 4007 1112 4041 sero
1124 3986 1213 4055 λέγετε
1222 3981 1300 4045 θεὸν,

68 4073 113 4123 alii
133 4073 161 4117 τι
179 4084 227 4116 ουν
244 4060 305 4115 καθ’
320 4061 390 4132 ὑμᾶς
409 4061 543 4130 βασιλεύει
561 4058 575 4112 ὁ
594 4057 658 4113 dciv.
714 4056 750 4116 ὥς
772 4063 914 4128 Μαρκίων.
957 4060 1011 4111 ldor
1035 4060 1136 4121 Segoer.
1159 4050 1302 4126 προεληλυ-

107 4155 128 4187 ι.
147 4140 247 4203 Ssguer.
261 4137 334 4205 polus
353 4126 396 4182 ὅιι
413 4127 497 4198 ψυχή.
712 4124 810 4179 θὸτι..
831 4130 897 4181 lnlra
914 4125 1003 4196 λέγετε
1021 4127 1090 4177 deest
1107 4127 1131 4176 iu
1150 4128 1246 4177 codem

66 4275 91 4322 θ
108 4207 126 4255 f‘
150 4207 251 4286 &egum
270 4204 410 4317 θοιΜθΞῦρῑ
428 4201 567 4283 ffl‘sskm'l‘
586 4191 662 4279 ‘im'
747 4234 763 4282 i.
789 4232 859 4280 basil.
880 4224 910 4278 τὸ
933 4222 1085 4296 πρόβλημα.
1122 4227 1182 4276 lbid.
1201 4226 1304 4287 signer.

68 4287 188 4409 ²332?
201 4271 337 4390 ἆξεῧξξζ
363 4284 445 4337 vttw
462 4271 572 4332 (sepnor.
590 4267 663 4316 “W‘'
715 4301 783 4380 sorus
802 4291 955 4374 ὅμοιιχιιν,
976 4298 1016 4346 ιιι
1032 4297 1092 4375 pojo
1110 4303 1134 4345 u
1151 4296 1191 4343 un
1205 4285 1302 4372 ὅμοιι

105 4426 129 4472 g.
148 4408 246 4469 Segucr.
266 4409 364 4457 Goblcr.
383 4414 406 4456 el
424 4407 529 4457 Fclckm.
549 4405 571 4455 1.
589 4417 665 4469 περι·
714 4380 766 4445 m
803 4367 856 4415 κω
872 4378 924 4431 W
943 4373 997 4429 ”⁰⁸¹
1016 4356 1236 4442 “imnum
1249 4359 1303 4425 “¹¹ss

68 4472 147 4543 “Q
161 4470 257 4526 mm
275 4465 335 4534 τήν.
715 4443 756 4497 ιιι,
774 4448 802 4484 ιι
818 4434 920 4497 Seguer.
937 4433 1111 4498 supplevimus.

109 4565 238 4608 Διιιιιιιιιι
250 4573 303 4607 ιη.
316 4572 391 4606 naeu.
401 4571 453 4606 ιιι.
783 4546 786 4553 ’
1067 4547 1099 4599 bt
