2948 5092
128 239 193 311 346
527 251 560 321 ‚⁸¹
574 250 729 295 ιτειιιιειι
744 248 965 306 *nemmem
1098 230 1116 265 ·

42 401 242 469 munina
264 396 327 468 ὅσα
348 395 511 487 ἠθέλησεν
534 397 671 485 ἐποίησε
680 401 710 476 ¹),
733 403 790 462 καί
797 418 804 430 ·
827 399 873 482 τηῖ
896 395 957 481 γὰρ
979 394 1163 482 βουλήματι
1184 391 1287 463 αῦτοῦ
1311 405 1359 477 τίς

130 489 379 590 άνθέστηκεν”),·
412 500 441 568 εἰ
473 501 509 566 δὲ
536 503 591 567 καὶ
619 496 658 564 τὸ
686 497 837 585 βούλημα
863 496 967 582 μόνον
997 497 1108 564 ἱκανόν
1136 496 1227 565 ἐστιν
1257 493 1359 564 αύτοῦ

129 604 217 692 πρὸς
244 601 303 692 τὴν
329 606 396 670 τιῦν
424 601 560 668 πάντων
583 603 814 688 δημιουργίαν,
844 599 982 686 περιττὴ
1005 598 1109 666 πάλιν
1130 593 1208 666 καθ’
1232 595 1320 682 ῦμᾶς
1341 595 1359 685 ἡ

129 710 189 773 τοῦ
210 712 347 791 μεσίτου
367 709 469 790 χρεία.
506 701 644 787 καὶγὰρ
666 703 737 768 ’καί
759 700 799 766 τὸ
821 700 1033 786 παράδειγμα
1047 699 1086 767 τὸ
1101 699 1182 785 περὶ
1195 703 1256 766 τοῦ
1272 707 1359 767 Μω-

130 813 216 886 σέως
242 808 296 874 καί
324 809 383 871 τοῦ
405 801 577 890 ἡλίουκαὶ
600 801 735 890 σελήνης
756 798 848 886 ῦμιῦν
871 803 1035 869 δέδεικται
1058 801 1203 888 σαθρόν,
1227 797 1359 890 κηάιεῖνο

58 991 62 996 .
131 909 168 976 δὲ
199 906 302 975 πάλιν
334 903 419 991 ῦμῦς
452 906 614 992 ἐντρίψει.
658 904 688 972 εί
709 906 821 972 θέλων
844 899 861 969 ό
885 903 968 983 θεὸς
988 903 1047 992 τὴν
1070 901 1225 990 1’γενητὴν
1246 910 1359 970 κτίσαι

131 1008 247 1096 φύσιν,
271 1011 348 1095 περὶ
371 1009 408 1074 δὲ
429 1005 550 1093 ταύτης
569 1005 831 1092 βουλευσάμενος
854 1004 985 1074 ἐπινοεῖ
1006 1004 1062 1072 καί
1082 1006 1184 1086 κτίζει
1205 1003 1264 1071 τὸν
1287 1003 1359 1071 υίὸν

49 1182 54 1190 ,
129 1105 205 1176 καθ’
229 1106 324 1194 ῦμῦς,
348 1109 404 1177 ἵνα
426 1103 468 1175 δι’
493 1103 593 1174 αὐτοῦ
616 1103 703 1194 ἡμᾶς
725 1105 958 1195 δημιουργὴσῃ,
985 1117 1140 1174 σκοπεῖτε
1155 1106 1266 1193 πόσην
1283 1100 1359 1175 δισί-

128 1205 222 1299 βειαν
244 1216 458 1300 φθέγγεσθαι
479 1207 706 1296 τετολμήκατε.

215 1319 266 1382 30.
310 1315 453 1399 Πρῶτον
474 1316 543 1395 μίν,
568 1306 622 1378 ὅτι
643 1315 800 1398 φαίνεται
820 1310 947 1394 μᾶλλον
970 1306 1070 1389 αῦτὸς
1092 1305 1198 1387 όυίδς
1213 1303 1255 1375 δι’
1273 1304 1359 1396 ἡμᾶς

128 1414 277 1502 γεγονώς,
301 1412 357 1480 καὶ
378 1407 436 1495 οόχ
457 1409 552 1499 ἡμεῖς
574 1406 632 1480 *δι’
657 1406 773 1478 αῦτόν·
808 1405 847 1476 οῦ
869 1409 931 1496 γὰρ
956 1407 997 1478 δι’
1023 1407 1124 1479 αῦτδν
1146 1410 1358 1496 ίκτίσθημεν,

129 1511 197 1584 ἀλλ’
223 1511 322 1595 αῦτδς
337 1509 378 1582 δι’
395 1511 482 1601 ἡμᾶς
496 1519 697 1601 πεποίηται·
720 1509 802 1592 ιῦςτε
814 1511 910 1598 χάριν
922 1507 1022 1579 αῦτὸν
1034 1509 1113 1600 ἡμῖν
1123 1514 1251 1596 μάλλον
1264 1513 1359 1594 ἔχειν,

42 1658 49 1682 ι
127 1620 184 1684 καί
204 1617 248 1704 μὴ
270 1612 357 1703 ἡμᾶς
378 1610 478 1702 αῦτηῦ,
502 1615 678 1701 δκαθάπερ
700 1616 754 1682 καί
777 1610 797 1701 ἡ
820 1614 898 1702 γυνὴ
920 1617 968 1701 τηῦ
992 1609 1102 1700 άνδρί,
1127 1608 1166 1680 οῦ
1187 1612 1249 1700 γάρ
1274 1612 1359 1680 ἒκτί-

130 1724 217 1806 σθη,
248 1720 350 1806 φησὶν
371 1713 391 1804 ἡ
413 1715 538 1806 γραφή,
564 1712 644 1804 όνὴρ
668 1714 725 1783 διδι
746 1716 806 1805 τὴν
827 1727 979 1801 γυναῖκα,
1015 1713 1099 1783 ἀλλὰ
1119 1714 1198 1802 γυνὴ
1221 1713 1280 1782 διὰ
1301 1714 1359 1781 τὸν

130 1817 274 1904 άνδρα’).
313 1814 362 1904 ἄρ’
387 1808 445 1885 οῦν
468 1815 577 1904 ιῦςπερ
601 1814 619 1884 ό
641 1820 702 1902 μὲν
725 1813 805 1906 δνὴρ
829 1817 923 1884 είκών
939 1817 994 1885 καὶ
1011 1817 1091 1898 δόξα
1106 1821 1189 1886 θεοῦ
1206 1813 1359 1901 ὑπάρχει,

128 1918 147 2009 ἡ
171 1921 207 1988 δὲ
227 1920 304 2007 γυνὴ
330 1921 410 2001 δόξα
432 1917 552 2006 ἀνδρός
573 1919 710 1999 ἐστιν’),
740 1916 846 1998 οῦτιος
875 1915 970 2005 ἡμεῖς
991 1922 1052 2005 μὲν
1073 1924 1132 1986 τοῦ
1155 1923 1239 1986 θεοῦ
1265 1920 1359 1986 είκιῦν

127 2025 181 2089 καί
213 2021 259 2100 είς
289 2020 388 2100 δόξαν
416 2017 517 2088 αῦτοῦ
539 2020 731 2107 γεγόναμεν,
764 2017 782 2087 ό
806 2022 841 2088 δὲ
864 2019 935 2100 υίὸς
956 2018 1049 2108 ἡμῶν
1072 2021 1162 2089 ἐστιν
1185 2020 1282 2088 εἰκὼν
1304 2024 1358 2087 καί

128 2110 175 2202 είς
196 2119 289 2209 ἡμῶν
313 2121 412 2202 δόξαν
434 2119 570 2211 ὑπέστη.
608 2127 661 2190 καί
684 2118 779 2210 ἡμεῖς
799 2125 860 2208 μὲν
884 2123 930 2201 είς
951 2122 991 2189 τὸ
1014 2118 1099 2191 εἶναι
1120 2123 1316 2210 γεγόναμεν,
1341 2118 1359 2189 ό

128 2225 246 2292 δὲ’τοῦ
268 2225 352 2290 θεοῦ
375 2222 473 2310 λόγος
493 2221 569 2291 καθ’
593 2220 680 2309 ἡμᾶς
701 2219 759 2291 οῦκ
782 2224 830 2303 είς
850 2224 889 2290 τὸ
912 2220 1008 2304 εἶναι,
1034 2220 1102 2292 ἀλλ’
1120 2225 1167 2304 είς
1188 2225 1248 2312 τὴν
1263 2222 1358 2313 ἡμῶν

126 2332 237 2412 χρείαν
261 2320 306 2403 ιῦς
328 2322 467 2412 όργανον
489 2333 689 2413 πεποίηται·
713 2323 795 2404 δίςτε
815 2325 860 2413 μὴ
882 2321 969 2413 ἡμᾶς
984 2326 1020 2406 ἒξ
1033 2323 1145 2406 αῦτοῦ,
1169 2321 1239 2393 ἀλλ’
1252 2323 1358 2393 ἀῦτδν

126 2425 162 2495 ίκ
183 2431 241 2513 τῆς
262 2422 355 2513 ἡμιῦν
374 2432 487 2512 χρείας
500 2433 752 2495 ’συνίστασθαι
783 2429 837 2493 καί
854 2431 928 2506 πῶς
943 2423 980 2494 οῦ
997 2432 1112 2496 πάσαν
1127 2426 1244 2496 άνοιαν
1255 2425 1359 2515 ῦπερ·

125 2528 362 2616 βάλλουσινοί
383 2532 562 2595 ταῦτακαὶ
583 2527 686 2613 μόνον
709 2528 969 2613 ἒνθομοόμενοι,·
1006 2528 1143 2616 καὶγὰρ
1168 2530 1197 2597 εί
1213 2525 1254 2596 δι’
1272 2527 1359 2618 ἡμᾶς

125 2636 255 2717 γέγονεν
279 2626 296 2696 ό
318 2629 424 2715 λόγος,
448 2625 506 2697 οῦκ
529 2630 618 2697 ’ἐστιν
641 2625 717 2697 οῦδὲ
739 2634 874 2715 πρῶτος
889 2627 981 2716 ἡμῶν
997 2631 1090 2717 παρὰ
1103 2635 1150 2718 τῷ
1166 2635 1248 2718 θεῷ.
1281 2626 1359 2699 οῦδὲ

126 2730 189 2817 γάρ
213 2732 336 2799 ἐκείνου
359 2731 439 2815 ἔχων
462 2731 496 2799 ίν
516 2732 621 2817 ἑαυτῷ
643 2729 738 2818 ’περὶ
752 2728 845 2819 ἡμῶν
858 2732 1062 2812 βουλεύεται,
1087 2728 1155 2799 ἀλλ’
1173 2728 1260 2818 ἡμᾶς
1276 2734 1358 2817 ἔχων

129 2832 163 2900 ἓν
185 2833 291 2918 ἑαυτῷ
313 2833 513 2919 βουλεύεται,
539 2830 584 2912 ιός
606 2833 727 2900 ἐκεῖνοί
749 2857 843 2920 φασι,
867 2839 944 2919 περί
967 2838 1025 2900 τοῦ
1049 2835 1167 2901 ἑαυτοῦ
1183 2833 1293 2920 λόγου.
1328 2835 1359 2903 εί

42 2936 166 3002 mad&
187 2935 286 3001 τοῦτό
309 2935 389 3016 ἐστι,
413 2935 497 3018 τάχα
518 2950 531 2987 ¹
538 2929 615 3001 οῦδὲ
638 2930 724 3013 όλως
744 2932 848 3022 ἤθελε
869 2934 927 3001 τὸν
950 2935 1022 3002 υἱὸν
1046 2931 1064 3000 ό
1087 2935 1206 3022 πατὴρ,
1232 2933 1270 3002 οῦ
1294 2937 1356 3023 γὰρ

127 3031 362 3115 θίλωναῦτὸν
385 3036 526 3116 ἔκτισεν,
550 3032 619 3102 ἄλλ’
643 3032 731 3124 ἡμᾶς
751 3038 863 3103 θέλων
885 3031 927 3102 δι’
951 3032 1038 3122 ἡμᾶς
1060 3032 1159 3103 αῦτὸν
1182 3037 1359 3124 ἐδημιούρ-

116 3144 215 3223 γησε,
238 3133 314 3221 μεθ’
338 3133 424 3225 ἡμᾶς
445 3135 505 3223 γάρ
529 3135 628 3205 αὐτὸν
651 3136 845 3225 ἐπενόησεν·
869 3134 951 3216 ιῦςτε
965 3138 1048 3205 κατὰ
1063 3137 1140 3217 τοῦς
1155 3133 1359 3224 ἀσεβοῦντας

128 3237 285 3323 περιττὸν
315 3233 400 3305 εἶναι
426 3237 547 3306 λοιπὸν
569 3238 628 3307 τὸν
650 3238 722 3306 υἱὸν
743 3239 801 3306 τὸν
824 3239 998 3325 γενόμενον
1021 3235 1066 3318 ὥς
1088 3237 1241 3325 όργανον,
1266 3266 1359 3327 γενο-

126 3345 234 3422 μέναιν
267 3328 312 3404 ὧν
345 3339 439 3406 ἕνεκα
468 3342 522 3406 καί
558 3340 705 3429 ἐκτίσθη.
753 3341 783 3408 εἰ
812 3343 848 3407 δὲ
871 3337 937 3420 Ιιιῦς
960 3340 1098 3420 δυνατὸς
1121 3337 1139 3406 ό
1161 3341 1233 3420 υίὸς
1255 3342 1359 3425 μόνος

127 3437 221 3526 παρὰ
248 3439 352 3525 μόνου
382 3444 440 3506 τοῦ
468 3445 552 3508 θεοῦ
580 3447 725 3527 γέγονεν,
759 3437 854 3528 ἡμεῖς
876 3442 912 3509 δὲ
935 3438 980 3522 ιῦς
1003 3437 1160 3509 άδόνατοι
1182 3441 1277 3527 παρὰ
1299 3445 1358 3523 τοῦ

198 3664 302 3722 ηοιυι.
326 3664 650 3728 115.3[113‚11.Lxx.
672 3663 912 3730 11311,3.Vu13.].
966 3666 1114 3728 2)Rom.9‚
1135 3667 1173 3716 19.
1227 3666 1357 3724 3)1.Cor.

129 3731 210 3791 11,9.
282 3732 527 3797 4J1.c‹›r.11,7.

125 3864 406 4000 Ξλίῦῗίῗλλμῖἶί·
420 3869 714 4013 λλὴῥλῗλῦῖλλῖλ
764 3883 910 3987 λαῦῖιὴῗί
926 3869 1116 3999 ίλὲἕὲυδῦέ,
1136 3879 1237 3986 ῗῗλῗῖέ
1251 3871 1359 3987 λῖῦῆλ

126 4005 223 4054 anler.
248 4013 269 4051 ει
290 4005 394 4052 ίείολυι.
417 4006 436 4052 l.
456 3996 516 4052 ίδσυ
533 3999 579 4052 καί
596 4003 634 4070 τῷ
651 4007 714 4068 βου·
764 4006 831 4055 deest
849 3999 884 4053 δέ4

124 4065 226 4136 λη’ματι
243 4062 327 4119 αῦιοῦ
346 4063 440 4119 ι’κανόν
458 4063 516 4121 ἔστι
531 4065 628 4139 μόνον.
652 4075 713 4123 Ιίιίδ.
798 4074 821 4122 b.
842 4074 898 4135 fleg.
919 4081 942 4121 ει
960 4072 1032 4122 ΒεείΙ.
1053 4064 1102 4130 ιὴν
1118 4063 1238 4135 γενετὴν.
1266 4074 1358 4122 ibidem

124 4139 198 4188 Βυεῖί.
218 4131 312 4186 ἱκανόν
329 4131 405 4187 ίστιν
422 4130 503 4204 αῦτρῖ.
766 4143 906 4203 δεχαεεῖεο.
925 4149 948 4189 ει
965 4141 1103 4189 mcum.
1121 4134 1186 4206 περί
1203 4153 1231 4189 τε
1250 4133 1359 4200 ταύτης.

159 4221 181 4255 ο.
205 4209 304 4269 Soguer.
330 4209 426 4257 (iobler.
452 4217 476 4257 et
499 4209 602 4258 Felckm.
623 4208 644 4257 1.
669 4201 714 4256 καὶ
766 4209 810 4257 Ani
831 4217 853 4256 ει
872 4209 927 4257 edili
946 4202 1009 4273 περὶ
1027 4202 1057 4256 δὲ
1075 4200 1180 4266 ταύτης.
1240 4241 1242 4244 .

123 4267 178 4341 γὰρ
201 4268 234 4322 τὸ
258 4269 436 4344 παράδειγμα
455 4268 485 4322 τῦ
502 4269 565 4340 περὶ
582 4271 713 4329 Μωσέως.
800 4292 819 4326 ε.
839 4277 880 4325 Sic
899 4277 998 4334 semer.
1018 4285 1042 4325 ει
1061 4277 1116 4335 neg.
1136 4275 1358 4325 6ο1ιΙιτ.ΡεΙεΙιτο,

23 4341 28 4351 '
124 4341 184 4391 lhid.
209 4344 310 4404 Segucr.
335 4345 393 4405 θος.
413 4342 485 4392 nasu.
505 4345 712 4406 nagnacomer.
764 4345 788 4393 4,
801 4344 857 4392 ειῦ.
871 4334 904 4390 δι’
925 4334 1023 4390 αῦτόν·
1043 4335 1075 4391 οῦ
1092 4336 1147 4410 γάρ
1166 4335 1243 4408 ἡμεῖς
1261 4336 1296 4390 δι’
1312 4334 1358 4390 αῦ-

123 4409 229 4459 Folckm.
242 4410 329 4459 1.et4.
350 4402 426 4470 ἡλίου
443 4404 490 4458 καὶ
507 4403 618 4471 σελὴνητ
635 4403 714 4477 ῦμοῖν
766 4405 816 4459 τόν
832 4404 1004 4490 ἔκτίσθημεν.
1041 4413 1120 4460 Ceteri
1134 4420 1157 4460 ει
1169 4411 1228 4460 editi
1244 4404 1291 4458 καὶ
1309 4402 1359 4476 τίη

122 4468 264 4527 δέδεικται
302 4479 381 4529 Εδῖιιο
405 4478 551 4530 Commolin.
576 4471 651 4540 ἡλίου
667 4471 713 4537 καί
765 4471 842 4547 ἡμεῖς
858 4469 892 4527 δι’
913 4472 999 4528 αυτόν
1016 4472 1182 4546 λκτίσθημεν
1200 4478 1301 4531 ominis
1318 4479 1357 4529 in·
