<?xml version="1.0" encoding="UTF-8"?>
<!DOCTYPE html PUBLIC "-//W3C//DTD XHTML 1.0 Transitional//EN"
    "http://www.w3.org/TR/xhtml1/DTD/xhtml1-transitional.dtd">
<html xmlns="http://www.w3.org/1999/xhtml" xml:lang="en" lang="en">
 <head>
  <title>
</title>
<meta http-equiv="Content-Type" content="text/html;charset=utf-8" />
  <meta name='ocr-system' content='tesseract 3.04.00' />
  <meta name='ocr-capabilities' content='ocr_page ocr_carea ocr_par ocr_line ocrx_word'/>
</head>
<body>
  <div class='ocr_page' id='page_1' title='image "./sanctiathanasii02athagoog_0098.png"; bbox 0 0 2948 5092; ppageno 0'>
   <div class='ocr_carea' id='block_1_1' title="bbox 413 238 1352 311">
    <p class='ocr_par' dir='ltr' id='par_1_1' title="bbox 413 238 1352 311">
     <span class='ocr_line' id='line_1_1' title="bbox 413 238 1352 311; baseline 0.011 -19"><span class='ocrx_word' id='word_1_1' title='bbox 413 246 561 293; x_wconf 78' lang='lat' dir='ltr'>merom</span> <span class='ocrx_word' id='word_1_2' title='bbox 574 247 612 291; x_wconf 81' lang='lat' dir='ltr'>ns</span> <span class='ocrx_word' id='word_1_3' title='bbox 626 246 771 291; x_wconf 78' lang='lat' dir='ltr'>assuens</span> <span class='ocrx_word' id='word_1_4' title='bbox 786 248 930 293; x_wconf 76' lang='lat' dir='ltr'>armenes</span> <span class='ocrx_word' id='word_1_5' title='bbox 944 249 1062 311; x_wconf 75' lang='lat' dir='ltr'>ersom,</span> <span class='ocrx_word' id='word_1_6' title='bbox 1310 238 1352 302; x_wconf 72' lang='lat' dir='ltr'>db</span> 
     </span>
    </p>
   </div>
   <div class='ocr_carea' id='block_1_2' title="bbox 152 397 1436 481">
    <p class='ocr_par' dir='ltr' id='par_1_2' title="bbox 152 397 1436 481">
     <span class='ocr_line' id='line_1_2' title="bbox 152 397 1436 481; baseline 0.007 -21"><span class='ocrx_word' id='word_1_7' title='bbox 152 397 239 460; x_wconf 82' lang='lat' dir='ltr'>mbitu</span> <span class='ocrx_word' id='word_1_8' title='bbox 268 398 431 461; x_wconf 91' lang='lat' dir='ltr'>diminutus</span> <span class='ocrx_word' id='word_1_9' title='bbox 465 408 525 472; x_wconf 89' lang='lat' dir='ltr'>est,</span> <span class='ocrx_word' id='word_1_10' title='bbox 559 398 613 460; x_wconf 85' lang='lat' dir='ltr'>sod</span> <span class='ocrx_word' id='word_1_11' title='bbox 644 399 746 479; x_wconf 90' lang='lat' dir='ltr'>potius</span> <span class='ocrx_word' id='word_1_12' title='bbox 775 418 883 481; x_wconf 86' lang='lat' dir='ltr'>corpus</span> <span class='ocrx_word' id='word_1_13' title='bbox 912 401 1042 462; x_wconf 86' lang='lat' dir='ltr'>divinum</span> <span class='ocrx_word' id='word_1_14' title='bbox 1070 411 1100 463; x_wconf 92' lang='lat' dir='ltr'>et</span> <span class='ocrx_word' id='word_1_15' title='bbox 1120 401 1285 465; x_wconf 75' lang='lat' dir='ltr'><strong>immortale</strong></span> <span class='ocrx_word' id='word_1_16' title='bbox 1307 412 1436 469; x_wconf 64' lang='lat' dir='ltr'>estimo.</span> 
     </span>
    </p>
   </div>
   <div class='ocr_carea' id='block_1_3' title="bbox 73 486 337 563">
    <p class='ocr_par' dir='ltr' id='par_1_3' title="bbox 73 486 337 563">
     <span class='ocr_line' id='line_1_3' title="bbox 73 486 337 563; baseline 0 -1"><span class='ocrx_word' id='word_1_17' title='bbox 73 486 75 499; x_wconf 76' lang='lat'>&#39;</span> <span class='ocrx_word' id='word_1_18' title='bbox 148 500 283 563; x_wconf 88' lang='lat' dir='ltr'>redditum.</span> <span class='ocrx_word' id='word_1_19' title='bbox 330 492 337 500; x_wconf 76' lang='grc'><strong>’</strong></span> 
     </span>
    </p>
   </div>
   <div class='ocr_carea' id='block_1_4' title="bbox 119 701 1435 3423">
    <p class='ocr_par' dir='ltr' id='par_1_4' title="bbox 119 701 1435 3423">
     <span class='ocr_line' id='line_1_4' title="bbox 213 701 1350 781; baseline 0 -13"><span class='ocrx_word' id='word_1_20' title='bbox 213 709 260 768; x_wconf 87' lang='grc'>15.</span> <span class='ocrx_word' id='word_1_21' title='bbox 306 703 342 764; x_wconf 83' lang='lat' dir='ltr'>Et</span> <span class='ocrx_word' id='word_1_22' title='bbox 369 703 444 765; x_wconf 88' lang='lat' dir='ltr'>haec</span> <span class='ocrx_word' id='word_1_23' title='bbox 472 702 591 781; x_wconf 91' lang='lat' dir='ltr'>quidem</span> <span class='ocrx_word' id='word_1_24' title='bbox 618 701 692 764; x_wconf 91' lang='lat' dir='ltr'>satis</span> <span class='ocrx_word' id='word_1_25' title='bbox 722 721 790 764; x_wconf 91' lang='lat' dir='ltr'>esse</span> <span class='ocrx_word' id='word_1_26' title='bbox 818 705 953 765; x_wconf 87' lang='lat' dir='ltr'>videntur</span> <span class='ocrx_word' id='word_1_27' title='bbox 980 704 1016 765; x_wconf 85' lang='lat' dir='ltr'>ad</span> <span class='ocrx_word' id='word_1_28' title='bbox 1037 706 1173 767; x_wconf 81' lang='lat' dir='ltr'>Arianam</span> <span class='ocrx_word' id='word_1_29' title='bbox 1203 705 1350 769; x_wconf 79' lang='lat' dir='ltr'>haeresim</span> 
     </span>
     <span class='ocr_line' id='line_1_5' title="bbox 136 803 1351 887; baseline 0.002 -21"><span class='ocrx_word' id='word_1_30' title='bbox 136 806 386 884; x_wconf 71' lang='lat' dir='ltr'>proscribendum</span> <span class='ocrx_word' id='word_1_31' title='bbox 407 803 555 883; x_wconf 80' lang='lat' dir='ltr'>siquidem</span> <span class='ocrx_word' id='word_1_32' title='bbox 577 803 694 865; x_wconf 92' lang='lat' dir='ltr'>illorum</span> <span class='ocrx_word' id='word_1_33' title='bbox 717 804 896 884; x_wconf 79' lang='lat' dir='ltr'>impietatem</span> <span class='ocrx_word' id='word_1_34' title='bbox 919 805 1108 884; x_wconf 81' lang='lat' dir='ltr'>exipsorum</span> <span class='ocrx_word' id='word_1_35' title='bbox 1132 806 1238 879; x_wconf 90' lang='lat' dir='ltr'>verbis,</span> <span class='ocrx_word' id='word_1_36' title='bbox 1262 815 1351 887; x_wconf 92' lang='lat' dir='ltr'>prout</span> 
     </span>
     <span class='ocr_line' id='line_1_6' title="bbox 135 905 1350 987; baseline 0.002 -19"><span class='ocrx_word' id='word_1_37' title='bbox 135 908 211 969; x_wconf 89' lang='lat' dir='ltr'>uobis</span> <span class='ocrx_word' id='word_1_38' title='bbox 236 907 439 987; x_wconf 76' lang='lat' dir='ltr'>suppeditavit</span> <span class='ocrx_word' id='word_1_39' title='bbox 462 905 621 978; x_wconf 80' lang='lat' dir='ltr'>Dominus,</span> <span class='ocrx_word' id='word_1_40' title='bbox 652 905 808 966; x_wconf 80' lang='lat' dir='ltr'>manifeste</span> <span class='ocrx_word' id='word_1_41' title='bbox 837 907 1029 968; x_wconf 80' lang='lat' dir='ltr'>ostendimus.</span> <span class='ocrx_word' id='word_1_42' title='bbox 1074 909 1182 970; x_wconf 87' lang='lat' dir='ltr'>Verum</span> <span class='ocrx_word' id='word_1_43' title='bbox 1211 926 1265 987; x_wconf 89' lang='lat' dir='ltr'>age</span> <span class='ocrx_word' id='word_1_44' title='bbox 1291 910 1350 971; x_wconf 85' lang='lat' dir='ltr'>iam</span> 
     </span>
     <span class='ocr_line' id='line_1_7' title="bbox 132 1006 1350 1090; baseline 0.002 -21"><span class='ocrx_word' id='word_1_45' title='bbox 132 1027 180 1071; x_wconf 89' lang='lat' dir='ltr'>nus</span> <span class='ocrx_word' id='word_1_46' title='bbox 205 1027 327 1090; x_wconf 91' lang='lat' dir='ltr'>quoque</span> <span class='ocrx_word' id='word_1_47' title='bbox 351 1025 554 1087; x_wconf 81' lang='lat' dir='ltr'>proponamus</span> <span class='ocrx_word' id='word_1_48' title='bbox 583 1025 618 1067; x_wconf 91' lang='lat' dir='ltr'>ao</span> <span class='ocrx_word' id='word_1_49' title='bbox 645 1024 824 1085; x_wconf 90' lang='lat' dir='ltr'>responsum</span> <span class='ocrx_word' id='word_1_50' title='bbox 858 1006 895 1068; x_wconf 91' lang='lat' dir='ltr'>ab</span> <span class='ocrx_word' id='word_1_51' title='bbox 931 1007 989 1068; x_wconf 86' lang='lat' dir='ltr'>ibis</span> <span class='ocrx_word' id='word_1_52' title='bbox 1026 1008 1156 1070; x_wconf 88' lang='lat' dir='ltr'>vicissim</span> <span class='ocrx_word' id='word_1_53' title='bbox 1189 1011 1350 1089; x_wconf 80' lang='lat' dir='ltr'>exigamus.</span> 
     </span>
     <span class='ocr_line' id='line_1_8' title="bbox 130 1107 1351 1189; baseline -0.002 -14"><span class='ocrx_word' id='word_1_54' title='bbox 130 1112 194 1174; x_wconf 81' lang='lat' dir='ltr'>Cum</span> <span class='ocrx_word' id='word_1_55' title='bbox 216 1111 298 1173; x_wconf 90' lang='lat' dir='ltr'>enim</span> <span class='ocrx_word' id='word_1_56' title='bbox 320 1109 381 1189; x_wconf 88' lang='lat' dir='ltr'>ipsi</span> <span class='ocrx_word' id='word_1_57' title='bbox 402 1111 434 1170; x_wconf 92' lang='lat' dir='ltr'>in</span> <span class='ocrx_word' id='word_1_58' title='bbox 455 1108 586 1189; x_wconf 90' lang='lat' dir='ltr'>propriis</span> <span class='ocrx_word' id='word_1_59' title='bbox 609 1107 751 1168; x_wconf 85' lang='lat' dir='ltr'>haereant</span> <span class='ocrx_word' id='word_1_60' title='bbox 772 1108 971 1186; x_wconf 77' lang='lat' dir='ltr'>argumentis,</span> <span class='ocrx_word' id='word_1_61' title='bbox 1001 1128 1072 1171; x_wconf 88' lang='lat' dir='ltr'>sane</span> <span class='ocrx_word' id='word_1_62' title='bbox 1095 1119 1212 1189; x_wconf 90' lang='lat' dir='ltr'>tempus</span> <span class='ocrx_word' id='word_1_63' title='bbox 1236 1119 1296 1185; x_wconf 90' lang='lat' dir='ltr'>est,</span> <span class='ocrx_word' id='word_1_64' title='bbox 1319 1119 1351 1174; x_wconf 89' lang='lat' dir='ltr'>ut</span> 
     </span>
     <span class='ocr_line' id='line_1_9' title="bbox 128 1208 1349 1291; baseline -0.002 -16"><span class='ocrx_word' id='word_1_65' title='bbox 128 1233 140 1275; x_wconf 85' lang='lat' dir='ltr'>a</span> <span class='ocrx_word' id='word_1_66' title='bbox 167 1213 255 1276; x_wconf 90' lang='lat' dir='ltr'>nobis</span> <span class='ocrx_word' id='word_1_67' title='bbox 284 1214 525 1291; x_wconf 86' lang='lat' dir='ltr'>interrogentur;</span> <span class='ocrx_word' id='word_1_68' title='bbox 553 1211 631 1270; x_wconf 91' lang='lat' dir='ltr'>lorte</span> <span class='ocrx_word' id='word_1_69' title='bbox 658 1227 766 1288; x_wconf 84' lang='lat' dir='ltr'>nempe</span> <span class='ocrx_word' id='word_1_70' title='bbox 794 1208 852 1271; x_wconf 88' lang='lat' dir='ltr'>hoe</span> <span class='ocrx_word' id='word_1_71' title='bbox 872 1217 959 1290; x_wconf 87' lang='lat' dir='ltr'>pacto</span> <span class='ocrx_word' id='word_1_72' title='bbox 981 1211 1112 1272; x_wconf 84' lang='lat' dir='ltr'>loturum</span> <span class='ocrx_word' id='word_1_73' title='bbox 1136 1219 1195 1285; x_wconf 90' lang='lat' dir='ltr'>est,</span> <span class='ocrx_word' id='word_1_74' title='bbox 1224 1220 1258 1273; x_wconf 92' lang='lat' dir='ltr'>nt</span> <span class='ocrx_word' id='word_1_75' title='bbox 1279 1230 1349 1273; x_wconf 88' lang='lat' dir='ltr'>ern·</span> 
     </span>
     <span class='ocr_line' id='line_1_10' title="bbox 126 1308 1349 1394; baseline -0.002 -16"><span class='ocrx_word' id='word_1_76' title='bbox 126 1316 243 1378; x_wconf 80' lang='lat' dir='ltr'>hesram</span> <span class='ocrx_word' id='word_1_77' title='bbox 265 1333 301 1376; x_wconf 87' lang='lat' dir='ltr'>ac</span> <span class='ocrx_word' id='word_1_78' title='bbox 321 1312 512 1393; x_wconf 80' lang='lat' dir='ltr'>perspiciant,</span> <span class='ocrx_word' id='word_1_79' title='bbox 533 1310 613 1372; x_wconf 89' lang='lat' dir='ltr'>unde</span> <span class='ocrx_word' id='word_1_80' title='bbox 636 1309 717 1371; x_wconf 87' lang='lat' dir='ltr'>stulti</span> <span class='ocrx_word' id='word_1_81' title='bbox 739 1308 800 1373; x_wconf 90' lang='lat' dir='ltr'>sint</span> <span class='ocrx_word' id='word_1_82' title='bbox 821 1311 944 1391; x_wconf 85' lang='lat' dir='ltr'>delapsi.</span> <span class='ocrx_word' id='word_1_83' title='bbox 989 1312 1095 1374; x_wconf 90' lang='lat' dir='ltr'>Filium</span> <span class='ocrx_word' id='word_1_84' title='bbox 1117 1311 1180 1386; x_wconf 84' lang='lat' dir='ltr'>liei,</span> <span class='ocrx_word' id='word_1_85' title='bbox 1204 1323 1236 1375; x_wconf 91' lang='lat' dir='ltr'>ut</span> <span class='ocrx_word' id='word_1_86' title='bbox 1257 1332 1349 1394; x_wconf 90' lang='lat' dir='ltr'>supe·</span> 
     </span>
     <span class='ocr_line' id='line_1_11' title="bbox 127 1411 1351 1492; baseline -0.002 -13"><span class='ocrx_word' id='word_1_87' title='bbox 127 1418 183 1479; x_wconf 89' lang='lat' dir='ltr'>rins</span> <span class='ocrx_word' id='word_1_88' title='bbox 212 1416 362 1488; x_wconf 80' lang='lat' dir='ltr'>diximus,</span> <span class='ocrx_word' id='word_1_89' title='bbox 393 1433 428 1475; x_wconf 82' lang='lat' dir='ltr'>ex</span> <span class='ocrx_word' id='word_1_90' title='bbox 456 1412 564 1474; x_wconf 87' lang='lat' dir='ltr'>divinis</span> <span class='ocrx_word' id='word_1_91' title='bbox 586 1412 746 1492; x_wconf 80' lang='lat' dir='ltr'>seripturis</span> <span class='ocrx_word' id='word_1_92' title='bbox 775 1411 931 1475; x_wconf 88' lang='lat' dir='ltr'>didicimus</span> <span class='ocrx_word' id='word_1_93' title='bbox 960 1414 1058 1492; x_wconf 89' lang='lat' dir='ltr'>ipsum</span> <span class='ocrx_word' id='word_1_94' title='bbox 1081 1434 1150 1477; x_wconf 93' lang='lat' dir='ltr'>esse</span> <span class='ocrx_word' id='word_1_95' title='bbox 1171 1414 1299 1476; x_wconf 87' lang='lat' dir='ltr'>Verbum</span> <span class='ocrx_word' id='word_1_96' title='bbox 1321 1423 1351 1476; x_wconf 89' lang='lat' dir='ltr'>et</span> 
     </span>
     <span class='ocr_line' id='line_1_12' title="bbox 126 1515 1351 1599; baseline -0.002 -18"><span class='ocrx_word' id='word_1_97' title='bbox 126 1519 304 1599; x_wconf 77' lang='lat' dir='ltr'>Sapientiam</span> <span class='ocrx_word' id='word_1_98' title='bbox 326 1515 442 1589; x_wconf 84' lang='lat' dir='ltr'>Patris;</span> <span class='ocrx_word' id='word_1_99' title='bbox 475 1532 542 1575; x_wconf 90' lang='lat' dir='ltr'>nam</span> <span class='ocrx_word' id='word_1_100' title='bbox 570 1515 644 1576; x_wconf 84' lang='lat' dir='ltr'>haec</span> <span class='ocrx_word' id='word_1_101' title='bbox 676 1523 746 1575; x_wconf 91' lang='lat' dir='ltr'>sunt</span> <span class='ocrx_word' id='word_1_102' title='bbox 773 1515 891 1594; x_wconf 91' lang='lat' dir='ltr'>quidem</span> <span class='ocrx_word' id='word_1_103' title='bbox 912 1516 1048 1593; x_wconf 77' lang='lat' dir='ltr'>Apostoli</span> <span class='ocrx_word' id='word_1_104' title='bbox 1072 1516 1176 1578; x_wconf 86' lang='lat' dir='ltr'>verba:</span> <span class='ocrx_word' id='word_1_105' title='bbox 1211 1517 1351 1580; x_wconf 81' lang='lat' dir='ltr'>Christus</span> 
     </span>
     <span class='ocr_line' id='line_1_13' title="bbox 125 1615 1350 1695; baseline -0.001 -14"><span class='ocrx_word' id='word_1_106' title='bbox 125 1620 180 1681; x_wconf 82' lang='lat' dir='ltr'>liei</span> <span class='ocrx_word' id='word_1_107' title='bbox 197 1625 301 1681; x_wconf 67' lang='lat' dir='ltr'>oritus</span> <span class='ocrx_word' id='word_1_108' title='bbox 326 1628 354 1679; x_wconf 85' lang='lat' dir='ltr'>et</span> <span class='ocrx_word' id='word_1_109' title='bbox 369 1616 428 1679; x_wconf 83' lang='lat' dir='ltr'>Dei</span> <span class='ocrx_word' id='word_1_110' title='bbox 447 1620 606 1695; x_wconf 80' lang='lat' dir='ltr'>snpientia.</span> <span class='ocrx_word' id='word_1_111' title='bbox 635 1615 761 1677; x_wconf 87' lang='lat' dir='ltr'>loannes</span> <span class='ocrx_word' id='word_1_112' title='bbox 783 1634 854 1677; x_wconf 86' lang='lat' dir='ltr'>vero</span> <span class='ocrx_word' id='word_1_113' title='bbox 877 1625 1034 1695; x_wconf 81' lang='lat' dir='ltr'>postquam</span> <span class='ocrx_word' id='word_1_114' title='bbox 1057 1617 1197 1679; x_wconf 85' lang='lat' dir='ltr'>dixisset:</span> <span class='ocrx_word' id='word_1_115' title='bbox 1220 1618 1259 1680; x_wconf 78' lang='lat' dir='ltr'>m</span> <span class='ocrx_word' id='word_1_116' title='bbox 1277 1617 1350 1680; x_wconf 83' lang='lat' dir='ltr'>Ver·</span> 
     </span>
     <span class='ocr_line' id='line_1_14' title="bbox 125 1716 1435 1798; baseline -0.003 -13"><span class='ocrx_word' id='word_1_117' title='bbox 125 1724 190 1785; x_wconf 74' lang='lat' dir='ltr'>ten</span> <span class='ocrx_word' id='word_1_118' title='bbox 213 1737 289 1783; x_wconf 78' lang='lat' dir='ltr'>coro</span> <span class='ocrx_word' id='word_1_119' title='bbox 310 1720 429 1798; x_wconf 75' lang='lat' dir='ltr'>foetum</span> <span class='ocrx_word' id='word_1_120' title='bbox 451 1727 509 1787; x_wconf 86' lang='lat' dir='ltr'>est,</span> <span class='ocrx_word' id='word_1_121' title='bbox 543 1734 613 1777; x_wconf 81' lang='lat' dir='ltr'>mox</span> <span class='ocrx_word' id='word_1_122' title='bbox 641 1716 787 1778; x_wconf 88' lang='lat' dir='ltr'>subdidit:</span> <span class='ocrx_word' id='word_1_123' title='bbox 816 1717 856 1781; x_wconf 83' lang='lat' dir='ltr'>lit</span> <span class='ocrx_word' id='word_1_124' title='bbox 878 1720 1005 1780; x_wconf 82' lang='lat' dir='ltr'>eidriues</span> <span class='ocrx_word' id='word_1_125' title='bbox 1026 1718 1157 1797; x_wconf 83' lang='lat' dir='ltr'>glorium</span> <span class='ocrx_word' id='word_1_126' title='bbox 1178 1723 1255 1790; x_wconf 69' lang='lat' dir='ltr'>edas,</span> <span class='ocrx_word' id='word_1_127' title='bbox 1283 1718 1435 1797; x_wconf 66' lang='lat' dir='ltr'>glo-amr.</span> 
     </span>
     <span class='ocr_line' id='line_1_15' title="bbox 125 1817 1352 1905; baseline -0.004 -20"><span class='ocrx_word' id='word_1_128' title='bbox 125 1830 199 1885; x_wconf 76' lang='lat' dir='ltr'>riom</span> <span class='ocrx_word' id='word_1_129' title='bbox 225 1824 318 1905; x_wconf 84' lang='lat' dir='ltr'>quasi</span> <span class='ocrx_word' id='word_1_130' title='bbox 343 1823 491 1900; x_wconf 78' lang='lat' dir='ltr'>nne&#39;qeniti</span> <span class='ocrx_word' id='word_1_131' title='bbox 517 1837 535 1879; x_wconf 87' lang='lat' dir='ltr'>u</span> <span class='ocrx_word' id='word_1_132' title='bbox 558 1818 666 1889; x_wconf 85' lang='lat' dir='ltr'>Putre,</span> <span class='ocrx_word' id='word_1_133' title='bbox 692 1817 819 1898; x_wconf 81' lang='lat' dir='ltr'>plenem</span> <span class='ocrx_word' id='word_1_134' title='bbox 844 1824 962 1898; x_wconf 84' lang='lat' dir='ltr'>gratioe</span> <span class='ocrx_word' id='word_1_135' title='bbox 989 1831 1019 1882; x_wconf 86' lang='lat' dir='ltr'>et</span> <span class='ocrx_word' id='word_1_136' title='bbox 1040 1825 1189 1883; x_wconf 81' lang='lat' dir='ltr'>veritatis.</span> <span class='ocrx_word' id='word_1_137' title='bbox 1234 1819 1352 1883; x_wconf 85' lang='lat' dir='ltr'>Seilioet</span> 
     </span>
     <span class='ocr_line' id='line_1_16' title="bbox 125 1918 1352 2000; baseline -0.002 -15"><span class='ocrx_word' id='word_1_138' title='bbox 125 1942 189 1985; x_wconf 87' lang='lat' dir='ltr'>mm</span> <span class='ocrx_word' id='word_1_139' title='bbox 210 1921 341 1984; x_wconf 77' lang='lat' dir='ltr'>Verbum</span> <span class='ocrx_word' id='word_1_140' title='bbox 375 1920 415 1982; x_wconf 88' lang='lat' dir='ltr'>sit</span> <span class='ocrx_word' id='word_1_141' title='bbox 446 1920 618 2000; x_wconf 80' lang='lat' dir='ltr'>unigenitus</span> <span class='ocrx_word' id='word_1_142' title='bbox 640 1918 749 1993; x_wconf 82' lang='lat' dir='ltr'>Vilius,</span> <span class='ocrx_word' id='word_1_143' title='bbox 781 1918 811 1980; x_wconf 90' lang='lat' dir='ltr'>in</span> <span class='ocrx_word' id='word_1_144' title='bbox 839 1920 897 1982; x_wconf 90' lang='lat' dir='ltr'>hoo</span> <span class='ocrx_word' id='word_1_145' title='bbox 926 1920 1021 1983; x_wconf 90' lang='lat' dir='ltr'>Verbo</span> <span class='ocrx_word' id='word_1_146' title='bbox 1050 1930 1080 1982; x_wconf 93' lang='lat' dir='ltr'>et</span> <span class='ocrx_word' id='word_1_147' title='bbox 1102 1922 1251 2000; x_wconf 86' lang='lat' dir='ltr'>Sapientia</span> <span class='ocrx_word' id='word_1_148' title='bbox 1284 1921 1352 1983; x_wconf 83' lang='lat' dir='ltr'>iacti</span> 
     </span>
     <span class='ocr_line' id='line_1_17' title="bbox 126 2020 1351 2103; baseline -0.003 -16"><span class='ocrx_word' id='word_1_149' title='bbox 126 2033 194 2087; x_wconf 88' lang='lat' dir='ltr'>sunt</span> <span class='ocrx_word' id='word_1_150' title='bbox 215 2024 290 2087; x_wconf 79' lang='lat' dir='ltr'>eseli</span> <span class='ocrx_word' id='word_1_151' title='bbox 314 2033 344 2085; x_wconf 93' lang='lat' dir='ltr'>et</span> <span class='ocrx_word' id='word_1_152' title='bbox 366 2032 444 2085; x_wconf 86' lang='lat' dir='ltr'>terra</span> <span class='ocrx_word' id='word_1_153' title='bbox 466 2041 501 2083; x_wconf 89' lang='lat' dir='ltr'>ao</span> <span class='ocrx_word' id='word_1_154' title='bbox 522 2021 637 2097; x_wconf 89' lang='lat' dir='ltr'>omnia,</span> <span class='ocrx_word' id='word_1_155' title='bbox 660 2020 787 2100; x_wconf 89' lang='lat' dir='ltr'>quaein</span> <span class='ocrx_word' id='word_1_156' title='bbox 809 2022 853 2083; x_wconf 91' lang='lat' dir='ltr'>eis</span> <span class='ocrx_word' id='word_1_157' title='bbox 876 2031 955 2084; x_wconf 91' lang='lat' dir='ltr'>sunt.</span> <span class='ocrx_word' id='word_1_158' title='bbox 999 2023 1093 2085; x_wconf 82' lang='lat' dir='ltr'>liuius</span> <span class='ocrx_word' id='word_1_159' title='bbox 1115 2041 1206 2103; x_wconf 93' lang='lat' dir='ltr'>porro</span> <span class='ocrx_word' id='word_1_160' title='bbox 1230 2022 1351 2101; x_wconf 92' lang='lat' dir='ltr'>sapien·</span> 
     </span>
     <span class='ocr_line' id='line_1_18' title="bbox 124 2122 1353 2203; baseline -0.003 -15"><span class='ocrx_word' id='word_1_161' title='bbox 124 2126 179 2188; x_wconf 86' lang='lat' dir='ltr'>tiae</span> <span class='ocrx_word' id='word_1_162' title='bbox 208 2128 323 2188; x_wconf 86' lang='lat' dir='ltr'>lentem</span> <span class='ocrx_word' id='word_1_163' title='bbox 345 2143 413 2187; x_wconf 90' lang='lat' dir='ltr'>esse</span> <span class='ocrx_word' id='word_1_164' title='bbox 435 2125 545 2197; x_wconf 86' lang='lat' dir='ltr'>Deum,</span> <span class='ocrx_word' id='word_1_165' title='bbox 578 2141 635 2185; x_wconf 89' lang='lat' dir='ltr'>nos</span> <span class='ocrx_word' id='word_1_166' title='bbox 664 2122 752 2184; x_wconf 85' lang='lat' dir='ltr'>docet</span> <span class='ocrx_word' id='word_1_167' title='bbox 772 2122 904 2197; x_wconf 85' lang='lat' dir='ltr'>Baruoh,</span> <span class='ocrx_word' id='word_1_168' title='bbox 935 2124 984 2186; x_wconf 92' lang='lat' dir='ltr'>uhi</span> <span class='ocrx_word' id='word_1_169' title='bbox 1012 2125 1146 2186; x_wconf 84' lang='lat' dir='ltr'>videlieet</span> <span class='ocrx_word' id='word_1_170' title='bbox 1167 2123 1353 2203; x_wconf 81' lang='lat' dir='ltr'>redarguitur</span> 
     </span>
     <span class='ocr_line' id='line_1_19' title="bbox 124 2224 1350 2308; baseline -0.003 -19"><span class='ocrx_word' id='word_1_171' title='bbox 124 2229 214 2290; x_wconf 80' lang='lat' dir='ltr'>lsrael</span> <span class='ocrx_word' id='word_1_172' title='bbox 235 2230 353 2308; x_wconf 74' lang='lat' dir='ltr'>fontem</span> <span class='ocrx_word' id='word_1_173' title='bbox 375 2229 542 2307; x_wconf 82' lang='lat' dir='ltr'>supientiae</span> <span class='ocrx_word' id='word_1_174' title='bbox 565 2224 770 2305; x_wconf 77' lang='lat' dir='ltr'>dereliquisse.</span> <span class='ocrx_word' id='word_1_175' title='bbox 817 2224 849 2285; x_wconf 92' lang='lat' dir='ltr'>Si</span> <span class='ocrx_word' id='word_1_176' title='bbox 871 2225 968 2303; x_wconf 86' lang='lat' dir='ltr'>igitur-</span> <span class='ocrx_word' id='word_1_177' title='bbox 984 2245 1027 2299; x_wconf 88' lang='lat' dir='ltr'>ea,</span> <span class='ocrx_word' id='word_1_178' title='bbox 1040 2238 1126 2305; x_wconf 83' lang='lat' dir='ltr'>&#39;quae</span> <span class='ocrx_word' id='word_1_179' title='bbox 1147 2227 1257 2305; x_wconf 86' lang='lat' dir='ltr'>scripta</span> <span class='ocrx_word' id='word_1_180' title='bbox 1272 2231 1350 2297; x_wconf 90' lang='lat' dir='ltr'>sunt,</span> 
     </span>
     <span class='ocr_line' id='line_1_20' title="bbox 125 2324 1350 2410; baseline -0.004 -19"><span class='ocrx_word' id='word_1_181' title='bbox 125 2349 233 2410; x_wconf 83' lang='lat' dir='ltr'>negare</span> <span class='ocrx_word' id='word_1_182' title='bbox 254 2328 420 2401; x_wconf 81' lang='lat' dir='ltr'>voluerint3</span> <span class='ocrx_word' id='word_1_183' title='bbox 442 2329 575 2406; x_wconf 82' lang='lat' dir='ltr'>prolecto</span> <span class='ocrx_word' id='word_1_184' title='bbox 600 2324 740 2398; x_wconf 90' lang='lat' dir='ltr'>nominis,</span> <span class='ocrx_word' id='word_1_185' title='bbox 763 2344 823 2405; x_wconf 89' lang='lat' dir='ltr'>quo</span> <span class='ocrx_word' id='word_1_186' title='bbox 844 2327 1056 2407; x_wconf 79' lang='lat' dir='ltr'>insigniuntur,</span> <span class='ocrx_word' id='word_1_187' title='bbox 1079 2328 1191 2406; x_wconf 88' lang='lat' dir='ltr'>indigni</span> <span class='ocrx_word' id='word_1_188' title='bbox 1214 2335 1244 2388; x_wconf 90' lang='lat' dir='ltr'>et</span> <span class='ocrx_word' id='word_1_189' title='bbox 1265 2325 1350 2387; x_wconf 90' lang='lat' dir='ltr'>alieni</span> 
     </span>
     <span class='ocr_line' id='line_1_21' title="bbox 123 2426 1350 2510; baseline -0.002 -19"><span class='ocrx_word' id='word_1_190' title='bbox 123 2433 213 2505; x_wconf 84' lang='lat' dir='ltr'>hunt,</span> <span class='ocrx_word' id='word_1_191' title='bbox 242 2429 425 2510; x_wconf 88' lang='lat' dir='ltr'>proprieque</span> <span class='ocrx_word' id='word_1_192' title='bbox 452 2428 489 2489; x_wconf 92' lang='lat' dir='ltr'>ab</span> <span class='ocrx_word' id='word_1_193' title='bbox 518 2426 656 2488; x_wconf 91' lang='lat' dir='ltr'>omnihus</span> <span class='ocrx_word' id='word_1_194' title='bbox 683 2429 807 2489; x_wconf 84' lang='lat' dir='ltr'>vocandi</span> <span class='ocrx_word' id='word_1_195' title='bbox 837 2436 907 2490; x_wconf 90' lang='lat' dir='ltr'>sunt</span> <span class='ocrx_word' id='word_1_196' title='bbox 934 2428 1016 2508; x_wconf 91' lang='lat' dir='ltr'>impii</span> <span class='ocrx_word' id='word_1_197' title='bbox 1046 2437 1076 2490; x_wconf 93' lang='lat' dir='ltr'>et</span> <span class='ocrx_word' id='word_1_198' title='bbox 1097 2429 1206 2491; x_wconf 84' lang='lat' dir='ltr'>Christi</span> <span class='ocrx_word' id='word_1_199' title='bbox 1234 2427 1350 2500; x_wconf 80' lang='lat' dir='ltr'>hostes,</span> 
     </span>
     <span class='ocr_line' id='line_1_22' title="bbox 123 2528 1350 2613; baseline -0.002 -20"><span class='ocrx_word' id='word_1_200' title='bbox 123 2534 232 2613; x_wconf 89' lang='lat' dir='ltr'>qnippe</span> <span class='ocrx_word' id='word_1_201' title='bbox 261 2531 313 2610; x_wconf 91' lang='lat' dir='ltr'>qui</span> <span class='ocrx_word' id='word_1_202' title='bbox 334 2532 374 2592; x_wconf 92' lang='lat' dir='ltr'>ita</span> <span class='ocrx_word' id='word_1_203' title='bbox 397 2550 429 2592; x_wconf 88' lang='lat' dir='ltr'>se</span> <span class='ocrx_word' id='word_1_204' title='bbox 452 2528 509 2608; x_wconf 91' lang='lat' dir='ltr'>ipsi</span> <span class='ocrx_word' id='word_1_205' title='bbox 530 2528 757 2590; x_wconf 80' lang='lat' dir='ltr'>nominaverint.</span> <span class='ocrx_word' id='word_1_206' title='bbox 803 2530 856 2591; x_wconf 89' lang='lat' dir='ltr'>Sin</span> <span class='ocrx_word' id='word_1_207' title='bbox 880 2541 978 2591; x_wconf 90' lang='lat' dir='ltr'>antem</span> <span class='ocrx_word' id='word_1_208' title='bbox 1001 2531 1090 2592; x_wconf 83' lang='lat' dir='ltr'>rerba</span> <span class='ocrx_word' id='word_1_209' title='bbox 1112 2530 1282 2610; x_wconf 80' lang='lat' dir='ltr'>Scripturas</span> <span class='ocrx_word' id='word_1_210' title='bbox 1305 2530 1350 2590; x_wconf 86' lang='lat' dir='ltr'>al-</span> 
     </span>
     <span class='ocr_line' id='line_1_23' title="bbox 123 2631 1350 2712; baseline -0.005 -17"><span class='ocrx_word' id='word_1_211' title='bbox 123 2636 192 2696; x_wconf 82' lang='lat' dir='ltr'>datn</span> <span class='ocrx_word' id='word_1_212' title='bbox 215 2634 315 2695; x_wconf 80' lang='lat' dir='ltr'>divino</span> <span class='ocrx_word' id='word_1_213' title='bbox 340 2633 447 2711; x_wconf 75' lang='lat' dir='ltr'>scripta</span> <span class='ocrx_word' id='word_1_214' title='bbox 472 2651 540 2693; x_wconf 90' lang='lat' dir='ltr'>esse</span> <span class='ocrx_word' id='word_1_215' title='bbox 561 2631 718 2691; x_wconf 90' lang='lat' dir='ltr'>nobiseum</span> <span class='ocrx_word' id='word_1_216' title='bbox 741 2631 947 2706; x_wconf 82' lang='lat' dir='ltr'>consentiunt,</span> <span class='ocrx_word' id='word_1_217' title='bbox 968 2634 1065 2712; x_wconf 88' lang='lat' dir='ltr'>palam</span> <span class='ocrx_word' id='word_1_218' title='bbox 1088 2632 1226 2693; x_wconf 82' lang='lat' dir='ltr'>audacter</span> <span class='ocrx_word' id='word_1_219' title='bbox 1247 2631 1350 2709; x_wconf 90' lang='lat' dir='ltr'>prole·</span> 
     </span>
     <span class='ocr_line' id='line_1_24' title="bbox 119 2731 1350 2815; baseline -0.006 -17"><span class='ocrx_word' id='word_1_220' title='bbox 119 2746 197 2808; x_wconf 85' lang='lat' dir='ltr'>rant,</span> <span class='ocrx_word' id='word_1_221' title='bbox 222 2734 303 2815; x_wconf 91' lang='lat' dir='ltr'>quod</span> <span class='ocrx_word' id='word_1_222' title='bbox 325 2733 424 2795; x_wconf 89' lang='lat' dir='ltr'>abdite</span> <span class='ocrx_word' id='word_1_223' title='bbox 446 2732 587 2805; x_wconf 87' lang='lat' dir='ltr'>sentiunt,</span> <span class='ocrx_word' id='word_1_224' title='bbox 610 2751 718 2812; x_wconf 88' lang='lat' dir='ltr'>nempe</span> <span class='ocrx_word' id='word_1_225' title='bbox 739 2732 835 2795; x_wconf 82' lang='lat' dir='ltr'>Deum</span> <span class='ocrx_word' id='word_1_226' title='bbox 855 2733 1011 2812; x_wconf 87' lang='lat' dir='ltr'>aliqnando</span> <span class='ocrx_word' id='word_1_227' title='bbox 1034 2733 1159 2794; x_wconf 92' lang='lat' dir='ltr'>rationis</span> <span class='ocrx_word' id='word_1_228' title='bbox 1182 2742 1211 2793; x_wconf 91' lang='lat' dir='ltr'>et</span> <span class='ocrx_word' id='word_1_229' title='bbox 1230 2731 1350 2811; x_wconf 89' lang='lat' dir='ltr'>sapien-</span> 
     </span>
     <span class='ocr_line' id='line_1_25' title="bbox 120 2834 1352 2916; baseline -0.006 -16"><span class='ocrx_word' id='word_1_230' title='bbox 120 2839 178 2900; x_wconf 85' lang='lat' dir='ltr'>tiae</span> <span class='ocrx_word' id='word_1_231' title='bbox 202 2838 299 2901; x_wconf 86' lang='lat' dir='ltr'>luisse</span> <span class='ocrx_word' id='word_1_232' title='bbox 322 2845 489 2916; x_wconf 86' lang='lat' dir='ltr'>expertem,</span> <span class='ocrx_word' id='word_1_233' title='bbox 512 2838 703 2913; x_wconf 84' lang='lat' dir='ltr'>furentesque</span> <span class='ocrx_word' id='word_1_234' title='bbox 731 2834 844 2896; x_wconf 82' lang='lat' dir='ltr'>dicant:</span> <span class='ocrx_word' id='word_1_235' title='bbox 875 2834 971 2908; x_wconf 88' lang='lat' dir='ltr'>„Fuit</span> <span class='ocrx_word' id='word_1_236' title='bbox 1003 2834 1158 2913; x_wconf 90' lang='lat' dir='ltr'>aliquando</span> <span class='ocrx_word' id='word_1_237' title='bbox 1191 2852 1257 2894; x_wconf 86' lang='lat' dir='ltr'>enm</span> <span class='ocrx_word' id='word_1_238' title='bbox 1290 2849 1352 2893; x_wconf 89' lang='lat' dir='ltr'>non</span> 
     </span>
     <span class='ocr_line' id='line_1_26' title="bbox 121 2935 1351 3015; baseline -0.005 -15"><span class='ocrx_word' id='word_1_239' title='bbox 121 2946 245 3013; x_wconf 66' lang='lat' dir='ltr'>„esset</span> <span class='ocrx_word' id='word_1_240' title='bbox 267 2956 323 2999; x_wconf 89' lang='lat' dir='ltr'>nec</span> <span class='ocrx_word' id='word_1_241' title='bbox 345 2937 400 2998; x_wconf 86' lang='lat' dir='ltr'>luit</span> <span class='ocrx_word' id='word_1_242' title='bbox 414 2936 550 2997; x_wconf 88' lang='lat' dir='ltr'>Christus</span> <span class='ocrx_word' id='word_1_243' title='bbox 572 2936 745 3015; x_wconf 87' lang='lat' dir='ltr'>priusquam</span> <span class='ocrx_word' id='word_1_244' title='bbox 762 2944 807 2997; x_wconf 92' lang='lat' dir='ltr'>est</span> <span class='ocrx_word' id='word_1_245' title='bbox 821 2937 973 3015; x_wconf 86' lang='lat' dir='ltr'>genitus.“</span> <span class='ocrx_word' id='word_1_246' title='bbox 1006 2936 1181 2997; x_wconf 90' lang='lat' dir='ltr'>Praedieent</span> <span class='ocrx_word' id='word_1_247' title='bbox 1196 2935 1266 2997; x_wconf 89' lang='lat' dir='ltr'>item</span> <span class='ocrx_word' id='word_1_248' title='bbox 1281 2937 1351 2995; x_wconf 92' lang='lat' dir='ltr'>lon-</span> 
     </span>
     <span class='ocr_line' id='line_1_27' title="bbox 121 3036 1350 3119; baseline -0.007 -15"><span class='ocrx_word' id='word_1_249' title='bbox 121 3052 180 3104; x_wconf 83' lang='lat' dir='ltr'>tem</span> <span class='ocrx_word' id='word_1_250' title='bbox 202 3060 265 3103; x_wconf 91' lang='lat' dir='ltr'>non</span> <span class='ocrx_word' id='word_1_251' title='bbox 290 3058 325 3101; x_wconf 83' lang='lat' dir='ltr'>ex</span> <span class='ocrx_word' id='word_1_252' title='bbox 348 3039 450 3119; x_wconf 90' lang='lat' dir='ltr'>seipso</span> <span class='ocrx_word' id='word_1_253' title='bbox 472 3038 646 3119; x_wconf 90' lang='lat' dir='ltr'>sapientiam</span> <span class='ocrx_word' id='word_1_254' title='bbox 668 3036 817 3116; x_wconf 91' lang='lat' dir='ltr'>genuisse,</span> <span class='ocrx_word' id='word_1_255' title='bbox 840 3039 893 3099; x_wconf 89' lang='lat' dir='ltr'>sed</span> <span class='ocrx_word' id='word_1_256' title='bbox 917 3039 1100 3100; x_wconf 81' lang='lat' dir='ltr'>extrinsecus</span> <span class='ocrx_word' id='word_1_257' title='bbox 1121 3057 1185 3100; x_wconf 90' lang='lat' dir='ltr'>eam</span> <span class='ocrx_word' id='word_1_258' title='bbox 1200 3036 1350 3109; x_wconf 88' lang='lat' dir='ltr'>hahuisse,</span> 
     </span>
     <span class='ocr_line' id='line_1_28' title="bbox 122 3138 1351 3213; baseline -0.005 -9"><span class='ocrx_word' id='word_1_259' title='bbox 122 3156 153 3204; x_wconf 88' lang='lat' dir='ltr'>nt</span> <span class='ocrx_word' id='word_1_260' title='bbox 181 3152 214 3205; x_wconf 84' lang='lat' dir='ltr'>et</span> <span class='ocrx_word' id='word_1_261' title='bbox 241 3143 342 3204; x_wconf 80' lang='lat' dir='ltr'>dicere</span> <span class='ocrx_word' id='word_1_262' title='bbox 370 3141 510 3201; x_wconf 88' lang='lat' dir='ltr'>audeant:</span> <span class='ocrx_word' id='word_1_263' title='bbox 541 3138 606 3213; x_wconf 80' lang='lat' dir='ltr'>„Ex</span> <span class='ocrx_word' id='word_1_264' title='bbox 632 3138 725 3201; x_wconf 89' lang='lat' dir='ltr'>nihilo</span> <span class='ocrx_word' id='word_1_265' title='bbox 749 3141 843 3201; x_wconf 89' lang='lat' dir='ltr'>lactus</span> <span class='ocrx_word' id='word_1_266' title='bbox 865 3147 913 3201; x_wconf 91' lang='lat' dir='ltr'>est</span> <span class='ocrx_word' id='word_1_267' title='bbox 934 3139 1058 3201; x_wconf 85' lang='lat' dir='ltr'>Filius.“</span> <span class='ocrx_word' id='word_1_268' title='bbox 1103 3140 1167 3201; x_wconf 81' lang='lat' dir='ltr'>llos</span> <span class='ocrx_word' id='word_1_269' title='bbox 1189 3140 1267 3201; x_wconf 91' lang='lat' dir='ltr'>enim</span> <span class='ocrx_word' id='word_1_270' title='bbox 1290 3156 1351 3198; x_wconf 92' lang='lat' dir='ltr'>non</span> 
     </span>
     <span class='ocr_line' id='line_1_29' title="bbox 120 3240 1350 3321; baseline -0.003 -18"><span class='ocrx_word' id='word_1_271' title='bbox 120 3250 234 3305; x_wconf 85' lang='lat' dir='ltr'>lentem</span> <span class='ocrx_word' id='word_1_272' title='bbox 257 3260 327 3305; x_wconf 90' lang='lat' dir='ltr'>eum</span> <span class='ocrx_word' id='word_1_273' title='bbox 350 3260 419 3302; x_wconf 92' lang='lat' dir='ltr'>esse</span> <span class='ocrx_word' id='word_1_274' title='bbox 442 3241 636 3315; x_wconf 87' lang='lat' dir='ltr'>demonstrat,</span> <span class='ocrx_word' id='word_1_275' title='bbox 659 3240 713 3303; x_wconf 89' lang='lat' dir='ltr'>sed</span> <span class='ocrx_word' id='word_1_276' title='bbox 736 3241 883 3321; x_wconf 87' lang='lat' dir='ltr'>quendam</span> <span class='ocrx_word' id='word_1_277' title='bbox 904 3241 1004 3321; x_wconf 90' lang='lat' dir='ltr'>potins</span> <span class='ocrx_word' id='word_1_278' title='bbox 1026 3242 1141 3314; x_wconf 86' lang='lat' dir='ltr'>laeum,</span> <span class='ocrx_word' id='word_1_279' title='bbox 1175 3260 1280 3320; x_wconf 88' lang='lat' dir='ltr'>aquam</span> <span class='ocrx_word' id='word_1_280' title='bbox 1302 3259 1350 3300; x_wconf 87' lang='lat' dir='ltr'>ve-</span> 
     </span>
     <span class='ocr_line' id='line_1_30' title="bbox 120 3338 1124 3423; baseline -0.002 -18"><span class='ocrx_word' id='word_1_281' title='bbox 120 3346 172 3406; x_wconf 88' lang='lat' dir='ltr'>luti</span> <span class='ocrx_word' id='word_1_282' title='bbox 196 3344 384 3407; x_wconf 74' lang='lat' dir='ltr'>extrinsecus</span> <span class='ocrx_word' id='word_1_283' title='bbox 405 3338 611 3422; x_wconf 67' lang='lat' dir='ltr'>excipientem*</span> <span class='ocrx_word' id='word_1_284' title='bbox 620 3342 772 3422; x_wconf 75' lang='lat' dir='ltr'>fontisque</span> <span class='ocrx_word' id='word_1_285' title='bbox 793 3362 901 3404; x_wconf 90' lang='lat' dir='ltr'>nomen</span> <span class='ocrx_word' id='word_1_286' title='bbox 924 3352 1124 3423; x_wconf 90' lang='lat' dir='ltr'>usurpantem.</span> 
     </span>
    </p>
   </div>
   <div class='ocr_carea' id='block_1_5' title="bbox 117 3544 1409 4341">
    <p class='ocr_par' dir='ltr' id='par_1_5' title="bbox 117 3544 1409 4341">
     <span class='ocr_line' id='line_1_31' title="bbox 209 3544 1352 3626; baseline -0.006 -15"><span class='ocrx_word' id='word_1_287' title='bbox 209 3550 260 3613; x_wconf 82' lang='lat' dir='ltr'>m.</span> <span class='ocrx_word' id='word_1_288' title='bbox 303 3546 412 3609; x_wconf 83' lang='lat' dir='ltr'>Vemm</span> <span class='ocrx_word' id='word_1_289' title='bbox 435 3564 522 3626; x_wconf 92' lang='lat' dir='ltr'>quam</span> <span class='ocrx_word' id='word_1_290' title='bbox 542 3546 705 3609; x_wconf 82' lang='lat' dir='ltr'>execranda</span> <span class='ocrx_word' id='word_1_291' title='bbox 726 3547 799 3607; x_wconf 87' lang='lat' dir='ltr'>haee</span> <span class='ocrx_word' id='word_1_292' title='bbox 820 3547 861 3607; x_wconf 91' lang='lat' dir='ltr'>sit</span> <span class='ocrx_word' id='word_1_293' title='bbox 882 3547 1029 3626; x_wconf 89' lang='lat' dir='ltr'>impietas,</span> <span class='ocrx_word' id='word_1_294' title='bbox 1052 3545 1201 3625; x_wconf 89' lang='lat' dir='ltr'>ambigere</span> <span class='ocrx_word' id='word_1_295' title='bbox 1222 3544 1352 3606; x_wconf 88' lang='lat' dir='ltr'>arbitror</span> 
     </span>
     <span class='ocr_line' id='line_1_32' title="bbox 119 3646 1350 3727; baseline -0.002 -19"><span class='ocrx_word' id='word_1_296' title='bbox 119 3648 290 3721; x_wconf 82' lang='lat' dir='ltr'>neminem,</span> <span class='ocrx_word' id='word_1_297' title='bbox 316 3649 369 3726; x_wconf 89' lang='lat' dir='ltr'>qui</span> <span class='ocrx_word' id='word_1_298' title='bbox 395 3646 443 3709; x_wconf 83' lang='lat' dir='ltr'>rel</span> <span class='ocrx_word' id='word_1_299' title='bbox 470 3647 585 3709; x_wconf 89' lang='lat' dir='ltr'>tantillo</span> <span class='ocrx_word' id='word_1_300' title='bbox 613 3666 704 3711; x_wconf 85' lang='lat' dir='ltr'>senen</span> <span class='ocrx_word' id='word_1_301' title='bbox 724 3648 831 3727; x_wconf 87' lang='lat' dir='ltr'>rigeat.</span> <span class='ocrx_word' id='word_1_302' title='bbox 876 3649 951 3721; x_wconf 80' lang='lat' dir='ltr'>Quia</span> <span class='ocrx_word' id='word_1_303' title='bbox 974 3658 1071 3710; x_wconf 91' lang='lat' dir='ltr'>tamen</span> <span class='ocrx_word' id='word_1_304' title='bbox 1093 3648 1221 3709; x_wconf 88' lang='lat' dir='ltr'>Verbum</span> <span class='ocrx_word' id='word_1_305' title='bbox 1243 3654 1273 3708; x_wconf 91' lang='lat' dir='ltr'>et</span> <span class='ocrx_word' id='word_1_306' title='bbox 1295 3646 1350 3706; x_wconf 91' lang='lat' dir='ltr'>Sa-</span> 
     </span>
     <span class='ocr_line' id='line_1_33' title="bbox 118 3747 1351 3830; baseline -0.001 -21"><span class='ocrx_word' id='word_1_307' title='bbox 118 3750 265 3830; x_wconf 80' lang='lat' dir='ltr'>pientiam</span> <span class='ocrx_word' id='word_1_308' title='bbox 291 3766 375 3810; x_wconf 85' lang='lat' dir='ltr'>mara</span> <span class='ocrx_word' id='word_1_309' title='bbox 402 3768 471 3809; x_wconf 90' lang='lat' dir='ltr'>esse</span> <span class='ocrx_word' id='word_1_310' title='bbox 492 3747 558 3809; x_wconf 86' lang='lat' dir='ltr'>Filii</span> <span class='ocrx_word' id='word_1_311' title='bbox 587 3750 709 3811; x_wconf 89' lang='lat' dir='ltr'>nomina</span> <span class='ocrx_word' id='word_1_312' title='bbox 730 3749 879 3822; x_wconf 82' lang='lat' dir='ltr'>dictitant,</span> <span class='ocrx_word' id='word_1_313' title='bbox 908 3750 982 3810; x_wconf 89' lang='lat' dir='ltr'>haee</span> <span class='ocrx_word' id='word_1_314' title='bbox 1003 3749 1039 3811; x_wconf 92' lang='lat' dir='ltr'>ad</span> <span class='ocrx_word' id='word_1_315' title='bbox 1062 3750 1130 3810; x_wconf 92' lang='lat' dir='ltr'>illos</span> <span class='ocrx_word' id='word_1_316' title='bbox 1154 3750 1251 3811; x_wconf 83' lang='lat' dir='ltr'>dicere</span> <span class='ocrx_word' id='word_1_317' title='bbox 1272 3747 1351 3809; x_wconf 91' lang='lat' dir='ltr'>hand</span> 
     </span>
     <span class='ocr_line' id='line_1_34' title="bbox 119 3850 1352 3929; baseline -0.002 -18"><span class='ocrx_word' id='word_1_318' title='bbox 119 3853 153 3912; x_wconf 83' lang='lat' dir='ltr'>ab</span> <span class='ocrx_word' id='word_1_319' title='bbox 177 3872 213 3912; x_wconf 91' lang='lat' dir='ltr'>re</span> <span class='ocrx_word' id='word_1_320' title='bbox 234 3851 338 3913; x_wconf 88' lang='lat' dir='ltr'>luerit:</span> <span class='ocrx_word' id='word_1_321' title='bbox 362 3850 394 3910; x_wconf 91' lang='lat' dir='ltr'>Si</span> <span class='ocrx_word' id='word_1_322' title='bbox 417 3851 472 3910; x_wconf 87' lang='lat' dir='ltr'>ista</span> <span class='ocrx_word' id='word_1_323' title='bbox 494 3859 563 3913; x_wconf 91' lang='lat' dir='ltr'>sunt</span> <span class='ocrx_word' id='word_1_324' title='bbox 576 3850 642 3912; x_wconf 88' lang='lat' dir='ltr'>Filii</span> <span class='ocrx_word' id='word_1_325' title='bbox 664 3851 805 3912; x_wconf 80' lang='lat' dir='ltr'>duntaxat</span> <span class='ocrx_word' id='word_1_326' title='bbox 828 3851 960 3924; x_wconf 86' lang='lat' dir='ltr'>nomina,</span> <span class='ocrx_word' id='word_1_327' title='bbox 984 3851 1057 3912; x_wconf 90' lang='lat' dir='ltr'>alius</span> <span class='ocrx_word' id='word_1_328' title='bbox 1074 3859 1152 3911; x_wconf 86' lang='lat' dir='ltr'>certe</span> <span class='ocrx_word' id='word_1_329' title='bbox 1168 3851 1216 3910; x_wconf 91' lang='lat' dir='ltr'>ille</span> <span class='ocrx_word' id='word_1_330' title='bbox 1233 3856 1352 3929; x_wconf 90' lang='lat' dir='ltr'>praeter</span> 
     </span>
     <span class='ocr_line' id='line_1_35' title="bbox 120 3950 1409 4033; baseline 0 -18"><span class='ocrx_word' id='word_1_331' title='bbox 120 3975 152 4015; x_wconf 88' lang='lat' dir='ltr'>ea</span> <span class='ocrx_word' id='word_1_332' title='bbox 175 3952 280 4015; x_wconf 89' lang='lat' dir='ltr'>luerit.</span> <span class='ocrx_word' id='word_1_333' title='bbox 323 3951 411 4031; x_wconf 77' lang='lat' dir='ltr'>Atqui</span> <span class='ocrx_word' id='word_1_334' title='bbox 434 3953 461 4014; x_wconf 92' lang='lat' dir='ltr'>si</span> <span class='ocrx_word' id='word_1_335' title='bbox 483 3950 542 4013; x_wconf 83' lang='lat' dir='ltr'>illis</span> <span class='ocrx_word' id='word_1_336' title='bbox 563 3953 735 4015; x_wconf 91' lang='lat' dir='ltr'>nominibus</span> <span class='ocrx_word' id='word_1_337' title='bbox 760 3954 799 4015; x_wconf 91' lang='lat' dir='ltr'>sit</span> <span class='ocrx_word' id='word_1_338' title='bbox 820 3953 1030 4033; x_wconf 88' lang='lat' dir='ltr'>praestantior,</span> <span class='ocrx_word' id='word_1_339' title='bbox 1053 3954 1098 4014; x_wconf 86' lang='lat' dir='ltr'>ias</span> <span class='ocrx_word' id='word_1_340' title='bbox 1120 3970 1180 4013; x_wconf 91' lang='lat' dir='ltr'>uon</span> <span class='ocrx_word' id='word_1_341' title='bbox 1204 3960 1251 4013; x_wconf 90' lang='lat' dir='ltr'>est</span> <span class='ocrx_word' id='word_1_342' title='bbox 1272 3968 1350 4024; x_wconf 80' lang='lat' dir='ltr'>etun,</span> <span class='ocrx_word' id='word_1_343' title='bbox 1406 3972 1409 3977; x_wconf 84' lang='grc'><strong>’</strong></span> 
     </span>
     <span class='ocr_line' id='line_1_36' title="bbox 117 4053 1351 4136; baseline -0.003 -19"><span class='ocrx_word' id='word_1_344' title='bbox 117 4057 168 4136; x_wconf 89' lang='lat' dir='ltr'>qni</span> <span class='ocrx_word' id='word_1_345' title='bbox 199 4054 404 4135; x_wconf 84' lang='lat' dir='ltr'>praestantior</span> <span class='ocrx_word' id='word_1_346' title='bbox 431 4053 486 4127; x_wconf 88' lang='lat' dir='ltr'>sit,</span> <span class='ocrx_word' id='word_1_347' title='bbox 516 4072 551 4116; x_wconf 82' lang='lat' dir='ltr'>ex</span> <span class='ocrx_word' id='word_1_348' title='bbox 582 4055 773 4117; x_wconf 79' lang='lat' dir='ltr'>inferioribus</span> <span class='ocrx_word' id='word_1_349' title='bbox 802 4055 971 4135; x_wconf 83' lang='lat' dir='ltr'>significari.</span> <span class='ocrx_word' id='word_1_350' title='bbox 1018 4054 1105 4128; x_wconf 83' lang='lat' dir='ltr'>Quod</span> <span class='ocrx_word' id='word_1_351' title='bbox 1129 4055 1154 4114; x_wconf 88' lang='lat' dir='ltr'>si</span> <span class='ocrx_word' id='word_1_352' title='bbox 1177 4053 1351 4131; x_wconf 76' lang='lat' dir='ltr'>nominihus</span> 
     </span>
     <span class='ocr_line' id='line_1_37' title="bbox 119 4152 1348 4238; baseline -0.006 -18"><span class='ocrx_word' id='word_1_353' title='bbox 119 4156 248 4221; x_wconf 76' lang='lat' dir='ltr'>interior</span> <span class='ocrx_word' id='word_1_354' title='bbox 269 4156 394 4230; x_wconf 78' lang='lat' dir='ltr'>dimtur,</span> <span class='ocrx_word' id='word_1_355' title='bbox 417 4156 553 4236; x_wconf 86' lang='lat' dir='ltr'>proleoto</span> <span class='ocrx_word' id='word_1_356' title='bbox 574 4175 636 4218; x_wconf 91' lang='lat' dir='ltr'>non</span> <span class='ocrx_word' id='word_1_357' title='bbox 659 4158 725 4219; x_wconf 90' lang='lat' dir='ltr'>sine</span> <span class='ocrx_word' id='word_1_358' title='bbox 747 4177 836 4219; x_wconf 87' lang='lat' dir='ltr'>eausa</span> <span class='ocrx_word' id='word_1_359' title='bbox 857 4156 1057 4238; x_wconf 83' lang='lat' dir='ltr'>praestantius</span> <span class='ocrx_word' id='word_1_360' title='bbox 1078 4173 1188 4217; x_wconf 89' lang='lat' dir='ltr'>nomen</span> <span class='ocrx_word' id='word_1_361' title='bbox 1211 4152 1348 4226; x_wconf 91' lang='lat' dir='ltr'>obtinuit,</span> 
     </span>
     <span class='ocr_line' id='line_1_38' title="bbox 118 4252 1351 4341; baseline -0.004 -20"><span class='ocrx_word' id='word_1_362' title='bbox 118 4262 209 4341; x_wconf 88' lang='lat' dir='ltr'>idque</span> <span class='ocrx_word' id='word_1_363' title='bbox 234 4261 356 4340; x_wconf 86' lang='lat' dir='ltr'>signnm</span> <span class='ocrx_word' id='word_1_364' title='bbox 385 4258 476 4321; x_wconf 83' lang='lat' dir='ltr'>luerit</span> <span class='ocrx_word' id='word_1_365' title='bbox 501 4258 566 4321; x_wconf 83' lang='lat' dir='ltr'>eius</span> <span class='ocrx_word' id='word_1_366' title='bbox 594 4261 827 4340; x_wconf 87' lang='lat' dir='ltr'>progressionis.</span> <span class='ocrx_word' id='word_1_367' title='bbox 871 4252 957 4339; x_wconf 72' lang='lat' dir='ltr'>hirqui</span> <span class='ocrx_word' id='word_1_368' title='bbox 985 4261 1058 4321; x_wconf 87' lang='lat' dir='ltr'>haee</span> <span class='ocrx_word' id='word_1_369' title='bbox 1086 4258 1221 4337; x_wconf 91' lang='lat' dir='ltr'>impietas</span> <span class='ocrx_word' id='word_1_370' title='bbox 1250 4255 1351 4335; x_wconf 91' lang='lat' dir='ltr'>priore</span> 
     </span>
    </p>
   </div>
   <div class='ocr_carea' id='block_1_6' title="bbox 150 4412 1351 4549">
    <p class='ocr_par' dir='ltr' id='par_1_6' title="bbox 150 4412 1351 4549">
     <span class='ocr_line' id='line_1_39' title="bbox 152 4412 1351 4482; baseline -0.006 -16"><span class='ocrx_word' id='word_1_371' title='bbox 152 4434 173 4466; x_wconf 82' lang='lat' dir='ltr'>a.</span> <span class='ocrx_word' id='word_1_372' title='bbox 194 4417 250 4477; x_wconf 69' lang='lat' dir='ltr'>[teg.</span> <span class='ocrx_word' id='word_1_373' title='bbox 270 4415 451 4482; x_wconf 69' lang='grc' dir='ltr'><em>προείπαμεν.</em></span> <span class='ocrx_word' id='word_1_374' title='bbox 766 4428 820 4480; x_wconf 78' lang='grc' dir='ltr'>φας</span> <span class='ocrx_word' id='word_1_375' title='bbox 847 4415 974 4475; x_wconf 88' lang='lat' dir='ltr'>omittunt,</span> <span class='ocrx_word' id='word_1_376' title='bbox 1001 4426 1072 4479; x_wconf 83' lang='lat' dir='ltr'>qnam</span> <span class='ocrx_word' id='word_1_377' title='bbox 1105 4422 1183 4462; x_wconf 84' lang='lat' dir='ltr'>tumen</span> <span class='ocrx_word' id='word_1_378' title='bbox 1207 4412 1351 4477; x_wconf 82' lang='lat' dir='ltr'>interpretes</span> 
     </span>
     <span class='ocr_line' id='line_1_40' title="bbox 150 4472 882 4549; baseline -0.004 -16"><span class='ocrx_word' id='word_1_379' title='bbox 150 4486 176 4538; x_wconf 91' lang='lat' dir='ltr'>b.</span> <span class='ocrx_word' id='word_1_380' title='bbox 197 4485 237 4535; x_wconf 81' lang='lat' dir='ltr'>Sic</span> <span class='ocrx_word' id='word_1_381' title='bbox 254 4485 311 4547; x_wconf 78' lang='lat' dir='ltr'>Reg.</span> <span class='ocrx_word' id='word_1_382' title='bbox 348 4484 378 4535; x_wconf 78' lang='lat' dir='ltr'>lt</span> <span class='ocrx_word' id='word_1_383' title='bbox 397 4483 456 4533; x_wconf 85' lang='lat' dir='ltr'>editi</span> <span class='ocrx_word' id='word_1_384' title='bbox 476 4472 713 4549; x_wconf 75' lang='lat' dir='ltr'>eratit&#39;roesndoo-</span> <span class='ocrx_word' id='word_1_385' title='bbox 765 4484 882 4546; x_wconf 83' lang='lat' dir='ltr'>legerant.</span> 
     </span>
    </p>
   </div>
   <div class='ocr_carea' id='block_1_7' title="bbox 0 0 1478 5092">
    <p class='ocr_par' dir='ltr' id='par_1_7' title="bbox 0 0 1478 5092">
     <span class='ocr_line' id='line_1_41' title="bbox 0 0 1478 5092; baseline 0 2"><span class='ocrx_word' id='word_1_386' title='bbox 0 0 1478 5092; x_wconf 95' lang='lat' dir='ltr'> </span> 
     </span>
    </p>
   </div>
  </div>
 </body>
</html>
