2948 5092
430 259 540 304 oacrio
556 258 594 301 m.
613 259 729 301 conane
742 259 878 303 tauros.
921 240 929 246 “
1195 245 1258 307 617

22 414 108 477 modi
130 413 250 486 dicitur,
272 409 493 488 intelligendum
516 418 573 483 est,
596 409 707 471 non'ei
727 416 864 488 tauquam
880 409 1022 488 indigenti
1038 410 1131 471 luisse
1146 411 1342 486 detumuere

23 516 79 577 sed
108 513 224 576 bomini
251 531 307 592 per
329 512 428 591 ipsum
449 510 588 572 Verbum.
633 509 751 571 Etenim
773 511 909 590 quisquis
932 529 987 589 pro
1011 512 1068 572 alio
1092 512 1257 587 intercedit,

25 617 151 698 gratiam
174 615 241 694 ipso
263 613 379 693 accipit,
402 630 463 673 nou
486 631 543 690 qua
565 611 705 690 indigeat,
729 611 782 672 sed
804 619 928 690 propter
949 611 1040 686 illum,
1064 612 1148 674 cuius
1171 633 1259 676 causa

27 715 197 779 intercedit.

117 820 147 879 7.
192 815 338 877 Nimirum
365 811 614 893 quemadmodum
644 821 764 874 nostras
795 811 980 875 infirmitates
1002 814 1068 895 ipse
1089 834 1150 876 non
1173 816 1258 877 intir-

27 938 96 981 mus
120 917 263 997 suscepit,
286 924 317 977 et
338 915 460 977 esurivit
482 914 615 994 quamvis
638 932 700 975 uon
723 915 876 987 esuriens,
899 893 1056 992 utsnostra
1077 917 1159 978 Patri
1182 918 1259 979 olle-

29 1038 101 1081 rens
125 1017 248 1090 deleret,
281 1017 322 1077 itu
343 1034 399 1095 pro
421 1012 643 1076 infirmitatibus
665 1014 745 1077 dona
766 1034 782 1077 a
806 1015 867 1077 Deo
890 1016 954 1095 ipse
976 1017 1091 1097 accipit,
1115 1026 1147 1078 ut
1167 1019 1259 1080 bomo

28 1120 86 1200 ipsi
118 1120 294 1180 coniunctus
322 1117 430 1179 borum
458 1118 606 1196 particeps
636 1135 705 1179 esse
733 1124 830 1195 queat.
874 1117 951 1179 llinc
978 1118 1043 1197 ipse
1065 1119 1120 1180 ait:
1152 1120 1262 1183 Omm'c

28 1239 223 1304 quaecunque
245 1219 450 1282 dedistimt'bi
470 1220 539 1281 dedi
558 1222 608 1290 cis,
632 1218 804 1280 etiterum:
825 1238 885 1298 pro
909 1224 953 1281 eta
975 1238 1062 1301 rogo.
1098 1218 1156 1280 Pro
1173 1219 1260 1282 nobis

28 1340 139 1402 nempe
161 1320 299 1398 rogabat,
323 1319 390 1392 bis,
413 1338 489 1398 quae
511 1327 614 1379 nostra
637 1329 724 1393 sunt,
748 1321 912 1399 susceptis,
940 1329 970 1382 et
991 1321 1078 1382 dabat
1099 1340 1175 1400 quac
1196 1324 1261 1400 ipse

29 1422 204 1503 accipiebat.
249 1421 397 1493 Quoniam
429 1420 519 1499 igitur
540 1420 638 1481 Verbo
666 1420 824 1482 coniuncto
847 1440 913 1483 cum
935 1422 1056 1483 bomine
1076 1422 1165 1483 Pater
1186 1440 1260 1500 pro-

29 1532 98 1605 pter
120 1523 222 1602 ipsum
242 1521 372 1584 Verbum
394 1521 507 1583 bomini
530 1520 634 1595 dabat,
665 1530 698 1583 ut
725 1522 903 1584 exaltaretur
925 1540 1103 1602 omnemque
1125 1532 1260 1602 potesta-

30 1635 90 1688 tem
113 1625 239 1686 baberet
260 1631 290 1684 et
309 1623 364 1684 alia
378 1621 566 1696 huiusmodi;
589 1622 699 1684 idcirco
723 1625 821 1684 omnia
846 1624 1054 1685 adscribuntur
1074 1624 1132 1704 ipsi
1153 1614 1261 1699 Verbo,

29 1728 78 1789 orii
108 1736 138 1788 et
170 1725 259 1785 veluti
288 1724 396 1786 dantur
417 1742 609 1803 quaecunque
630 1742 688 1785 uos
710 1744 764 1805 per
786 1724 884 1804 ipsum
907 1725 1078 1806 accipimus.
1121 1725 1160 1788 Ut
1182 1705 1261 1787 enim

31 1835 158 1908 propter
185 1845 242 1888 nos
271 1826 361 1887 bomo
385 1827 479 1887 lactus
502 1834 564 1897 est,
592 1826 633 1886 ita
654 1843 711 1886 uos
734 1834 857 1905 propter
879 1845 947 1888 eum
970 1827 1139 1890 exaltamur.
1151 1825 1264 1921 3Nibit

31 1929 125 2008 igitur
154 1927 274 1989 absurdi
296 1934 360 2000 est,
394 1926 421 1987 si
443 1926 690 2005 quemadmodum
714 1928 844 2006 seipsum
866 1935 991 2007 propter
1011 1946 1068 1991 nos
1090 1926 1262 2001 humiliavit,

26 2029 73 2111 ¹ita
101 2036 134 2090 et
160 2037 285 2108 propter
313 2046 370 2088 nos
393 2027 512 2089 exaltari
535 2028 657 2089 dicatur.
701 2029 802 2108 ltaque
824 2030 949 2092 donavit
970 2029 1032 2100 tttt,
1055 2029 1085 2090 id
1108 2036 1154 2091 est
1174 2029 1263 2090 nobis

30 2137 157 2212 propter
180 2129 293 2209 ipsum,
323 2138 353 2191 et
382 2129 549 2206 equitavit,
584 2128 614 2190 id
644 2136 691 2190 est
719 2149 776 2190 nos
804 2130 834 2190 in
863 2130 942 2209 ipso.
998 2130 1127 2192 Verbum
1160 2148 1263 2208 porro,

31 2250 98 2293 cum
121 2247 181 2291 uos
204 2231 382 2304 exaltamur,
404 2231 564 2310 accipimus
587 2239 617 2291 et
639 2230 821 2303 adiuvamur,
844 2232 929 2311 quasi
952 2230 1050 2311 ipsum
1073 2230 1260 2304 exaltaretur,

31 2333 180 2410 acciperet
207 2339 254 2393 est
282 2333 485 2405 adiuvaretur,
515 2331 623 2410 gratias
645 2331 706 2411 agit
726 2332 816 2405 Patri,
840 2342 1001 2412 nostraque
1034 2333 1065 2392 in
1098 2350 1131 2393 se
1164 2330 1262 2411 ipsum
1272 2347 1349 2394 eata

37 2434 183 2494 transfert
205 2442 235 2492 et
256 2431 313 2493 ait:
350 2433 459 2494 Omnia
480 2450 672 2514 quaecunque
695 2434 806 2496 dedisti
823 2433 898 2495 mibi
919 2434 988 2495 dedi
1007 2437 1059 2494 eis.

119 2737 150 2800 8.
194 2734 295 2795 Ariani
323 2732 446 2796 Eusebii
476 2733 611 2812 gregales
639 2751 707 2796 cum
729 2732 804 2793 Filio
832 2731 1010 2811 principium
1039 2732 1185 2793 existendi
1207 2732 1264 2793 tri-

34 2837 145 2910 buunt,
176 2834 317 2898 simulant
346 2854 380 2895 se
410 2835 489 2896 nolle
518 2853 586 2896 eum
608 2834 693 2914 regni
715 2833 892 2913 principium
914 2833 1033 2894 babere.
1077 2833 1165 2912 btqui
1188 2832 1267 2894 istud
1327 2820 1330 2825 ’

34 2938 193 3000 ridiculum
215 2936 321 3008 luerit;
351 2935 498 3014 siquidem
529 2937 579 3014 qui
601 2935 677 2996 Filio
700 2935 750 2996 dat
771 2933 918 2995 existendi
938 2933 1266 3018 principium-maui-

35 3040 111 3102 leste
140 3037 321 3118 principium
349 3055 467 3115 quoque
496 3036 640 3116 regnandi
667 3035 709 3097 illi
739 3036 805 3108 dat,
837 3053 872 3096 ac
897 3034 1024 3115 proinde
1046 3034 1165 3096 latendo
1187 3034 1268 3115 quod

36 3147 145 3220 negant
178 3157 212 3199 se
246 3157 349 3200 caecos
377 3138 437 3218 ipsi
466 3157 534 3200 esse
556 3138 696 3218 produnt
741 3137 800 3210 Qui
820 3122 894 3198 ‘item
916 3136 999 3198 aiunt
1019 3155 1135 3198 merum
1156 3154 1268 3198 nomeu

38 3240 101 3304 lilii
132 3258 220 3313 esse,
250 3238 354 3301 Filium
382 3249 480 3301 autem
502 3239 556 3301 Dei
584 3238 615 3300 id
647 3246 694 3301 eat
715 3237 844 3320 Verbum
865 3237 963 3300 Patris
986 3226 1117 3300 essentia
1140 3246 1171 3299 et
1192 3237 1267 3300 sub·

17 3335 147 3405 'sunda
169 3359 292 3401 vacuum
315 3358 400 3415 esse,
430 3343 546 3420 lingunt
568 3359 602 3402 se
624 3339 767 3402 adversus
790 3339 857 3401 illos
880 3338 1028 3419 indignari
1036 3341 1054 3413 ,'
1077 3339 1128 3418 qui
1151 3338 1268 3400 dicunt:

37 3439 105 3506 luit
134 3441 294 3521 aliquando
322 3459 389 3503 cum
416 3460 479 3503 non
507 3450 595 3503 esset.
641 3441 729 3520 Atqui
751 3441 781 3501 id
805 3440 893 3502 ctiam
916 3439 1073 3525 ridiculum
1094 3448 1150 3502 est
1195 3439 1270 3500 Nam

36 3546 84 3625 qui
117 3543 202 3604 illum
232 3561 272 3604 ne
300 3560 371 3604 esse
398 3542 518 3621 quidem
540 3542 660 3618 volunt,
691 3541 750 3604 illis
772 3549 968 3615 succensent,
1000 3538 1143 3620 quicum
1165 3539 1270 3601 saltem

12 3652 177 3726 ,tempore
210 3662 279 3706 esse
310 3644 486 3706 concedunt.
531 3644 634 3724 ltaque
665 3642 698 3704 bi
727 3644 816 3705 etiam
842 3643 1022 3706 confitentur
1049 3640 1130 3720 quod
1152 3646 1271 3719 negant,

32 3763 105 3811 aim
129 3744 205 3807 alios
228 3746 461 3825 reprehendunt.
504 3745 664 3807 Praeterea
684 3743 859 3817 Eusebiani,
882 3744 932 3822 qui
954 3743 1060 3805 Filium
1083 3742 1271 3813 confitentur,

29 3864 108 3912 eum
141 3853 247 3908 natura
277 3846 405 3908 Verbum
434 3865 502 3909 esse
529 3853 654 3926 negant,
687 3844 810 3923 solaque
839 3843 1018 3923 cogitatione
1045 3840 1134 3902 Verbi
1161 3856 1272 3900 nomen

28 3943 116 4013 Filio
138 3946 244 4008 volunt
265 3947 398 4022 concedi,
422 3946 471 4009 alii
492 3965 580 4021 vero,
603 3945 652 4027 qui
674 3944 805 4007 Verbum
827 3945 1022 4018 confitentur,
1045 3949 1153 4022 negant
1173 3941 1272 4020 ipsum
1317 3974 1323 3984 —

24 4193 224 4282 {regnatricem
252 4191 367 4255 ἑαυτὸν,
400 4189 487 4254 οὕτως
511 4193 557 4247 καὶ
591 4187 631 4246 δι’
661 4184 868 4315 ‘fflffl‘f‘
891 4197 966 4315 l’aulp
982 4185 1194 4261 postSaguer.p31
1212 4193 1274 4253 {iov-

26 4282 44 4329 ν,
73 4282 119 4321 ας.
828 4279 846 4312 α
883 4279 917 4325 ην
935 4279 980 4315 ec

27 4286 161 4457 ἓξὲξ
175 4331 423 4464 gzaesfhffgmffeng
442 4332 635 4464 sletggrflgssffi
719 4367 736 4416 l.
760 4366 800 4416 Sic
818 4277 881 4428 lie?
893 4373 917 4416 et
934 4365 1034 4427 Sequor.
1069 4362 1097 4412 tt
1115 4359 1156 4411 alii
1174 4365 1200 4412 at
1217 4357 1275 4410 editt

26 4466 132 4538 bng'lie.
159 4459 249 4538 ἇρχὴν
270 4465 325 4518 τοῦ
345 4455 424 4520 duat.
466 4468 512 4519 ttii
530 4476 555 4519 et
576 4466 634 4531 editi
684 4445 893 4500 'mmmm'
