2948 5092
476 226 585 273 omaro
600 230 621 271 r.
638 228 753 274 conans
768 230 903 276 caunos.
1074 293 1084 311 ‘
1231 221 1294 284 245

90 380 228 442 beentur:
250 377 298 442 dn
318 384 441 443 noratis
464 382 534 461 quio
557 379 697 459 ternplum
718 380 777 443 Dei
796 387 867 444 estis
890 394 920 446 ct
941 383 1078 466 Spiritus
1100 385 1159 449 Dei
1179 387 1383 455 habitatam.

87 466 116 541 iri
129 478 231 545 voirs?
273 480 348 542 Cum
377 480 455 542 enim
478 480 623 542 Dominus
650 487 787 561 tanquam
814 483 905 546 bomo
938 485 1086 548 laiarctur
1107 487 1136 548 in
1158 488 1295 564 Iordane,

81 581 209 661 nosipsi
237 581 269 642 in
296 581 348 642 iilo
377 590 406 643 et
434 580 543 643 abillo
567 579 742 645 tenebamur.
787 583 860 645 Cum
882 585 954 647 item
976 585 1116 666 Spiritum
1139 588 1295 670 acciperet,

77 702 128 744 uos
147 683 255 763 dignos
276 681 429 756 reddebat,
453 681 503 761 qui
528 681 609 744 iilum
630 682 839 763 acciperemus.
884 686 1029 759 Quocirca
1052 707 1113 751 non
1142 697 1175 751 ut
1195 691 1296 752 Aaron

72 786 112 846 rel
133 784 223 846 David
247 783 367 847 autulii
390 802 495 845 omncs
517 783 557 846 ita
580 783 695 865 etipse
718 785 784 847 oleo
808 796 855 848 est
877 796 1000 863 unctus,
1031 791 1084 851 sed
1113 791 1198 852 aliter
1224 808 1297 870 praa

68 887 203 949 omnibns
232 886 279 948 sui
309 884 517 959 consortibus,
548 903 654 965 nempe
683 885 750 949 oleo
777 888 922 963 laetitiae,
951 891 1031 969 quod
1058 910 1128 953 esso
1151 892 1295 972 Spiritum

66 998 200 1050 sanctum
224 987 273 1049 his
295 987 362 1067 ipse
383 985 550 1067 Prophetae
572 986 668 1048 verbis
691 987 792 1050 docet:
821 988 957 1071 Spiritus
980 991 1105 1055 Domini
1124 1013 1218 1074 snper
1238 1012 1294 1062 nte,

64 1109 97 1151 eo
127 1090 208 1172 qaod
236 1092 365 1152 enauit
389 1107 446 1150 me.
490 1087 571 1149 Idem
600 1106 715 1167 quoquc
743 1089 783 1150 ait
810 1089 987 1170 apostotus:
1025 1092 1181 1166 Quomodo
1203 1097 1297 1157 arnust

61 1209 131 1251 runs
152 1190 238 1252 Dans
261 1189 381 1271 Spiritu
409 1200 525 1251 sancto.
572 1189 696 1261 Quando
717 1189 805 1268 igitur
827 1190 884 1252 ista
906 1191 943 1253 de
965 1191 1015 1253 iilo
1034 1193 1109 1255 dicta
1135 1203 1214 1270 sunt,
1237 1193 1295 1256 nisi

61 1310 129 1352 cnm
151 1299 287 1353 assumta
314 1308 403 1352 carne
432 1289 612 1371 baptismum
642 1290 673 1351 in
694 1290 819 1352 iordane
843 1294 989 1373 suscepit,
1023 1302 1109 1374 atque
1137 1296 1167 1356 in
1196 1295 1294 1375 ipsum

60 1391 221 1454 descendit
243 1390 398 1473 Spiritus?
442 1391 478 1452 Et
499 1410 571 1452 vcro
593 1392 659 1470 ipse
681 1391 798 1471 quidam
820 1392 965 1455 Dominus
988 1395 1027 1456 ita
1048 1396 1195 1476 loquitur:
1224 1396 1294 1476 Spi-

60 1495 139 1555 ritus
163 1495 200 1555 ds
223 1512 288 1556 mco
311 1497 453 1575 occipiat,
477 1499 507 1554 et
529 1491 590 1572 b'qo
613 1491 700 1553 ilium
721 1497 822 1567 mitto,
851 1495 937 1556 etad
960 1496 1136 1576 discipulos:
1165 1498 1295 1577 Accipite

60 1596 219 1676 Spiritum
242 1607 390 1659 sunctum.
435 1593 635 1655 Nihilominus
657 1593 723 1674 ipse
745 1595 803 1668 iiic,
826 1595 874 1675 qui
898 1604 930 1657 ut
951 1598 1079 1660 Verbum
1103 1607 1132 1659 ot
1153 1597 1297 1679 splendor

59 1698 161 1759 Patris
184 1696 328 1778 Spiritum
361 1696 426 1756 aliis
450 1695 596 1776 impertit,
630 1713 709 1757 nunc
736 1696 841 1757 dicitur
868 1698 1059 1772 sanctificari,
1089 1699 1156 1779 quia
1183 1699 1298 1761 scilicet

59 1802 158 1861 iactus
182 1798 274 1859 bomo
298 1804 346 1858 est
367 1797 491 1876 eiusque
514 1798 713 1859 sanctificatur
735 1817 853 1878 corpus.
898 1799 969 1860 lade
998 1800 1095 1880 itaque
1127 1820 1184 1862 nos
1207 1801 1296 1862 etiam

57 1902 236 1963 unctionem
250 1906 281 1962 et
293 1899 421 1978 sigillum
438 1898 547 1960 trabere
562 1899 757 1979 incoepimus,
780 1899 896 1961 dicente
911 1899 1037 1962 ioanne:
1054 1900 1091 1964 b't
1108 1921 1162 1965 uos
1174 1906 1296 1965 unctio·

59 2022 131 2065 m
153 2002 272 2064 bebetis
294 2020 312 2061 o
334 2011 451 2064 sonato.
495 2000 656 2080 Apostolus
678 2019 795 2081 quoque
818 1998 936 2063 scribit:
959 1993 998 2067 iit
1021 2021 1074 2065 vos
1097 2007 1211 2083 siqnoti
1224 2007 1297 2067 ostis

59 2103 186 2183 Spiritu
210 2105 427 2183 promissionis
457 2113 571 2164 scitoto.
615 2102 691 2162 illud
719 2102 809 2180 igitur
836 2110 958 2183 propter
987 2122 1042 2164 nos
1074 2112 1102 2164 ct
1129 2122 1184 2183 pro
1207 2102 1296 2164 nobis

58 2204 180 2266 dicitur.
225 2202 374 2276 Quidnam
396 2221 466 2264 rcro
489 2203 704 2265 incrementum
728 2203 758 2264 in
773 2203 888 2277 melius,
912 2223 987 2283 quae
1001 2204 1118 2265 virtutis
1134 2204 1179 2265 vel
1200 2204 1297 2266 iacto·

58 2324 130 2366 rum
152 2304 273 2366 Domini
295 2322 410 2366 merces
432 2304 529 2385 possit
553 2324 588 2365 ex
609 2305 657 2366 his
679 2304 824 2385 probari?
858 2305 990 2385 Namque
1012 2306 1038 2366 si
1055 2325 1121 2366 cuin
1136 2305 1217 2367 Deus
1232 2322 1295 2366 non

59 2414 155 2479 essct,
179 2406 274 2467 iactus
296 2405 404 2466 inisset
424 2406 524 2479 Deus,
548 2406 573 2466 si
597 2425 662 2467 cnm
686 2425 746 2467 non
770 2415 852 2468 esset
873 2427 935 2480 rex,
958 2409 1068 2486 regiam
1092 2408 1200 2468 suisset
1221 2425 1386 2470 con-ann.

59 2516 186 2569 secutus
208 2506 398 2585 dignitatem,
428 2506 539 2568 inesset
562 2527 634 2568 sanc
656 2518 754 2570 vestra
777 2509 806 2569 in
830 2509 965 2569 oratione
988 2508 1092 2569 umbra
1115 2508 1219 2569 saltem
1241 2507 1296 2569 ali-

61 2627 121 2686 qua
143 2607 424 2669 verisimilitudinis.
470 2608 522 2670 Sin
545 2617 642 2669 autem
664 2608 744 2671 Deus
766 2610 814 2671 ilie
838 2618 900 2683 est,
930 2610 1053 2688 eiusque
1082 2617 1220 2669 aeternus
1251 2615 1299 2669 est

62 2711 211 2781 thronus,
239 2712 289 2787 qui
312 2728 423 2788 quaeso
446 2709 544 2789 potuit
565 2712 710 2788 proficere
732 2711 827 2784 DcuS,
857 2711 964 2790 quidue
986 2711 1026 2771 iiii
1050 2710 1166 2783 deerat,
1195 2709 1243 2788 qui
1267 2708 1297 2770 in

63 2810 163 2871 Patris
186 2809 265 2871 solio
289 2809 434 2871 sedebat?
479 2811 633 2873 Praeterea
655 2813 691 2886 si,
715 2822 747 2874 at
769 2814 834 2892 ipse
850 2813 976 2873 affirmat
990 2812 1146 2884 Dominus,
1170 2811 1235 2870 eius
1251 2815 1300 2870 est

63 2911 213 2992 Spiritus,
243 2930 279 2972 cx
302 2930 397 2992 eoque
419 2912 539 2993 accipit,
570 2913 693 2993 ipseque
722 2914 803 2974 illum
826 2914 928 2987 mittit,
958 2933 1018 2975 notu
1049 2912 1137 2991 igitur
1158 2910 1298 2982 Verbum,

65 3021 212 3090 quatenus
235 3011 364 3073 Verbum
387 3022 417 3074 et
439 3014 588 3092 Sapientia
612 3023 673 3087 est,
697 3035 712 3075 a
736 3013 865 3093 Spiritu,
889 3033 975 3093 quem
999 3014 1064 3092 ipse
1086 3012 1144 3085 dat,
1168 3011 1298 3090 ungitur,

67 3124 98 3174 at
120 3114 220 3175 infusa
243 3114 274 3175 in
289 3113 447 3175 Dominum
472 3124 608 3194 tanquam
631 3116 662 3176 in
684 3116 835 3177 bominem
855 3116 993 3176 sanctitas
1016 3115 1046 3175 in
1070 3132 1174 3175 omncs
1198 3110 1298 3173 bomi-

68 3234 119 3276 nes
142 3215 179 3276 ab
202 3216 271 3295 ipso
294 3215 467 3277 dimanaret.
511 3216 577 3278 Non
601 3217 679 3279 enim
701 3237 767 3280 ase
783 3218 860 3297 ipso,
884 3217 988 3296 inquit,
1012 3216 1140 3296 Spiritus
1156 3214 1299 3293 loquitur,

69 3315 120 3376 sod
141 3315 241 3394 dignis
263 3335 280 3377 a
303 3316 398 3377 Verbo
421 3317 515 3378 datur.
560 3317 634 3379 Nam
655 3319 704 3380 hic
726 3318 901 3380 Psalmistae
925 3318 1009 3378 locus
1032 3315 1197 3396 superioris
1219 3313 1301 3376 baud

70 3425 112 3477 est
135 3415 304 3480 dissimilis.
348 3416 386 3477 Ut
413 3417 492 3478 enim
518 3418 680 3498 Apostolus
709 3418 845 3499 scripsit:
881 3419 945 3493 Qui
972 3438 1037 3480 carm
1065 3422 1097 3479 in
1118 3418 1222 3496 formo
1244 3415 1304 3477 Dei

70 3772 207 3822 tercino.
225 3764 292 3846 igis
308 3761 449 3835 πνεύματι.
478 3771 556 3821 Ceteri
568 3771 657 3822 crediti
709 3772 800 3851 dnqiic.
827 3772 925 3821 Gabios.
952 3780 974 3820 et
995 3770 1100 3822 Feicitm.
1122 3771 1144 3819 i.
1161 3763 1207 3816 καὶ
1224 3761 1302 3833 ἡμεῖς

70 3835 129 3892 θεὸς
147 3833 178 3887 ἒν
195 3851 338 3904 πνευματι.
705 3852 814 3906 χρισμα
832 3832 937 3905 ἔχομεν.
1292 3884 1294 3888 ,

100 3910 123 3957 d·
142 3907 282 3957 tiabieriau.
302 3914 325 3955 el
343 3906 447 3955 Felcbm-
465 3905 487 3955 1·
506 3900 657 3972 καὶμὴνὸ
745 3922 768 3970 g.
797 3909 937 3969 Sogucrian.
962 3900 1055 3953 τοίνυν
1078 3899 1123 3952 καὶ
1140 3897 1168 3952 ἐκ
1186 3895 1301 3952 τούτων.

68 3968 163 4042 tieret.
712 3977 811 4028 Gobier.
830 3984 853 4025 et
872 3975 976 4024 Feictm.
990 3977 1012 4022 l.
1030 3966 1124 4021 τοίνυν
1141 3965 1169 4021 ἐκ
1187 3965 1301 4020 τούτων.

99 4061 111 4091 e
138 4048 240 4105 Segnis.
267 4041 365 4091 Gobier.
384 4050 407 4092 st
425 4042 530 4092 Feickm.
551 4040 574 4091 1.
593 4033 660 4090 ἄπο·
746 4045 768 4093 b.
789 4041 1302 4105 stcSeguer.cinnomannorum.

68 4107 173 4160 στέλλω.
210 4110 256 4160 stit
275 4119 297 4158 ct
318 4110 390 4158 editio
410 4110 526 4159 Commel.
546 4100 660 4158 ἂποστε-
715 4112 736 4160 l.
772 4111 816 4160 snt
844 4125 899 4158 teuc
926 4119 949 4158 et
975 4111 1031 4158 editi
1054 4101 1213 4171 βασιλεύων.
1249 4105 1303 4154 biox

67 4175 110 4228 iat.
147 4181 200 4229 Mox
227 4180 329 4240 Sequar.
349 4169 363 4223 ὅ
382 4168 479 4230 ἄλλοις.
518 4179 544 4227 la
563 4179 617 4228 aliis
637 4186 661 4228 ct
711 4180 810 4240 Segner.
829 4171 843 4225 i
861 4171 942 4242 λόγος
959 4169 1037 4242 ὑμῶν
1055 4175 1132 4228 σκιᾶς
1149 4165 1220 4222 τινά.

67 4241 168 4296 canisi
189 4247 270 4295 deest.
745 4249 760 4296 i.
780 4247 821 4295 Sic
839 4247 938 4307 Sequar.
957 4255 982 4294 ut
1001 4254 1024 4294 ct
1042 4245 1099 4305 tegit
1114 4244 1228 4293 Nunnius.
1253 4238 1303 4288 Sed

99 4317 114 4364 i.
134 4317 237 4378 Segusa.
265 4313 365 4364 Gobicr.
391 4322 414 4363 ct
437 4314 541 4364 Feickm.
564 4313 584 4362 t.
604 4297 660 4362 οὖν.
713 4296 827 4379 {propi
850 4313 965 4364 scribitur
991 4314 1015 4361 in
1034 4312 1149 4372 Sequor,
1177 4317 1202 4356 ut
1228 4319 1303 4383 saepq

67 4384 124 4432 ibid.
148 4386 253 4439 sepner.
272 4379 322 4428 roi
341 4374 373 4427 τὸ
387 4376 503 4447 χρίσμα.
541 4381 620 4431 Ceteri
638 4390 662 4431 et
713 4383 767 4430 stns
786 4383 857 4430 etism
876 4382 899 4431 in
919 4381 980 4430 iocis
999 4380 1121 4438 contingit.
1158 4374 1304 4425 diiietedttt

65 4451 119 4500 editi
144 4449 229 4499 τοῦτο
260 4442 291 4497 τὸ
312 4443 450 4515 χάρισμα.
491 4449 543 4498 nox
561 4452 661 4510 Segner.
713 4438 761 4496 οὐκ
779 4440 834 4514 ἄρα
852 4441 866 4495 i
884 4443 965 4512 λόγος
982 4438 1102 4495 inrisui
1120 4435 1135 4503 ἦ
1155 4436 1250 4509 roqiu.
