2934 5078
575 253 752 301 marinio.
1241 245 1280 311 13

47 414 140 488 μὴ,
159 404 316 486 Gregorii
339 404 434 486 iiras.
456 404 554 468 oratio
585 404 778 481 iatemetica,
805 406 933 488 denique
961 427 998 470 ex
1016 407 1142 493 loannis
1171 411 1279 475 itama-

49 507 117 572 runi
135 525 236 588 opera
259 506 442 587 dogmatim
464 505 574 568 selecta
594 505 690 587 capita
711 506 748 569 tle
768 506 828 570 ico
849 515 880 571 at
898 507 972 571 lesu
994 508 1123 572 Christo.
1166 512 1200 574 ln
1222 531 1281 592 po·

49 611 164 673 uniore
183 609 287 671 latino
312 614 481 670 ocmrrunt
501 606 685 682 Tertulliani,
708 606 855 689 Cypriani,
876 607 1032 685 Lactantii,
1057 610 1229 692 Hieronymi
1250 622 1282 677 et

48 711 193 791 lmtim
215 710 340 773 delecta
362 707 510 788 quadam
531 707 684 788 museum
727 708 856 790 Utraque
878 718 909 772 et
929 727 1034 790 grreca
1055 720 1086 774 et
1107 713 1213 787 latina,
1246 723 1282 776 ut

50 812 135 875 ahter
154 811 189 873 in
220 808 468 892 pnelationihus
495 826 579 871 more
606 827 664 872 suo
693 810 767 872 setis
798 810 927 875 verbose
957 811 1126 889 declaravit,
1157 813 1280 877 collecti

52 922 113 976 nt
131 931 170 976 eo
192 912 339 984 consilio,
361 919 396 972 ut
416 928 528 992 corpus
549 910 696 990 quoddam
717 910 870 973 doctrinae
890 894 1070 975 ehristimm
1084 914 1129 977 rel
1144 932 1279 977 rumma-

52 1014 121 1077 r'n
134 1012 311 1093 tlrsologhe
326 1021 390 1075 tum
403 1029 579 1092 graecorum
593 1021 657 1075 tum
670 1012 831 1075 launorum
845 1020 961 1093 patrum
977 1032 1013 1076 ex
1027 1014 1087 1078 illis
1102 1016 1279 1079 alliceretur,

53 1114 199 1180 Μυῖα
220 1122 324 1178 anum
345 1121 394 1177 est
414 1112 642 1175 chrestomathia
664 1114 792 1175 menime
812 1113 980 1187 iuranihns,
1001 1120 1055 1197 put
1066 1117 1107 1178 oi
1121 1116 1282 1181 tutorum

54 1218 222 1298 mun
243 1215 487 1280 elntrunmn
506 1224 587 1277 recte
608 1214 778 1278 directim
796 1214 892 1296 poulo
912 1215 1055 1287 citarier,
1076 1235 1167 1299 penso
1184 1236 1281 1298 prro-

55 1317 233 1383 lretiorrirrs
254 1316 433 1380 mamm
452 1315 527 1397 pieri
541 1325 651 1397 potest,
671 1317 819 1398 progredi
838 1326 869 1378 et
888 1319 970 1379 mort
991 1317 1031 1386 ei
1049 1321 1211 1399 propriore
1222 1337 1283 1400 pr-
1335 1355 1340 1366 ι

56 1430 133 1482 trs·
159 1417 438 1482 caumatum
465 1415 621 1480 mum
647 1417 708 1479 rili
729 1434 923 1498 prntporere
951 1422 1088 1499 eupiunt.
1131 1418 1219 1482 Hunc
1243 1417 1282 1482 ai

58 1538 139 1582 nm
159 1518 298 1582 delectus
317 1512 511 1598 emptorum,
532 1536 620 1598 quem
636 1518 705 1580 lecit
716 1516 890 1598 Augustius,
912 1518 1069 1580 maximam
1091 1528 1206 1599 partem
1228 1538 1281 1582 ac·

57 1619 261 1683 mistus
280 1618 397 1681 videtur
417 1626 450 1681 et
468 1617 559 1692 liber,
581 1618 633 1699 qni
653 1636 716 1680 non
736 1618 857 1681 raritate
878 1636 1022 1699 magnove
1042 1621 1140 1699 pretio
1162 1620 1282 1684 studio·
1331 1618 1344 1632 ‘

58 1738 157 1784 unm
179 1720 219 1783 de
239 1718 378 1782 manibus
400 1718 562 1795 excutitur,
584 1719 622 1781 ah
644 1719 794 1783 ohlirione
815 1738 874 1800 qna
894 1721 952 1782 iam
974 1721 1163 1801 intercipitur
1183 1721 1283 1784 vinii-

59 1823 167 1884 nntlm
190 1828 275 1884 erret
294 1830 324 1883 et
343 1818 597 1883 commendandus
618 1819 695 1894 illis,
717 1821 744 1883 si
765 1821 889 1884 liberior
909 1839 926 1883 a
948 1821 1066 1884 mendis
1086 1821 1282 1903 typographi·

60 1924 100 1986 ris
117 1923 207 2005 prelo
228 1922 351 1984 exisset.
396 1920 508 1983 Eorum
531 1921 609 1982 enim
631 1929 731 1984 tantus
753 1931 801 1985 cst
822 1941 980 1997 numerus,
1003 1931 1037 1984 ut
1057 1934 1151 2004 paene
1172 1941 1282 1986 neces·

60 2025 167 2087 stium
190 2023 233 2084 sit
253 2021 370 2102 cingula
391 2022 519 2102 scripta,
542 2029 699 2102 antequam
720 2022 819 2103 legas,
841 2025 877 2086 ad
900 2023 1078 2103 exemplaria
1101 2026 1281 2103 optimarum

60 2125 219 2188 editionum
239 2141 459 2203 recognoscere
480 2117 516 2185 et‘
531 2123 705 2187 emendare:
728 2123 758 2185 id
779 2126 859 2204 quod
876 2124 939 2204 ipse
955 2125 1027 2186 olim
1048 2134 1186 2205 expertus
1202 2144 1281 2200 sum,

61 2245 146 2306 gnum
160 2224 297 2304 Gregorii
312 2224 481 2286 orationem
496 2224 704 2286 catecheticam
718 2224 750 2286 in
767 2213 940 2288 collectione
956 2225 1004 2287 illa
1025 2226 1204 2306 descriptam
1225 2246 1281 2290 ro·

61 2327 172 2389 lalihns
205 2325 359 2388 seminarii
391 2323 550 2405 theologici
581 2326 808 2407 proposuissem
841 2325 1052 2406 explicandam.
1093 2327 1283 2391 Promissum

60 2428 136 2490 tertii
155 2426 334 2500 voluminis,
368 2424 399 2486 in
420 2443 481 2504 quo
504 2425 586 2490 loros
608 2445 777 2490 communes
798 2445 838 2490 en
855 2429 999 2508 petrihur
1019 2432 1174 2493 universio
1195 2429 1281 2492 exhi·

61 2527 128 2591 tae
148 2527 278 2600 volebat,
296 2525 461 2606 Augustius
482 2544 543 2588 non
565 2527 699 2590 exsolvit.
743 2527 827 2601 Quae
848 2537 967 2607 practer
986 2530 1197 2609 Augustianam
1226 2549 1282 2592 on·

62 2636 137 2690 stant
157 2626 417 2691 Chrestomathiae
439 2627 622 2706 patuistirae,
650 2646 752 2691 earum
773 2629 880 2709 partim
904 2630 1012 2691 selecta
1033 2639 1150 2709 patrum
1172 2631 1282 2710 scripta

62 2730 102 2791 rel
123 2729 221 2808 capita
242 2729 278 2790 ad
300 2728 373 2790 alias
394 2727 537 2807 quasdam
559 2728 728 2808 disciplinas
751 2729 931 2808 theologicas
953 2729 1141 2792 illustrandas
1164 2730 1280 2791 studio·
1303 2737 1309 2751 '

64 2831 103 2891 sis
128 2829 340 2910 suppeditant,
369 2828 475 2908 partim
506 2830 598 2890 laetae
619 2839 691 2892 sunt
712 2829 817 2891 usibus
844 2848 965 2902 eorum,
992 2830 1043 2910 qui
1065 2830 1124 2891 sibi
1148 2830 1281 2893 notitiam

64 2930 186 3009 ahanm
208 2930 358 2992 rariorum
380 2937 496 3008 patrum
518 2947 699 3008 comparare,
722 2930 781 2992 hoc
801 2940 849 2992 est
869 2949 972 2992 eorum
988 2930 1147 3010 ingenium,
1170 2930 1283 2992 domni-

64 3049 137 3104 nam,
160 3030 332 3110 disputandi
355 3030 511 3102 rationem,
534 3030 698 3110 scripturae
717 3049 820 3093 sacrae
835 3018 1283 3112 interpretationemseloquen-

65 3132 129 3192 h'am
162 3149 347 3210 cognoscere
380 3131 511 3210 cupiunt.
555 3131 636 3193 lllius
668 3131 785 3210 generis
815 3139 887 3193 sunt
919 3133 1080 3195 Hermanni
1115 3132 1284 3197 Olshauseu

65 3231 219 3297 Historiae
250 3231 470 3294 ecclesiasticae
499 3237 611 3294 ceteris
640 3237 810 3313 praecipuo
840 3245 1049 3307 monumento,
1086 3232 1134 3295 lo.
1164 3233 1284 3313 Caspari

66 3331 153 3393 llrelli
174 3331 295 3394 Selectn
314 3343 438 3411 putrem
459 3336 559 3412 cupite
579 3333 619 3395 oi
640 3325 844 3417 εἷσηγητικὴν
863 3353 983 3396 ruerem
1002 3339 1198 3414 pertinentia,
1220 3334 1284 3396 Lu-

66 3432 156 3494 ioriei
179 3432 243 3493 Pelt
271 3444 302 3492 et
323 3432 442 3494 hienrici
463 3433 635 3495 Rheinwald
656 3434 869 3497 Homiliorium
888 3441 1091 3515 patrioticum.
1133 3434 1176 3495 td
1208 3434 1284 3495 alto·

67 3550 126 3593 rum
148 3550 246 3610 genus
268 3534 438 3594 referuntur
459 3534 491 3595 C.
513 3533 546 3594 F.
568 3534 705 3596 Matthaei
734 3534 837 3597 Nouae
862 3554 902 3597 eu
928 3536 1047 3598 Ioanne
1071 3536 1286 3614 chrysostomo

67 3632 198 3714 Bologne,
221 3634 347 3695 loannis
370 3634 665 3698 ranVorstJocnm'r
682 3636 890 3714 Chryrostomi
909 3637 1027 3707 reiecto,
1050 3635 1122 3697 tlt.
1136 3636 1286 3715 Royaards

69 3734 306 3796 Chrestomotleio
326 3739 504 3815 patriotice,
536 3735 612 3796 lud.
633 3736 671 3796 dc
692 3735 803 3796 Sinner
825 3734 929 3798 Nouus
952 3756 992 3798 ca.
1012 3750 1140 3817 potrum
1160 3756 1286 3815 proece-

69 3853 134 3896 rsro
160 3835 278 3898 cuculi
303 3840 410 3916 puorti
433 3834 576 3897 delectur.
620 3834 698 3896 Sunt
724 3837 812 3898 etiam
842 3836 873 3897 in
900 3836 1006 3915 quihus
1034 3838 1142 3898 selecta
1169 3847 1284 3915 patrum

68 3952 235 4013 graecorum
258 3935 404 4008 carmina,
434 3935 603 4008 orationes,
627 3935 768 4014 epistolae
790 3955 856 3997 cum
878 3937 942 3998 aliis
965 3937 1066 4016 poesis
1090 3946 1120 3999 et
1141 3940 1285 4017 eloquen-

69 4037 121 4098 tiae
142 4055 265 4116 graecae
287 4035 505 4117 exemplaribus
528 4045 761 4116 componuntur,
788 4037 867 4100 reiut
887 4039 1140 4118 praestantissima
1160 4039 1290 4100 loannis·

70 4136 187 4201 laturae
206 4130 504 4223 Ἔγκυκλοπαιδεία
523 4129 729 4222 φιλολογική.
763 4137 830 4198 lllas
853 4149 950 4200 autem
972 4140 1229 4211 chrestomathias,
1256 4140 1286 4199 in

72 4239 171 4316 quihus
196 4240 255 4302 loci
282 4239 433 4312 illustres,
466 4239 631 4300 sententiae
657 4239 857 4317 dogmaticae,
888 4242 1132 4321 apophthegmata
1165 4237 1288 4299 moralia

72 4352 254 4423 exemptaque
276 4341 314 4404 ad
337 4340 481 4422 pietatem
504 4340 693 4401 christianam
716 4339 850 4401 iacientia
873 4359 909 4402 ex
930 4351 1046 4420 patrum
1067 4341 1185 4420 scriptis
1200 4336 1285 4398 colli·

74 4451 179 4519 guntur,
199 4446 288 4508 huius
309 4443 372 4505 loci
395 4458 459 4502 non
479 4448 526 4502 est
545 4441 700 4521 attingere.
