2948 5092
440 272 558 318 ¹omaro
574 273 594 317 r.
612 271 726 317 corma
742 272 877 318 mranosr
1211 260 1270 322 157

48 428 155 502 „lilius
179 427 303 490 Patrem
325 444 389 487 non
411 432 544 487 accurate
567 424 729 504 cognoseit,
752 432 853 503 utpote
876 424 921 484 cui
942 426 1208 503 comprehendendi
1225 429 1357 487 lar-ruo.

48 531 157 601 „nuos
181 529 276 602 desit,
296 546 400 590 rerum
422 544 477 588 neo
498 543 582 587 suam
605 526 670 605 ipse
691 534 826 587 naturam
848 536 948 586 notam
970 526 1090 587 babet.“
1124 527 1211 588 Addit
1227 527 1271 588 si-

48 633 145 695 militer
167 638 280 692 natura
302 629 423 702 divisas,
446 627 588 701 diversas,
610 627 784 699 disiunctas,
808 627 977 705 alienasque
994 646 1048 688 uec
1063 627 1185 690 invicem
1201 646 1272 707 par-

48 735 143 815 ticipes
162 751 242 795 esse
265 731 371 804 Patris,
394 730 460 791 Filii
482 738 512 792 et
534 730 632 792 Sancti
656 728 784 808 Spiritus
807 728 1003 797 substantias:
1026 730 1096 807 quin
1120 731 1217 804 etiam,
1240 738 1275 792 ut

49 837 102 916 ipse
124 836 185 908 ait,
212 835 361 914 „penitus
389 832 468 893 iuter
496 848 530 892 se
552 839 581 892 et
602 829 765 893 substantia
788 838 817 891 et
838 830 929 910 gloria
953 840 1023 893 sunt
1044 831 1158 893 inbuite
1180 832 1272 893 uissia

51 937 189 1007 ‚,miles.“
238 935 339 1014 ltaque
361 933 442 1012 quod
464 932 501 993 ad
516 939 638 993 naturae
656 940 684 992 et
699 932 809 1010 gloriae
824 932 1045 993 similitudinem
1061 933 1174 1007 attinet,
1199 935 1273 994 l'er-

50 1039 107 1100 bum
130 1037 170 1098 ab
195 1036 333 1116 utrisque
355 1035 443 1096 Patre
464 1033 599 1095 videlicet
621 1042 651 1095 et
665 1033 777 1113 Spiritu
793 1033 901 1093 Sancto
924 1034 1050 1121 alienum
1067 1035 1188 1095 omnino
1205 1054 1274 1097 esse
1352 1054 1353 1058 ¹

51 1141 142 1211 dooet3
166 1139 245 1199 baeu
268 1138 346 1199 enim
369 1137 434 1217 ipsa
458 1144 528 1197 sunt
549 1135 632 1215 impii
653 1135 731 1196 illius
754 1136 858 1208 verlra,
882 1136 931 1214 qui
954 1135 1023 1196 item
1047 1137 1088 1197 ait
1109 1136 1216 1198 Filium
1238 1154 1274 1198 ex

52 1260 75 1301 se
95 1260 112 1302 a
134 1241 230 1302 Patre
251 1258 321 1300 esse
342 1238 471 1299 divisum
493 1237 631 1317 nullaque
653 1238 684 1298 in
704 1256 736 1298 re
758 1238 929 1317 participem
952 1238 1017 1299 eius
1039 1256 1116 1300 esse.
1161 1239 1198 1298 Et
1219 1239 1274 1299 bae

52 1343 160 1422 quidem
184 1350 262 1402 suut
283 1339 443 1420 particulae
464 1339 650 1411 tabellarum,
682 1357 756 1418 quae
785 1340 814 1399 in
845 1306 1049 1401 ridiculcflrii
1079 1347 1193 1400 exstant
1219 1358 1273 1399 vo-

52 1445 162 1505 lumine.

127 1751 158 1810 7.
208 1745 285 1818 Quis
309 1762 380 1823 ergo
403 1742 450 1804 bis
473 1755 503 1804 et
517 1745 645 1805 carmine
662 1743 781 1804 Tbaliae
796 1744 902 1804 auditis
917 1744 1018 1804 Arium
1041 1745 1124 1823 quasi
1140 1746 1170 1805 in
1187 1762 1274 1807 scena

54 1847 278 1911 lebuiusmodi
308 1845 399 1907 rebus
427 1845 574 1907 iocantem
602 1846 666 1907 iure
695 1863 755 1905 non
784 1844 904 1910 oderit?
949 1846 1023 1918 Quis
1052 1865 1112 1907 uon
1141 1848 1276 1925 agnoscit

54 1950 141 2023 llum
171 1968 243 2010 oum
265 1948 319 2009 llei
341 1965 451 2009 nomeu
473 1950 609 2028 prolerre
632 1956 661 2008 et
683 1948 719 2007 de
741 1947 803 2007 lieo
826 1947 906 2026 loqui
935 1947 1064 2018 videtur,
1094 1949 1275 2010 simillimum

54 2071 109 2114 esse
133 2051 289 2130 serpentis
313 2049 428 2111 mulieri
451 2050 548 2110 dantis
570 2047 749 2110 consilium?
793 2049 901 2128 Ecquis
922 2068 993 2110 vcro
1016 2049 1091 2122 aliis,
1120 2069 1194 2128 quae
1215 2050 1275 2111 ibi·

55 2155 110 2216 dem
140 2160 327 2233 sequuntur,
362 2151 500 2231 perlectis
533 2168 593 2212 uou
623 2159 682 2212 tam
711 2152 787 2212 clare
816 2150 879 2213 cios
911 2151 1052 2231 perspicit
1085 2153 1275 2232 impietatem,

56 2275 132 2334 quam
155 2255 305 2326 fraudem,
329 2253 359 2313 in
382 2270 469 2332 quam
485 2271 611 2333 serpens
627 2253 780 2314 mulierem
795 2254 899 2314 dolose
914 2252 1052 2314 induxit?
1075 2254 1148 2326 Quis
1163 2274 1275 2334 quaeso

57 2358 82 2417 ad
103 2359 158 2418 bas
181 2356 352 2435 impietates
375 2373 434 2415 non
458 2354 672 2434 obstupescat?
716 2355 835 2415 Caelum
857 2356 985 2434 quidem,
1010 2364 1041 2416 ut
1062 2357 1102 2416 ait
1117 2355 1275 2435 Propheta,
1368 2380 1371 2387 ⁴

59 2453 213 2538 obstupuit,
237 2467 268 2517 ct
291 2466 367 2517 terra
389 2457 509 2517 tremuit
531 2457 569 2517 ob
592 2456 727 2518 violatam
750 2457 853 2535 legem.
888 2457 939 2516 Sol
954 2465 1051 2518 autem
1074 2458 1276 2518 rebenrcntius

61 2559 219 2640 indignatus
243 2576 299 2620 nec
320 2559 419 2619 tereus
443 2558 582 2632 iniuriaS,
612 2576 685 2637 quas
715 2558 880 2618 eommunis
904 2559 1033 2618 omuiom
1055 2570 1191 2620 nostrum
1214 2559 1275 2618 llo-

63 2664 147 2725 uinus
169 2668 281 2741 sponte
303 2678 358 2740 pro
381 2659 469 2721 uobis
492 2678 618 2740 corpore
641 2660 793 2733 tolerarit,
821 2679 889 2720 sese
912 2660 976 2738 ipse
1006 2660 1126 2731 avertit,
1156 2668 1276 2719 eontra·

65 2765 163 2844 disque
184 2763 279 2824 radiis
302 2760 378 2822 diem
401 2761 481 2822 illum
503 2761 626 2841 privavit
648 2761 721 2822 luce.
766 2764 823 2834 Qut
845 2780 914 2822 vero
937 2762 972 2822 ad
995 2761 1083 2841 impia
1105 2761 1166 2821 urii
1188 2760 1277 2821 rerba

66 2866 185 2927 universa
209 2864 366 2926 bominum
388 2873 490 2925 natura
514 2871 636 2942 stupore
651 2861 711 2924 nob
730 2864 929 2935 exhorrescat,
953 2881 1038 2924 aures
1054 2881 1114 2922 nou
1131 2862 1276 2935 obstruat,
1286 2881 1361 2925 rur.

68 2969 152 3029 oculos
175 2987 236 3028 non
261 2966 389 3038 claudat,
417 2976 450 3026 ut
471 2984 527 3026 rree
548 2965 596 3026 illa
618 2964 718 3026 audiat
738 2983 793 3025 nee
815 2984 898 3036 eum,
927 2965 975 3042 qui
1005 2964 1058 3024 ista
1088 2963 1277 3042 conseripsit,

69 3068 196 3148 spiriu?
240 3070 284 3128 bu
308 3085 368 3128 non
391 3068 489 3145 potios
512 3067 577 3128 iure
599 3068 705 3129 merito
729 3075 830 3127 contra
854 3067 935 3146 ipsos
959 3074 1096 3145 tanquam
1117 3066 1227 3145 impios
1251 3074 1281 3128 et

68 3169 134 3229 ralde
155 3172 289 3248 ingratos
320 3168 487 3229 clamaverit
508 3168 755 3247 ipse'DomiuoS,
785 3186 860 3246 cpoae
888 3186 942 3246 per
964 3167 1141 3247 Prophetam
1172 3167 1279 3228 Ossam

69 3270 210 3344 praedixit:
239 3269 295 3330 Vae
317 3273 369 3341 eis,
394 3274 535 3350 quoniam
558 3280 789 3333 renascerentur
811 3289 864 3339 me,
888 3273 994 3331 miseri
1007 3282 1088 3339 sarrit,
1112 3274 1181 3350 puio
1196 3273 1283 3349 impii

70 3374 91 3428 ir
110 3391 151 3432 ma
170 3373 313 3451 suerunt.
359 3370 421 3449 Epo
444 3388 516 3432 vero
539 3372 737 3449 rademieoe,
761 3383 790 3433 et
812 3375 873 3450 ipsi
894 3370 989 3431 lorarta'
1009 3382 1080 3431 sum
1104 3382 1279 3432 tonitruare

71 3475 223 3544 nmdaer'o,
255 3480 284 3531 et
305 3471 392 3550 paolo
414 3480 501 3550 post:
526 3473 709 3534 Contrane
734 3477 942 3552 copulaverunt
964 3472 1063 3541 molo,
1097 3477 1128 3533 io
1151 3472 1280 3534 or'br'lum

70 3577 196 3634 roaoerr'i
215 3570 314 3634 aaut?
357 3571 430 3632 Nam
457 3579 616 3652 postquam
645 3572 734 3634 allel
760 3572 873 3641 Verbo,
904 3573 982 3651 rprrod
1009 3573 1106 3652 ipsum
1130 3592 1198 3634 vere
1221 3581 1279 3646 est,

70 3678 124 3732 sc'sr
145 3681 277 3735 avertere
299 3681 329 3733 et
351 3692 428 3748 cum,
451 3674 502 3753 qui
525 3683 662 3747 nonest,
687 3674 743 3735 sibi
767 3674 954 3745 confinxere,
979 3675 1009 3734 in
1031 3674 1154 3736 nibilum
1178 3675 1279 3753 utique

70 3785 124 3835 sont
145 3776 203 3855 ipsi
225 3773 342 3854 dilapsi.
388 3774 466 3836 Sane
488 3775 560 3836 baec
582 3794 669 3837 causa
692 3776 755 3851 luit,
778 3794 830 3836 cnr
853 3776 997 3854 generalis
1020 3775 1156 3853 Synodus
1178 3776 1279 3837 Arium

69 3959 108 4008 llor
120 3964 217 4024 chuer.
232 3955 279 4008 καὶ
296 3954 345 4012 τὰς
363 3951 473 4013 ἀκτῖνα,1
492 3957 637 4017 συστείλας,
692 3955 770 4011 κατά.
807 3963 866 4011 lbid.
886 3962 957 4010 Basil.
978 3963 1069 4022 anglie.
1089 3970 1111 4010 et
1130 3962 1235 4011 Fclebm.
1254 3964 1277 4012 5.

68 4023 107 4083 τὶν
122 4024 226 4098 ἡμέραν
245 4037 290 4078 ete.
326 4029 387 4077 liditi
407 4037 430 4077 et
447 4031 487 4079 alii
506 4020 641 4094 ἀπεστρά-
693 4023 800 4093 ἀσεβῶν
817 4021 875 4095 ἅμα
892 4024 937 4076 καὶ
955 4020 1121 4094 ἀχαρίστων.

67 4108 98 4155 σε
122 4093 169 4151 τὰς
196 4091 308 4148 ἀκτῖνας
336 4091 483 4149 συστείλας.
520 4091 565 4144 καὶ
591 4091 641 4156 τὴν
726 4100 747 4147 l.
768 4098 914 4160 SicSegucr.
939 4093 1134 4158 utilitatatem
1154 4097 1278 4145 mendose.

66 4158 164 4229 imno.
725 4165 741 4215 l.
760 4167 800 4216 Sic
818 4166 958 4226 Segoeriau.
984 4173 1008 4214 et
1033 4166 1071 4215 alii
1098 4179 1155 4213 mss.
1183 4171 1279 4226 practer

91 4248 110 4293 g.
127 4225 360 4298 &cosmimetria
389 4227 639 4299 Editictaliimriotc.
692 4232 797 4281 Felclrm.
817 4231 841 4281 2.
867 4241 890 4281 et
909 4234 964 4294 llcg.
984 4234 1007 4281 iu
1027 4234 1131 4298 quibos,
1158 4239 1183 4279 ot
1206 4238 1229 4278 et
1253 4231 1276 4278 in

91 4304 111 4349 b.
128 4303 228 4365 Segner.
254 4303 327 4351 basil.
348 4311 370 4349 ct
388 4303 478 4364 duplic.
498 4294 639 4350 τοιούτων.
693 4302 778 4360 editis,
798 4302 827 4348 ita
848 4300 948 4361 legitur:
967 4295 1012 4347 καὶ
1029 4293 1086 4365 μετ’
1107 4290 1212 4362 ὀλίγον·
1231 4290 1278 4344 καὶ

61 4367 114 4419 [diti
131 4379 155 4420 ct
173 4370 214 4420 alii
234 4362 349 4417 τούτων.
692 4361 886 4431 ἐβουλεύσαντο
904 4360 988 4422 κακά,
1008 4362 1053 4414 καὶ
1071 4359 1109 4419 ar'c
1126 4359 1173 4431 ἐμὲ
1191 4356 1276 4428 ttoyt-
1376 4424 1381 4431 Ι

87 4440 100 4484 i.
118 4439 159 4488 Sic
176 4440 279 4501 Segoer.
299 4437 372 4486 Basd.
391 4437 481 4499 anglie.
502 4435 599 4487 Goblcr.
619 4444 642 4486 et
692 4447 777 4483 σαντσ
797 4445 841 4486 etc.
878 4436 929 4484 blox
954 4438 1052 4498 Seguer.
1078 4428 1127 4481 τὸν
1150 4426 1276 4496 παρόντα

58 4502 154 4557 lelclnr.
176 4507 199 4557 l.
243 4507 273 4556 tt
299 4505 324 4554 in
353 4504 422 4555 editis
447 4513 470 4554 et
495 4505 549 4554 aliis
574 4506 642 4555 deest
691 4501 742 4552 τοῦ
759 4501 826 4552 θεοῦ
843 4494 933 4568 λόγον.
