2934 5078
500 243 647 289 arrarum
661 245 699 287 an
713 244 892 291 sumunt.
1235 207 1299 301 857

69 418 126 463 orrr
147 398 189 472 bi,
211 397 261 476 qui
282 394 378 476 legem
400 395 487 458 istam
502 395 696 475 negligerent,
719 395 941 461 multabantur?
971 397 1122 479 Scriptum
1137 402 1217 465 enim
1233 411 1383 467 estcrots.

71 503 138 578 Qui
158 504 350 564 contemserit
371 517 426 560 nec
447 499 635 571 ascenderit,
655 498 769 579 peribit
791 489 826 560 di
844 500 974 580 popolo.
1019 500 1074 562 Sin
1095 512 1194 566 antem
1216 514 1299 569 recte

68 603 198 684 agebant
225 618 319 680 eaque
346 600 377 660 in
405 617 439 660 re
460 599 571 679 accepti
593 607 679 661 eraut
698 598 780 672 Deo,
808 618 907 662 annon
930 598 1096 666 sexcenties
1117 606 1196 667 mori
1218 607 1299 688 digni

67 701 143 768 sunt
163 703 300 766 scelerati
323 696 548 781 turpissimique
579 701 711 763 omnium
734 701 953 765 baereticorum
972 703 1088 777 briam,
1117 706 1171 787 qui
1190 708 1298 772 veteris

67 806 173 888 populi
195 823 265 885 erga
287 790 442 884 Templum
464 802 660 865 reverentiam
682 802 810 876 laudant,
834 811 863 865 et
883 803 1043 867 llominum
1065 806 1096 866 in
1117 826 1206 870 carne
1228 818 1297 872 tan-

70 927 161 995 quam
188 908 221 969 in
248 904 359 986 templo
382 903 559 967 existentem
581 905 706 966 adorare
728 903 881 966 renuunt?
923 905 1011 985 Atqui
1033 916 1118 970 retus
1141 908 1298 991 Templum

32 997 44 1013 ’
76 1019 107 1074 ot
131 1008 279 1090 lapidibus
308 1016 338 1071 et
359 1026 432 1069 auro
455 1007 534 1069 velut
555 1007 661 1069 umbra
682 1014 886 1091 constructum
908 1017 989 1083 erat3
1017 1017 1176 1089 postquam
1197 1024 1298 1077 autem

67 1113 191 1177 advenit
211 1111 330 1185 veritas,
352 1110 410 1173 iam
433 1111 551 1172 evanuit
572 1110 674 1190 ligura,
697 1127 753 1171 neo
774 1109 849 1189 lapis
872 1128 963 1190 super
983 1109 1111 1190 lapidem
1133 1115 1299 1179 secundum

66 1213 257 1277 llominioam
278 1231 381 1274 rocem
402 1213 434 1275 in
456 1231 492 1274 eo
514 1212 631 1294 mansit,
654 1212 705 1292 qui
727 1230 788 1273 non
811 1212 900 1274 luerit
921 1232 1055 1275 eversus.
1092 1214 1154 1277 Neo
1168 1235 1239 1279 vero
1254 1218 1297 1281 illi

24 1362 34 1379 ,
68 1315 230 1396 Templum
258 1334 295 1377 ex
323 1315 470 1395 lapidibus
491 1314 676 1377 aedificatum
697 1322 872 1377 contuentes
895 1315 993 1395 ipsum
1016 1316 1104 1378 etiam
1126 1317 1296 1396 Dominum,

67 1417 123 1499 qui
155 1417 186 1480 in
214 1435 251 1478 eo
272 1416 464 1497 loquebatur,
478 1497 480 1501 y
494 1435 557 1478 rem
580 1424 708 1479 menam
730 1415 873 1496 putabant
896 1436 979 1492 asse,
1012 1436 1110 1497 neque
1139 1419 1297 1502 'Templum
1389 1445 1396 1456 *

66 1518 271 1600 despicientes
304 1517 409 1600 procul
439 1518 508 1580 inde
536 1518 687 1589 adoraturi
716 1519 911 1592 recedebant,
944 1518 998 1582 sed
1020 1519 1051 1581 in
1073 1519 1144 1582 illud
1165 1523 1298 1603 ingressi

64 1620 133 1685 lloo
156 1621 276 1683 oracula
297 1640 315 1683 e
336 1620 460 1700 Templo
484 1621 582 1682 edenti
604 1621 662 1683 rite
684 1621 863 1683 serviebant.
909 1620 992 1695 Quae
1014 1622 1143 1684 comita
1165 1625 1236 1700 sint,
1258 1645 1298 1689 au

67 1740 134 1787 non
167 1722 285 1786 adorari
318 1723 441 1803 dignum
473 1732 519 1785 est
546 1723 770 1786 sanctissimum
799 1742 927 1802 vereque
956 1724 1157 1787 venerandum
1178 1726 1297 1812 Domini

66 1844 199 1906 corpus,
221 1826 301 1904 quod
324 1825 443 1904 quidem
465 1825 502 1887 ab
523 1825 705 1905 Archangelo
728 1825 865 1909 Gabriele
887 1825 1113 1899 annunciatum,
1143 1845 1160 1888 a
1182 1827 1382 1908 Spiritusne

67 1933 175 1989 sancto
202 1927 361 1988 formatum
388 1945 423 1988 ao
443 1926 532 1989 Verbi
561 1927 670 1989 lactum
700 1935 747 1989 est
769 1925 999 1989 indumentum?
1043 1926 1141 1990 liuius
1161 1931 1298 2010 corporis
1424 1932 1432 1941 “

65 2026 199 2090 Verbum
221 2046 311 2090 mauu
332 2036 450 2091 extenta
471 2029 627 2091 mulierem
649 2028 723 2092 lebri
747 2029 932 2091 laborantem
954 2030 1077 2101 sanarit,
1101 2039 1132 2092 et
1152 2050 1224 2094 voce
1238 2033 1298 2097 bu-

65 2148 156 2195 mana
180 2130 290 2193 emissa
311 2130 455 2192 Lazarum
476 2131 628 2193 revocarit
649 2131 687 2194 ad
709 2131 809 2206 vitam,
832 2131 970 2210 idemque
993 2131 1130 2194 manibus
1146 2151 1252 2197 rursus
1267 2134 1299 2197 in

65 2250 157 2294 ornoe
186 2214 319 2294 extensis
347 2231 511 2312 principem
533 2232 690 2314 potestatis
713 2233 810 2305 aeris,
839 2232 890 2312 qui
912 2251 992 2294 nunc
1014 2241 1155 2312 operatur
1177 2235 1212 2297 in
1229 2236 1298 2301 liliis

64 2325 259 2425 diffidentiae,
281 2334 455 2414 prostravit,
477 2352 640 2414 puramque
662 2335 700 2397 ad
721 2334 819 2396 caelos
840 2334 929 2396 nobis
950 2333 1027 2396 viam
1048 2334 1170 2413 pararit.

155 2846 185 2909 8.
231 2844 422 2925 Quapropter
443 2845 493 2924 qui
516 2844 680 2906 contemnit
703 2843 854 2923 templum,
868 2843 1045 2917 Dominum,
1069 2843 1119 2922 qui
1142 2843 1297 2925 intemplo

68 2955 128 3020 est,
152 2946 323 3013 contemnit,
348 2954 378 3006 et
398 2946 448 3024 qui
470 2946 599 3007 Verbum
622 2945 725 3007 dividit
746 2964 762 3006 a
786 2964 921 3025 corpore,
945 2946 1067 3024 gratiam
1082 2944 1169 3008 nobis
1186 2946 1299 3026 inipso

71 3049 173 3111 datam
201 3047 307 3109 reiicit.
351 3049 410 3108 b'a·
442 3066 511 3109 vero
534 3047 704 3128 impiissimi
727 3047 845 3121 Ariani,
875 3067 911 3108 eo
934 3048 1013 3126 quod
1036 3055 1166 3109 creatum
1189 3066 1298 3128 oorpus

48 3159 130 3225 ¹est,
152 3148 282 3212 Verbum
308 3168 428 3230 quoquo
450 3160 580 3238 creatum
603 3168 670 3211 esse
692 3149 802 3211 debent
824 3149 1012 3223 existimare,
1035 3166 1091 3210 nec
1111 3149 1200 3226 item,
1229 3150 1298 3231 quia

66 3261 203 3317 ‹neawm
230 3270 291 3313 uon
319 3259 368 3313 est
388 3234 543 3325 Verbum,
563 3252 600 3313 de
629 3251 694 3313 eius
722 3270 848 3330 corpore
871 3251 1031 3313 detrahere
1049 3250 1105 3313 sibi
1127 3251 1217 3333 licere
1239 3271 1298 3334 pn-

66 3363 144 3417 tent
189 3354 340 3434 Siquidem
361 3355 492 3434 permira
514 3363 559 3416 est
580 3354 688 3416 mentis
710 3354 828 3415 illorum
849 3354 1047 3433 perversitas,
1071 3373 1128 3433 qua
1149 3361 1179 3415 et
1199 3354 1298 3417 omnia

33 3478 37 3483 ·
68 3454 252 3519 conturbant
272 3442 523 3536 permiscentque,
547 3464 576 3518 et
598 3474 702 3518 causas
725 3455 906 3535 excogitant,
930 3473 989 3535 quo
1013 3455 1110 3516 solum
1134 3462 1298 3517 creatorem
1394 3502 1400 3518 .

64 3559 149 3620 inter
176 3576 226 3620 res
255 3568 366 3621 creatas
393 3559 512 3638 possint
539 3558 694 3620 collocare.
745 3558 854 3620 Verum
882 3557 1003 3618 audiant
1025 3575 1099 3636 quae
1122 3575 1227 3619 sumus
1250 3556 1298 3618 di-

72 3660 168 3723 cturi:
197 3658 228 3720 Si
249 3659 380 3722 Verbum
405 3678 457 3744 res
480 3669 578 3721 creata
600 3667 699 3734 esset,
724 3668 854 3721 creatum
876 3677 938 3719 non
960 3657 1155 3720 assumsisset
1177 3675 1297 3737 corpus,

73 3766 111 3826 'nt
141 3761 184 3823 illi
216 3762 304 3824 vitam
331 3762 507 3843 impertiret.
551 3762 664 3842 Ecquid
694 3762 773 3824 enim
802 3761 901 3823 auxilii
924 3780 973 3823 res
997 3769 1094 3822 creata
1116 3759 1159 3819 rei
1182 3765 1298 3821 creatae

67 3866 151 3947 lerre
172 3863 279 3943 possit,
303 3884 369 3926 cum
391 3866 456 3945 ipsa
479 3864 573 3927 salute
595 3863 751 3945 indigeant
796 3864 856 3925 Sed
879 3863 946 3943 quia
961 3862 1101 3935 Verbum,
1123 3880 1189 3922 cum
1212 3878 1297 3923 crea-

65 4017 126 4069 editi
146 4010 194 4069 τὰς
211 4011 240 4065 δὲ
252 4017 356 4082 χεῖρας.
391 4020 450 4068 lteru
475 4019 574 4080 Sequor.
599 4019 656 4068 ibid.
744 4020 760 4068 l.
780 4019 844 4069 llaec
860 4018 932 4066 rerba
950 4032 1026 4080 nsque
1045 4016 1074 4065 ad
1088 4006 1239 4073 droctrinae
1254 4007 1298 4062 du·

67 4085 143 4136 babet
160 4077 203 4133 tat
222 4085 269 4134 τοῦ
289 4085 408 4152 σταυροῦ
426 4080 476 4134 τὸν
492 4081 544 4152 μὲν
560 4081 658 4152 ἄρχον·
710 4085 781 4151 νηθῇ
807 4089 909 4135 citantur
932 4101 944 4133 a
969 4084 1122 4133 theodoreto
1150 4082 1249 4143 bielogo
1269 4082 1298 4131 ll.

68 4168 115 4208 τα,
135 4162 159 4201 et
177 4169 231 4203 mox
248 4155 310 4205 idem
330 4166 353 4205 et
371 4155 443 4206 basil.
462 4171 516 4205 curu
528 4157 657 4217 lnglrcano
710 4149 746 4219 [p.
765 4151 829 4219 921,
847 4155 889 4203 sed
909 4153 971 4202 velut
989 4168 1015 4201 ex
1034 4151 1141 4216 Epistola
1160 4151 1189 4200 ad
1203 4151 1299 4213 Epicte-

66 4214 314 4286 v'prddddo'veto.
350 4225 393 4273 llii
418 4239 473 4273 vero
494 4220 658 4272 eleditiroai
709 4231 777 4283 tum,
797 4224 842 4271 nisi
862 4224 985 4284 lortepro
1005 4209 1303 4280 lxeirodrriclegrn·'

69 4298 95 4339 et
111 4284 165 4354 ptr
182 4300 307 4348 omittunt,
332 4300 357 4340 ut
381 4301 404 4341 et
423 4292 494 4342 llasil.
514 4299 537 4342 ot
554 4292 656 4354 dnglic„
709 4291 765 4339 dum
785 4291 817 4339 sit
833 4283 862 4346 ts
879 4282 958 4348 ἄλλης
975 4280 1126 4346 ἐπιστολῆς,
1146 4295 1172 4336 ul
1190 4286 1301 4337 obstmt

70 4359 209 4422 habentque
226 4352 272 4407 καὶ
289 4354 339 4420 τὴν
357 4353 432 4407 ὄδόνξ
708 4359 893 4408 Felolmannus.
930 4358 988 4406 lbid.
1013 4357 1134 4405 Theodor.
1152 4346 1301 4422 προςελᾶμ-

105 4439 128 4474 e.
146 4427 187 4475 Sic
204 4427 302 4490 Seguer.
338 4428 383 4479 llil
411 4437 435 4479 et
461 4430 519 4480 aditi
546 4430 613 4480 artic.
640 4420 655 4477 ὅ
707 4427 791 4490 βανεν
809 4418 851 4474 ἄν·
888 4427 917 4475 El
936 4440 992 4474 mox
1011 4423 1091 4472 ῐθῦῐθ
1110 4421 1239 4491 (mumd-
1295 4420 1304 4455 ³

67 4492 191 4544 omittunt.
742 4510 764 4559 a.
785 4495 857 4546 basil.
877 4502 900 4544 et
917 4493 1009 4558 luqlic.
1027 4487 1137 4554 κτίστης
1155 4477 1196 4553 ἢν.
