2948 5092
409 793 452 885 S.
484 793 767 886 trflnnesll
798 793 1200 887 tncfllselscopl

671 950 928 1025 sessiaco

783 1105 824 1149 oc

547 1219 808 1282 SENTENTIA
835 1220 1059 1283 ocontstl.

652 1432 959 1443 --—-—-—-—-

625 1611 981 1669 sottontclo.

96 1786 180 1851 erce.
275 1764 297 1823 l.
347 1764 444 1836 Qetam
467 1761 610 1822 hactenus
633 1766 741 1823 sectati
761 1782 864 1824 sumtis
888 1764 1031 1840 temporis
1047 1764 1207 1838 rationem,
1231 1759 1312 1820 baud
1328 1764 1422 1820 certis

189 1870 269 1929 natis
292 1870 324 1926 in
347 1865 401 1924 bac
424 1863 552 1942 epistola
575 1863 797 1942 deprehendere
811 1863 963 1940 ualemus‚·
986 1862 1053 1924 sola
1069 1865 1178 1942 quippe
1194 1861 1338 1942 Dionysii
1351 1867 1421 1924 oin-

190 1967 312 2028 dicandi
336 1966 436 2028 studio
466 1968 607 2025 incensus
631 1963 814 2025 Athanasius
845 1964 1020 2025 nullatenus
1048 1964 1117 2041 sere
1143 1966 1265 2042 attinpit
1294 1962 1423 2024 illorum

189 2077 358 2148 temporum
387 2067 595 2128 conditionem.
647 2065 716 2126 Non
750 2060 862 2129 desuut'
888 2076 986 2126 tamen
1016 2051 1222 2136 coniecturae,
1258 2083 1334 2144 quae
1363 2084 1421 2127 nos

188 2158 328 2231 moveant
357 2169 395 2228 ad
424 2186 488 2227 eam
514 2179 585 2244 post
607 2177 772 2228 tractatum
802 2187 854 2228 seu
883 2166 1041 2247 epistolam
1071 2167 1105 2228 de
1129 2165 1268 2227 Nicaeuis
1292 2167 1421 2228 decretis

190 2270 400 2347 reprornmdam.
447 2266 523 2328 Nam
546 2269 647 2328 eodem
668 2270 764 2346 ferme
787 2281 920 2348 tempore
943 2272 1145 2347 conscriptam
1167 2268 1317 2338 indicant,
1347 2286 1424 2348 quae

189 2389 271 2431 neem.
291 2372 339 2431 19.
364 2373 516 2448 reperietur,
540 2369 672 2429 Arianos
696 2368 809 2431 scilicet
830 2372 978 2433 adversus
995 2369 1157 2430 Nicaenam
1178 2367 1334 2446 Synodum
1358 2379 1424 2429 tum

187 2474 303 2552 passim
326 2481 354 2531 et
376 2471 484 2551 ubs‘qrre
507 2471 771 2541 abmarmurmm,
795 2472 874 2552 quod
891 2472 1100 2550 praecederetis
1124 2470 1268 2548 epistolae
1290 2474 1425 2550 tempori

190 2576 327 2652 apprime
350 2575 499 2649 conprru't.
544 2571 620 2632 Item
642 2587 680 2632 ea
702 2574 789 2634 mado
813 2573 903 2633 buius
920 2572 1064 2651 epistolae
1086 2571 1246 2632 ordiendae
1262 2571 1344 2632 baud
1359 2571 1424 2633 leae

192 2674 315 2735 ducitur
338 2682 565 2752 arpumentum:
595 2676 702 2734 etenim
731 2675 835 2735 iisdem
855 2675 924 2752 sere
946 2674 1046 2734 oerbis
1069 2677 1156 2734 initio
1179 2672 1320 2734 adbibitis
1345 2673 1423 2733 banc

186 2776 315 2855 perinde
338 2785 425 2854 alacre
445 2775 673 2853 praecedentem
696 2775 735 2835 cd
757 2779 857 2835 virum
880 2776 984 2853 diripit
1008 2778 1225 2836 controversiis
1251 2773 1422 2837 Catbolicas

189 2880 272 2937 inter
295 2876 483 2954 Arianosque
507 2876 613 2938 babitis
637 2879 784 2936 interesse
806 2875 945 2945 salitum,
977 2877 1056 2936 unde
1078 2879 1231 2952 anyurari
1251 2874 1355 2946 liceat,
1385 2876 1424 2936 ad

192 2977 315 3038 mandem
345 2981 445 3056 ipsum
473 2987 632 3056 utromque
660 2979 756 3055 [uisse
778 2980 909 3038 missam.
956 2976 1048 3037 lmmo
1077 2976 1301 3037 subodoramur
1332 2977 1422 3038 buius

192 3078 367 3138 scribendae
396 3081 580 3137 occasionem
609 3096 646 3138 ea
673 3080 865 3157 praecedenti
891 3079 1028 3139 abactam
1050 3097 1132 3138 esse:
1161 3080 1269 3158 quippe
1293 3097 1360 3139 cum
1382 3078 1426 3140 ibi

192 3178 334 3257 Dionysii
361 3178 460 3239 locum
485 3197 546 3257 pra
576 3180 704 3241 tutanda
733 3180 881 3241 adversus
904 3181 1037 3240 Arianos
1059 3177 1118 3240 τοῦ
1143 3170 1323 3257 ὁμοουσὶου
1352 3198 1424 3241 vace

191 3279 352 3341 adtulisset
374 3279 575 3346 Athanasius.
601 3280 672 3340 baec
696 3298 787 3340 causa
807 3282 906 3359 fuisse
929 3281 1059 3355 uidetur,
1084 3298 1140 3341 cur
1158 3279 1269 3340 Ariani
1281 3279 1426 3359 Ilianpsii

112 3442 113 3446 ,
192 3381 372 3458 scriptaad
404 3399 491 3442 suam
517 3383 697 3444 sententiam
725 3383 904 3461 detorquere
932 3385 1127 3462 rteqrcicquam
1155 3391 1319 3442 tentarent.
1364 3380 1425 3443 Sed

192 3480 246 3541 bae
271 3484 460 3575 coniecturae
482 3477 545 3543 nan
569 3501 684 3543 omnnem
702 3501 837 3561 proruas
861 3493 999 3544 amovent
1021 3482 1180 3544 dubitandi
1202 3482 1309 3543 lactem.

276 3582 312 3641 ll.
358 3580 468 3644 driani
504 3587 604 3664 itaque
638 3583 862 3645 Catbolicorum
900 3586 1087 3661 arpnmentis
1122 3585 1241 3662 passim
1273 3584 1426 3661 cotssutati

192 3702 279 3744 setam
301 3684 450 3746 baeresim
471 3684 614 3763 Dionysii
634 3684 839 3746 Alexandrini
865 3688 1000 3765 episcopi
1018 3688 1201 3745 anctoritate
1223 3683 1336 3762 fulcire
1363 3687 1428 3744 nisi

192 3798 274 3858 sunt,
294 3786 429 3864 prolatis
452 3787 582 3847 eiusdem
606 3785 716 3846 litteris
739 3804 820 3846 anno
842 3787 915 3849 263.
940 3787 1132 3865 conscriptis,
1154 3784 1208 3845 ubi
1230 3785 1302 3846 dnm
1316 3783 1425 3846 Sebel-

192 3885 348 3948 lianorum
371 3889 548 3965 confutaret
566 3905 713 3956 errorem,
737 3890 769 3946 in
785 3886 997 3948 similitudines
1013 3887 1159 3967 quasdam
1173 3886 1332 3956 incideret,
1356 3889 1425 3966 pui-

192 3985 247 4047 bus
277 3986 344 4047 licet
374 4001 502 4066 praeter
536 3991 672 4048 creatoris
695 3999 822 4049 mentem
856 3986 939 4048 laesa
971 3988 1125 4048 videretur
1151 3985 1239 4047 Verbi
1269 3988 1424 4048 divinitas.

194 4084 302 4147 Ver-um
325 4107 359 4147 ec
382 4089 416 4148 de
439 4107 473 4147 re
493 4098 601 4168 postea
622 4091 704 4168 apud
724 4087 866 4168 pentilem
887 4105 975 4148 snum
994 4087 1175 4165 Dionysium
1189 4085 1358 4149 Ronmnum
1371 4107 1426 4148 ac-

194 4197 318 4267 cusatus
343 4187 438 4249 libras
462 4190 606 4266 quosdam
628 4188 862 4271 Apolomamque
885 4192 1068 4269 conscripsit
1090 4189 1129 4250 ad
1152 4207 1217 4250 eam
1230 4189 1428 4270 propulsan-

193 4287 261 4347 dam
285 4292 536 4351 criminationem.
580 4288 629 4350 llrc
658 4289 703 4350 bis
718 4299 831 4352 'autem
849 4294 1015 4369 postremis
1039 4290 1204 4352 decessoris
1228 4292 1280 4351 sui
1299 4292 1427 4370 scriptis

193 4385 378 4452 Athanasius
396 4389 551 4452 luculenta
566 4391 710 4471 quaedam
725 4395 861 4471 eucerpit
876 4379 950 4462 lbra,
967 4392 1074 4472 quibus
1086 4399 1320 4472 peropportune
1332 4380 1430 4485 dtiess
