2948 5092
492 290 601 336 οιιιιο
617 290 661 333 ιιι.
677 284 791 334 eonem
806 289 939 335 nonnae.
1250 272 1317 341 w

101 457 123 509 et
139 449 242 526 periet
265 444 383 522 Filium,
406 454 434 505 et
456 444 606 507 oooabnnt
627 462 735 506 nomen
755 447 820 505 u'ne
843 442 1027 514 Emmanuel,
1050 442 1130 524 qnod
1151 453 1195 504 eet
1217 448 1400 507 intonanti

101 557 245 610 arctatum
266 546 422 608 nobiscnm
443 543 537 606 Dens.
1119 534 1121 541 ⁴

176 650 228 713 30.
274 646 332 719 Qui
354 645 444 724 igitur
466 643 592 705 divinam
615 644 796 724 Scriptorum
820 644 938 723 legeuit,
968 645 1064 707 diseat
1084 645 1203 725 quidem
1225 647 1315 709 verba

101 757 247 812 exuetere
269 748 479 820 Testamento,
512 746 565 807 sed
594 765 630 808 ex
650 746 809 825 Evangelio
832 747 962 808 attendat
983 747 1141 809 Dominum
1164 729 1323 811 hominem

101 853 199 913 betam
222 869 302 912 esee.
345 849 434 927 Nam
451 848 591 920 Verbum,
621 848 730 928 inquit,
759 867 831 911 earo
860 850 976 928 foetum
997 863 1044 913 eet
1065 860 1095 912 et
1116 850 1263 916 bobetooit
1283 857 1317 913 in

101 955 190 1018 non.
235 952 332 1013 llomo
355 950 474 1031 inquam
504 951 597 1012 lanus
629 959 692 1023 est,
721 958 902 1032 nouantem
925 950 1238 1014 inhominemvenit.
1282 949 1349 1023 tt

100 1055 168 1116 mim
193 1057 270 1116 seire
293 1051 380 1114 etiam
403 1071 528 1114 neeesse
545 1062 614 1139 est,
644 1071 682 1113 ne
710 1053 788 1113 sorte
816 1052 845 1112 in
868 1052 1037 1114 huiusmodi
1060 1055 1236 1117 seutentiam
1259 1055 1315 1116 de·

101 1159 243 1220 leotentes
272 1156 355 1236 impii
383 1155 497 1235 aliquos
525 1155 685 1234 decipient,
720 1153 818 1234 illique
850 1155 1035 1226 existiment,
1067 1156 1316 1235 quemadmodum

101 1260 160 1321 »lim
191 1258 319 1320 Verbum
348 1259 378 1318 in
411 1275 651 1336 unumquemque
682 1255 857 1319 Sanctorum
891 1257 1060 1331 deseendit,
1093 1258 1133 1319 ita
1164 1257 1254 1319 etiam
1284 1259 1315 1320 in
1384 1281 1386 1289 ·

101 1361 241 1422 nominem
264 1359 399 1433 venisse,
427 1368 460 1420 ut
481 1377 550 1420 enm
572 1367 707 1422 nanctum
729 1357 868 1421 redderet
888 1367 919 1419 et
940 1359 971 1420 in
993 1359 1059 1438 ipso
1081 1369 1250 1440 appareret,
1272 1361 1315 1422 uti

101 1462 209 1523 aaliis
232 1462 365 1541 contigit.
397 1459 431 1521 Si
446 1460 525 1521 enim
541 1461 579 1521 ita
604 1480 637 1521 se
660 1478 710 1522 ree
732 1459 863 1533 baberet,
886 1461 961 1535 etin
976 1461 1097 1523 immine
1112 1463 1315 1524 tannimmodo

101 1563 292 1645 eppei-nisset,
320 1563 392 1626 nibil
416 1581 488 1624 sane
510 1572 592 1624 eeeet
613 1561 694 1642 qnod
717 1562 940 1633 admirationem
961 1571 1068 1642 posset
1095 1582 1232 1638 movere,
1260 1583 1316 1626 nee

101 1667 140 1746 {ni
162 1685 231 1729 eum
253 1663 406 1737 videbant,
437 1664 630 1744 obstupefacti
659 1665 819 1727 dixissent:
853 1664 1005 1726 Undenam
1028 1665 1085 1726 iete
1107 1663 1177 1728 esti
1205 1675 1236 1727 et
1257 1665 1316 1728 Cur
1394 1675 1400 1686 '

101 1787 122 1829 ,ιι
144 1769 236 1830 bomo
259 1786 325 1828 eum
349 1767 403 1840 sis,
428 1767 557 1846 teipsum
581 1765 651 1827 iacis
675 1763 793 1828 Deum?
825 1765 934 1827 Audire
955 1765 1101 1845 siquidem
1122 1767 1164 1828 illi
1186 1786 1315 1830 eonsue-

101 1877 208 1930 ierant:
245 1867 367 1928 Factum
400 1877 449 1928 est
477 1866 605 1928 Verbum
633 1866 751 1929 Domini
779 1867 816 1928 ad
848 1867 981 1947 singulos
1013 1867 1190 1948 Prophetae.
1233 1869 1318 1932 Nune

101 1979 188 2031 intem
210 1979 367 2049 postquam
390 1968 442 2030 net
465 1968 608 2042 Verbum,
630 1987 685 2048 per
706 1970 786 2048 qaod
810 1971 908 2031 omnia
930 1971 1002 2031 laeta
1025 1979 1104 2043 eunt.
1128 1971 1216 2032 etiam
1239 1971 1317 2034 filine

101 2072 219 2133 bominis
242 2071 306 2132 fieri
329 2089 389 2131 non
411 2071 526 2144 renuit,
549 2088 640 2150 oeque
661 2070 760 2168 ipsam
782 2070 945 2132 humiliavit
966 2071 1043 2132 servi
1065 2074 1160 2134 torma
1181 2081 1317 2154 aooepta3

101 2172 200 2235 ideireo
222 2192 293 2234 crux
318 2173 429 2234 Christi
450 2173 568 2234 ludaeis
594 2182 641 2235 est
662 2172 850 2247 scandalum,
872 2172 960 2233 nobis
982 2181 1080 2234 antem
1104 2173 1240 2236 Christus
1263 2174 1316 2236 net

101 2273 183 2336 rietus
207 2285 237 2337 et
258 2275 311 2335 Dei
334 2275 477 2355 sapientia
498 2284 554 2336 est.
591 2274 663 2336 Nam
683 2275 817 2346 Verbum,
842 2274 929 2337 utait
943 2274 1081 2349 loannes,
1107 2295 1178 2338 eoro
1200 2278 1318 2356 foetum

101 2389 149 2438 en.
191 2377 343 2456 Siquidem
373 2396 438 2437 mos
460 2386 509 2438 est
530 2377 699 2456 Scriptume
720 2396 821 2439 saonae
843 2377 994 2439 bominem
1017 2395 1134 2438 earnem
1157 2378 1315 2456 appellare.

103 2474 170 2539 ilino
197 2479 274 2558 apud
303 2479 413 2540 lnelem
441 2478 618 2558 Prophetam
652 2478 773 2561 diuitum
811 2480 973 2561 Effundam
1001 2480 1036 2540 de
1064 2483 1177 2559 spiritu
1198 2497 1262 2541 meo
1283 2483 1316 2540 iu

105 2595 205 2641 ouem
228 2600 359 2642 carnem.
403 2582 476 2642 item
498 2581 599 2642 Daniel
621 2581 739 2659 Astyagi
760 2580 851 2641 dixitz·
870 2580 931 2660 llpo
955 2580 1036 2642 idolo
1056 2581 1234 2659 manufacto
1254 2598 1317 2642 non

108 2679 170 2747 colo,
191 2685 244 2744 eed
265 2682 360 2744 [lenm
383 2687 538 2755 viventem,
563 2687 615 2762 qni
634 2682 750 2743 eoelum
771 2695 800 2744 et
822 2693 938 2744 terrum
961 2684 1076 2741 ereooit
1097 2692 1126 2743 et
1147 2686 1179 2742 in
1202 2699 1317 2743 omnem

111 2796 212 2845 cernuo
235 2786 419 2846 dominatum
443 2785 539 2846 babet.
572 2783 627 2844 llic
649 2783 727 2844 enim
750 2793 784 2845 ut
806 2791 840 2844 et
856 2782 917 2845 loel
939 2781 1092 2843 hominnm
1108 2799 1201 2861 genno
1218 2780 1315 2843 tarnis

112 2885 212 2946 nomine
235 2887 389 2964 significat.

179 3091 226 3154 31.
274 3089 351 3150 Olim
374 3089 462 3168 igitur
484 3089 519 3149 ad
544 3088 677 3167 singulos
700 3089 826 3150 Sanetos
846 3090 952 3150 tactum
969 3097 1016 3147 est
1033 3086 1170 3161 Verbum,
1193 3106 1315 3167 eosque,

113 3183 150 3256 qni
167 3190 261 3268 ipsam
284 3190 371 3269 digne
394 3201 598 3269 susceperunt,
623 3190 720 3251 elleeit
734 3199 865 3263 nendos,
888 3208 943 3250 nee
956 3199 1056 3250 tamen
1071 3208 1137 3250 etam
1153 3189 1194 3251 illi
1209 3208 1316 3251 nasce-

113 3296 209 3365 rentur,
233 3293 343 3354 dietum
367 3301 412 3353 eet
433 3293 531 3372 ipsum
554 3293 703 3354 bominem
726 3293 833 3355 lectum
857 3311 942 3365 esse,
971 3311 1026 3353 nee
1047 3310 1113 3354 mim
1135 3301 1317 3372 paterentur,

113 3396 213 3457 nasum
238 3414 314 3455 esse.
359 3395 430 3456 Cum
454 3400 550 3456 antem
575 3396 605 3456 in
628 3396 686 3456 tine
708 3395 892 3457 saeculomm
915 3395 951 3455 ad
974 3395 1188 3457 destruendum
1210 3413 1316 3474 peonn-
1375 3400 1381 3414 '

114 3488 159 3551 bn
185 3515 218 3556 ex
245 3497 335 3556 biania
363 3497 474 3576 prodiit
501 3499 554 3569 (ita
576 3497 656 3557 enim
679 3497 759 3559 Patri
781 3499 875 3558 visum
900 3506 944 3556 est
966 3515 1051 3558 sunm
1074 3497 1191 3558 mittere
1212 3497 1317 3558 Filium

114 3581 422 3670 buiamundum,
451 3599 558 3658 lactum
589 3598 644 3659 snb
672 3600 765 3678 lege),
793 3608 864 3659 tune
885 3598 995 3658 dictum
1019 3606 1081 3670 est,
1109 3596 1208 3676 ipsum
1230 3617 1317 3661 came

114 3684 221 3758 bannita
255 3699 407 3759 bominem
436 3701 542 3760 laetum
578 3719 645 3761 esse
673 3709 759 3780 atque
787 3719 842 3779 pro
872 3699 959 3760 nobie
981 3699 1011 3758 in
1035 3718 1068 3759 ea
1091 3717 1161 3760 esse
1182 3718 1317 3778 passum,

112 3911 150 3964 tine
176 3935 343 3969 successorem
370 3921 430 3970 haee
453 3937 466 3971 n
491 3921 589 3969 Daniele
617 3921 678 3970 dicta
730 3921 828 3981 Sequor.
846 3915 1012 3984 γεγέννηται.
1039 3920 1084 3969 Atii
1097 3934 1153 3969 mse.
1167 3914 1316 3982 γεγένηται.

111 3990 152 4032 tna
176 3996 293 4036 memorat
319 3989 452 4051 Scriptura.
505 3991 563 4037 ltem
591 3989 679 4037 ibidem
731 3989 808 4037 Editio
828 3988 935 4037 Comme!
954 3984 1072 4052 γένηται.

111 4043 231 4103 letetmn.
253 4065 276 4105 et
295 4057 350 4105 editi
370 4047 401 4103 oti
419 4053 540 4122 σέβομεν.
566 4060 593 4107 bt
606 4059 679 4106 ceteri
764 4058 781 4104 i.
807 4056 878 4106 naen.
898 4056 1028 4117 ettngttc.
1047 4047 1098 4103 ὅτι.
1141 4056 1199 4103 ibid.
1220 4056 1274 4117 Reg.
1296 4054 1319 4103 l.

109 4125 330 4187 oes.etScriptu1·a
350 4116 523 4191 οὖσέβομαι.
731 4131 755 4173 et
772 4125 843 4184 Saga.
863 4116 1032 4189 ἐπεδήμησεν
1050 4114 1129 4178 ἅπαξ.
1157 4123 1201 4171 biii
1220 4131 1243 4172 et
1260 4123 1318 4172 editi
1344 4117 1349 4124 ’

133 4204 150 4237 e.
167 4191 221 4253 neg.
238 4192 258 4240 1.
279 4200 302 4240 et
320 4194 459 4254 Segnerinn.
477 4187 529 4258 μὲν
547 4177 595 4239 οὖν
610 4185 680 4256 πρὸς
730 4184 898 4257 ἐπεδήμησεν
920 4185 1069 4260 ἄνθρωπος
1093 4183 1170 4246 ἅπαξ.
1212 4191 1319 4240 Nanneius

105 4241 215 4331 ἶξασιον.
253 4260 322 4309 Gobl.
348 4270 371 4308 et
395 4262 499 4310 Felcltm.
522 4262 541 4310 l.
564 4246 683 4325 perol-v
734 4275 781 4309 non
801 4263 857 4321 legit
875 4276 971 4325 quoqne
989 4255 1144 4322 ἄνθρωπος.
1192 4259 1242 4307 bion
1262 4260 1317 4318 ling.

104 4317 270 4401 effluenter.
309 4328 351 4376 Alii
366 4336 388 4376 et
404 4330 476 4377 editio
496 4329 612 4377 Cemmel.
630 4322 682 4391 μὲν
733 4328 757 4377 l.
775 4338 799 4377 et
817 4326 917 4388 Seguea.
936 4319 1069 4386 ἀθέτησιν
1093 4320 1236 4391 ἁμαρτίας,
1274 4327 1318 4375 Alii

102 4383 264 4443 enituntur.
285 4396 357 4444 Paulo
368 4405 423 4459 poet
436 4413 493 4445 mse.
503 4392 682 4461 γεννωμένων
732 4405 756 4445 et
774 4399 830 4446 editi
848 4388 982 4456 ἀθέτησιν
1000 4394 1047 4454 τῆς
1064 4387 1207 4462 ἁμαρτίας,

101 4449 212 4511 detrun.
237 4463 315 4512 Editio
333 4472 411 4512 nutem
431 4466 546 4513 Commel.
564 4461 681 4530 γενωμέ-
767 4479 788 4525 g.
814 4466 870 4527 lien.
896 4466 917 4514 l.
942 4466 974 4513 Se
1008 4479 1040 4511 er.
1066 4463 1157 4524 duplic.
1180 4462 1277 4513 Gobler.
1295 4469 1320 4512 et

101 4540 153 4575 m
172 4523 291 4579 &eim
335 4532 427 4582 ibidem
454 4541 553 4597 uterque
577 4534 633 4594 iles.
658 4541 682 4583 et
732 4531 837 4582 beloium.
857 4533 880 4582 l.
896 4543 964 4596 rm
985 4543 1078 4596 μενον.
