2934 5078
104 227 167 293 888
502 216 698 281 Μετιῐιιειι
713 233 941 312 memma

18 410 180 458 ειιιτων.
218 384 323 466 οὕτως
344 382 406 472 γάρ
429 383 552 451 ἐννοεῖν
573 383 612 449 τὸ
634 386 786 449 τοιοῦτον
808 376 943 465 ἀσεβές,
967 375 1041 448 ἀλλ’
1067 375 1173 469 δ’τῆν
1196 380 1331 460 ἐξέτασιν

104 495 163 576 τῆς
191 492 361 575 παρακοῆς
384 486 610 571 ποιησάμενος
631 488 685 551 καὶ
707 490 815 570 κρίσιν
836 483 1040 570 ’ἐπαγαγὼν
1063 483 1194 570 διπλῆν
1216 487 1274 569 τῆς
1292 509 1332 548 τι·

102 599 232 678 μωρίας
260 589 318 673 τῆν
343 583 518 674 ἀπόφασιν
542 587 678 665 δέδωκε,
708 588 756 672 τῷ
777 586 838 669 μέν
858 589 961 671 γηΐνῳ
985 584 1148 672 εἰρηκώς·
1177 589 1218 672 γῆ
1241 580 1330 651 οἶκοί

105 693 153 772 είς
173 697 232 778 γῆν
254 686 419 776 ἀπελεῦση
430 693 459 767 ¹),
483 690 536 754 καὶ
560 685 666 766 οῦτως
688 684 888 769 ἀποδέχεται
909 685 1033 773 φθορά
1047 686 1091 751 τὸ
1106 691 1208 770 σῶμα
1224 686 1330 753 δεοπό

103 819 163 860 του
186 789 462 879 ἀποφηναμένου,
492 794 532 877 τῇ
556 790 593 856 δέ
616 793 722 877 ψυχῇ·
751 788 890 875 θανάτῳ
913 783 1082 875 ἀποθανῇ
1091 792 1133 868 ’γ’
1162 791 1220 855 καλ
1242 784 1331 866 οῦτος

104 897 177 982 διχῆ
208 895 389 980 διαιρεῖται
412 888 430 957 ό
454 890 714 976 ἄνθρωποςκαὶ
737 889 770 957 έν
794 892 868 957 δυσί
890 889 1014 969 τόποις
1037 890 1207 972 οἴχεσθαι
1229 894 1331 956 1’κατα-

105 995 279 1078 δικάζεται
320 994 377 1062 διά
398 999 495 1060 τοῦτο
517 999 610 1079 χρεία
631 1000 743 1079 γέγονε
763 996 822 1059 τοῦ
845 988 1136 1080 ἀποφηναμένου,
1169 993 1229 1059 ἵνα
1248 988 1331 1070 αἰτός

104 1096 147 1165 δι’
177 1097 296 1164 ἑαυτοῦ
326 1096 407 1183 λύσῃ
437 1096 495 1183 τῆν
519 1097 637 1163 ἑαυτοῦ
660 1087 851 1183 ἀπόφασιν,
882 1094 917 1161 έν
938 1099 1056 1182 μορφῇ
1081 1097 1147 1160 τοῦ
1171 1094 1330 1160 καταδικα-

104 1205 247 1277 σθέντος
268 1194 519 1282 ἀκαταδικάστῳ
541 1200 594 1262 καλ
618 1192 835 1283 ἀναμαρτήτῳ
858 1190 993 1283 ὀφθείς,
1018 1196 1079 1262 ἵνα
1102 1199 1161 1262 καὶ
1185 1192 1205 1284 ῆ
1228 1198 1331 1261 καταλ-

103 1300 185 1387 λαγῆ
207 1303 266 1366 τοῦ
289 1303 373 1367 θεοῦ
397 1299 482 1384 πρὸς
504 1298 561 1365 τὸν
584 1297 769 1383 ἀνθρωπον
790 1305 932 1385 γένηται,
955 1300 1011 1364 καὶ
1034 1294 1056 1384 ῆ
1083 1288 1266 1382 ἐλευθερία
1284 1299 1330 1362 τοῦ

104 1402 231 1480 παντὸς
253 1396 438 1485 ἀνθρώπου
461 1395 520 1466 οδι’
546 1397 732 1485 ἀνθρώπου
753 1396 883 1486 ῦπάρξη
908 1399 942 1467 έν
965 1402 1006 1485 τῇ
1031 1399 1215 1487 καινότητι
1228 1404 1283 1485 τῆς
1295 1398 1330 1466 εί-

103 1504 199 1581 κόνος
220 1506 279 1569 τοῦ
303 1504 375 1569 υίοῦ
399 1498 500 1569 αάτοῦ
519 1499 623 1590 ’ίηοοῦ
646 1506 798 1590 Χριστοῦ
819 1506 879 1567 τοῦ
903 1507 1019 1585 κυρίου
1043 1496 1156 1586 ῆμιῦν.
1189 1502 1329 1569 εί-δὲτιλ

104 1605 215 1692 ἕτερον
236 1604 342 1670 τόπον
364 1606 539 1691 καταδίκης
562 1605 669 1684 δεῖξαι
692 1604 848 1682 δύνασθε,
871 1602 1008 1682 είκότως
1024 1597 1067 1669 ἀν
1084 1591 1329 1689 ’λέγοιτετριχῆ

104 1708 315 1792 διαιρεῖσθαι
336 1704 394 1771 τὸν
417 1705 601 1792 ἄνθρωπον
608 1758 616 1787 ,
647 1708 700 1773 καὶ
724 1705 759 1773 ίι
779 1708 840 1790 μὲν
860 1707 927 1770 τῶν
951 1702 1012 1770 δῦο
1035 1702 1163 1771 τόπων
1182 1700 1244 1793 ’τῆν
1265 1700 1329 1771 ἀνό-

102 1808 216 1894 κλησιν
238 1813 414 1891 γεγονέναι,
440 1807 473 1873 ἒν
495 1809 532 1874 δὲ
554 1811 600 1894 τῷ
622 1816 723 1895 τρίτην
744 1814 854 1892 μένειν
877 1807 911 1873 έν
934 1806 1077 1890 δεσμοῖς
1100 1805 1145 1871 τό
1163 1808 1327 1890 δεδεμένα.

104 1907 134 1975 εί
156 1910 191 1974 δέ
212 1907 257 1992 μῆ
282 1907 369 1990 έχετε
390 1909 497 1987 δεῖξαι
520 1909 630 1993 ἕτερον
651 1908 759 1976 τόπον
780 1905 874 1993 παρά
895 1906 954 1973 τὸν
969 1906 1085 1994 τάφον
1102 1914 1163 1975 καὶ
1178 1908 1237 1975 τὸν
1251 1905 1326 1996 ᾅδην,

103 2008 139 2089 ίξ
160 1998 205 2075 ὧν
226 2003 454 2094 ἠλευθέρωσαν
476 2010 610 2089 τελείως
626 2006 643 2075 ό
660 2008 852 2097 άνθριοπος,
876 2012 1030 2095 Χριστοῦ
1047 2008 1328 2096 ἐλευθερώσαντος

100 2105 188 2197 ῆμάς
210 2108 245 2176 έν
266 2114 306 2197 τῆ
328 2110 446 2176 ἑαυτοῦ
469 2106 544 2177 καθ’
569 2107 655 2196 ἡμᾶς
675 2115 788 2199 μορφῇ
810 2112 919 2198 τελείᾳ
940 2111 995 2175 καὶ
1013 2104 1249 2197 ἀληθεστάτη,
1269 2113 1328 2188 πός

103 2210 153 2279 ἔτι
174 2215 279 2278 ταῦτα
301 2213 409 2296 λέγετε
432 2207 478 2290 ὡς
499 2207 633 2278 οάδέπιο
655 2214 913 2298 καταλλαγέντος
934 2215 992 2298 ’τῇ
1018 2206 1269 2300 ἀνθρωπότητι
1281 2212 1326 2276 τοῦ

102 2315 187 2378 θεοῦ
194 2340 205 2393 ,·
234 2317 310 2392 πῶς
339 2302 396 2378 οὖν
425 2312 630 2398 ἐπεδήμησεν
658 2308 678 2378 ό
702 2314 837 2399 σωτήρ,·
872 2306 893 2399 ἢ
916 2308 963 2391 ιός
978 2307 1160 2393 ἀδύνατος
1182 2315 1240 2381 τόν
1260 2313 1327 2395 σόρι-

16 2484 19 2490 A
102 2437 214 2481 πάντα
243 2415 342 2481 λῦσαι
370 2413 569 2500 ἄνθρωπον,
603 2408 625 2500 ἢ
655 2409 701 2494 ὥς
726 2413 968 2499 βδελυξάμενος
988 2413 1050 2480 τὸν
1075 2411 1178 2496 ἅπαξ
1198 2412 1326 2500 ἁμαρτή-

103 2532 208 2580 σαντα
240 2519 332 2593 νοῦν,
365 2509 388 2602 ἢ
416 2511 462 2594 ὡς
495 2514 653 2593 δεδοικὼς
681 2514 727 2602 μῆ
755 2514 810 2581 καί
839 2510 939 2592 αὐτὸς
960 2505 1107 2598 μέτοχος
1130 2524 1264 2603 γένηται
1282 2518 1326 2598 τῆς

103 2609 281 2700 άμαρτίας,
312 2616 341 2682 εἰ
369 2617 494 2694 τέλειος
521 2623 653 2703 γένηται
676 2613 859 2701 ἄνθρωπος
879 2615 963 2694 θεὸς
987 2614 1055 2698 ἀν’ν,·
1088 2613 1164 2683 ἀλλ’
1191 2615 1325 2702 ἀσεβείας

104 2715 244 2800 ἔμπλεοι
273 2718 305 2782 οἱ
334 2721 438 2783 ταῦτα
467 2713 572 2795 οῦτιος
602 2717 798 2796 ἐννοοῦντες.
845 2723 878 2782 τί
899 2716 963 2802 γὰρ
987 2722 1068 2802 περὶ
1093 2723 1157 2808 τῆς
1180 2716 1324 2805 ἁμαρτίας

104 2812 290 2902 ὁριζόμενοι
321 2822 426 2886 ταῦτα
454 2820 600 2896 λαλεῖτε,
616 2817 771 2905 ’φυσικῆν
800 2814 884 2885 εἶναι
913 2817 973 2901 τῆν
996 2814 1172 2907 ἁμαρτίαν
1195 2824 1323 2907 λέγοντες

102 2919 186 2985 κατὰ
207 2919 264 2986 τὸν
288 2913 508 3004 ἀσεβέστατον
531 2926 740 3002 Μανιχαῖον,·

190 3028 238 3087 15.
288 3025 401 3087 Ταῦτα
435 3018 539 3098 οὕτως
569 3031 723 3108 φρονείτε
748 3019 923 3105 κατήγοροι
950 3020 1129 3104 γινόμενοι
1157 3028 1217 3090 τοῦ
1245 3025 1323 3109 δημι·

102 3124 221 3207 ουργοῦ
243 3124 302 3208 τῆς
324 3121 464 3209 φάσεως.
498 3118 570 3188 ’ὅτε
591 3121 649 3186 τὸν
668 3117 776 3205 Ἀδάμ
799 3116 943 3207 ἀρχῆθεν
960 3122 1111 3190 έπλασεν
1128 3120 1148 3191 ὁ
1165 3126 1254 3204 θεός,
1274 3122 1323 3209 μῆ-

102 3245 193 3306 τοιγε
216 3222 387 3309 σύμφυτον
410 3219 498 3309 αὐτῷ
523 3224 644 3289 δέδωκε
666 3221 724 3310 τὴν
747 3217 927 3306 άμαρτίσν;
960 3229 1010 3301 τίς
1034 3214 1094 3291 οῦν
1121 3227 1175 3293 ἔτι
1195 3235 1283 3312 χρεία
1294 3214 1323 3310 ῆν

101 3325 160 3407 τῆς
182 3322 314 3408 ἐντολῆς
321 3353 332 3404 ,·
362 3328 436 3402 πιῦς
459 3326 495 3390 δέ
518 3320 618 3390 αὐτὸν
632 3324 841 3391 κατεδίκασεν
858 3321 1119 3408 ἁμαρτῆοαντα,·
1145 3334 1222 3408 πῶς
1237 3331 1269 3395 δὲ
1282 3326 1322 3392 καὶ

105 3420 172 3505 πρὸ
200 3425 259 3509 τῆς
282 3428 452 3508 παρακοῆς
474 3419 532 3490 οόκ
555 3424 709 3510 ἐγίνωσκε
730 3423 828 3490 καλόν
850 3427 903 3489 καί
927 3425 1079 3512 πονηρὸν
1103 3425 1124 3494 ό
1146 3427 1270 3515 Ἀδάμ,·
1294 3427 1323 3493 ὃν

102 3523 245 3590 ἔπλασεν
275 3520 293 3588 ό
321 3524 404 3603 θεὸς
433 3524 488 3590 ἐπὶ
513 3519 712 3612 Ιἀφθαρσίᾳ
739 3528 793 3592 καὶ
816 3525 918 3592 είκόνι
939 3530 998 3614 τῆς
1021 3527 1115 3608 ίδίας
1139 3526 1322 3618 ἀιδιότητος,

102 3622 257 3709 ἐποίησεν
273 3621 373 3692 αὐτὸν
389 3624 490 3713 φῦσιν
506 3620 735 3713 ἀναμάρτητον
746 3631 800 3693 καὶ
812 3628 951 3711 θέλησιν
965 3624 1204 3709 αάτεξοόσιον·
1221 3634 1322 3723 φθόνῳ

17 3792 24 3799 ,
101 3725 138 3792 δέ
170 3727 327 3811 διαβόλου
360 3725 509 3805 θάνατος
538 3727 690 3815 είςῆλθεν
719 3727 767 3807 είς
793 3725 850 3794 τόν
880 3726 1036 3812 κόσμου’)
1069 3728 1254 3821 εὑραμένου
1278 3756 1322 3819 της

170 3915 193 3974 ¹)
212 3917 271 3966 Gen.
291 3915 315 3976 3,
338 3915 376 3966 19.
447 3916 472 3972 2)
491 3918 550 3967 Gen.
570 3917 594 3976 2,
616 3917 654 3965 17.
724 3917 750 3977 3)
768 3918 825 3983 Sap.
845 3917 869 3976 2,
888 3916 930 3966 24.

132 4064 153 4096 ε.
172 4050 272 4110 Seguer.
298 4049 395 4099 Gobler.
422 4059 445 4098 ει
463 4051 567 4099 ΡεΙολσι,
587 4053 608 4100 1.
627 4043 687 4098 ε’να-
737 4046 908 4104 ταδικάστως
924 4047 970 4099 καὶ
989 4045 1211 4135 ἀναμαρτήτως.
1240 4060 1323 4110 Είίῐίιί

96 4110 201 4179 γαγιάν.
241 4117 303 4165 'nfra
322 4119 379 4165 εδιιί
397 4110 557 4183 ἀποδέχεται
576 4112 684 4183 φθορά,
738 4123 778 4169 alii
807 4114 1018 4186 ἀκαταδικάστφ
1057 4139 1107 4173 και
1144 4120 1322 4196 ἀναμαρτῆιρ.

97 4184 141 4232 sed
159 4198 202 4232 vox
221 4176 319 4299 φθοῇά
338 4185 406 4234 abest
425 4189 447 4236 in
467 4191 565 4248 Seguer.
586 4203 630 4235 nec
645 4203 686 4236 cx-
739 4190 843 4253 umque
863 4191 934 4237 Ιεοιιο
954 4192 1080 4251 quadrare
1102 4198 1207 4248 videtur.

82 4264 182 4313 4ρτιεειι
202 4260 269 4300 esta
310 4253 391 4302 annio.
746 4285 748 4289 ι
772 4273 792 4306 ο.
813 4259 876 4306 Haec
895 4247 928 4303 δι’
949 4249 1111 4323 ἀνθρώπου
1130 4267 1220 4316 desunt
1236 4267 1324 4323 ἰαὸιμ.

131 4318 153 4366 h.
174 4318 207 4367 Ιιι
225 4319 364 4380 Segueriw
386 4320 483 4370 Gobler.
503 4329 525 4369 et
545 4321 685 4371 Felckm.l.
738 4324 835 4375 Gobler.
859 4333 882 4373 ει
907 4325 1015 4374 Felckm.
1040 4330 1061 4377 Ι.
1102 4333 1156 4383 Mox
1183 4350 1263 4384 omnes
1285 4334 1323 4380 [m

97 4383 159 4433 Εδίιί
178 4401 233 4434 vero
258 4394 281 4435 ιι
308 4388 348 4435 alii
371 4380 580 4448 ἐκαταδικάσθη.
621 4391 685 4438 {nfra
737 4406 796 4441 mss.
816 4390 864 4439 τοῦ
879 4384 942 4438 υἱοῦ
961 4385 1051 4445 αῦτοῦ
1068 4389 1174 4460 Ἰησοῦ.
1212 4403 1268 4453 edm
1285 4393 1323 4446 τιό

96 4452 188 4513 ΑοςΙίε.
210 4454 311 4516 Sossuer.
330 4457 400 4506 Gobl.
419 4466 443 4507 ει
461 4458 565 4507 Felckm.
580 4458 601 4507 1.
621 4448 685 4505 ἀκα·
736 4451 798 4508 υἱοῦ
815 4457 865 4509 τοῦ
879 4451 979 4520 Ἰησοῦ.
