2948 5092
486 254 973 315 conamerouuneetunumu.
1282 255 1358 323 897,

124 405 155 467 id
180 415 226 468 est
248 406 374 468 animam
398 406 585 484 significarit,
614 407 651 467 de
679 426 738 497 qua
759 407 939 483 etdixerat:
967 410 1050 475 Pone
1074 433 1138 477 eom
1156 435 1217 496 pro
1241 422 1433 489 sottum.

123 513 208 580 mets,
232 507 272 568 ita
295 516 329 569 ut
349 508 578 585 exspirationem
601 528 689 569 nemo
712 509 819 571 dixerit
831 509 954 574 Deitatis
970 516 1272 594 transmigrationem,
1295 524 1351 587 sed

94 606 242 671 'animae
276 608 453 701 discessum.
497 611 570 670 Nam
602 611 627 671 si
655 629 710 689 per
739 612 1032 691 transmigrationem
1059 617 1182 681 Deitatis
1210 639 1293 684 mors
1320 632 1351 687 et

124 709 263 789 corporis
292 711 447 770 exstinctio
470 712 662 789 contigisnt,
690 712 810 792 propria
832 722 930 776 morte
952 715 1080 778 obiisset
1100 727 1131 779 et
1151 738 1213 781 non
1234 732 1353 801 nostra,-

120 810 163 872 Et
185 816 236 890 qut
257 810 363 871 amabo
385 829 446 871 non
470 812 585 873 obtecta
608 813 721 874 beitate
742 812 772 874 in
795 814 943 876 infernum
966 816 1192 882 descendisset?
1224 822 1350 887 Ubinam

122 912 216 990 igitur
235 912 283 972 illa
307 913 413 984 anime,
437 932 523 990 quam
546 915 726 992 promiserat
745 914 891 977 [lominus
915 933 949 977 se
969 936 1025 996 pro
1049 919 1153 981 nribus
1176 922 1240 984 suis
1263 924 1348 1001 posi·

123 1021 236 1087 turum,
260 1017 296 1077 de
319 1034 375 1092 qua
397 1024 427 1076 et
447 1015 613 1093 Prophetae
635 1015 758 1094 praelati
781 1015 874 1078 sunt?
918 1017 951 1080 si
973 1038 1043 1081 vero
1067 1021 1180 1083 animae
1197 1022 1349 1087 discessus

119 1117 190 1190 tuit,
213 1117 280 1177 ideo
302 1116 413 1177 dictum
436 1126 481 1175 est
503 1134 569 1176 eum
587 1126 723 1177 nostram
737 1126 865 1179 mortem
881 1120 1060 1198 suscepisse,
1082 1121 1140 1182 boe
1155 1132 1351 1189 manustram

126 1218 356 1282 dissolutionem
379 1217 568 1290 sustinuisse,
593 1229 625 1280 nt
647 1225 677 1279 et
699 1226 833 1280 nostram
854 1221 996 1281 nascendi
1017 1223 1175 1284 rabonem.

214 1523 263 1586 19.
309 1518 420 1580 Vanum
443 1519 533 1596 igitur
555 1528 602 1578 cst
623 1526 755 1579 vestrum
777 1520 948 1598 sophisma,
969 1539 1038 1583 nam
1059 1529 1109 1602 qui
1132 1543 1244 1603 quaeso
1267 1545 1351 1591 mors

124 1622 316 1694 advenisset,
345 1620 405 1680 nisi
433 1627 463 1680 et
490 1618 664 1678 interiorem
687 1628 718 1680 ct
738 1620 917 1693 exteriorem
939 1622 1089 1685 hominem
1113 1625 1241 1687 Verbum
1262 1627 1293 1687 iu
1315 1645 1350 1689 se

120 1721 342 1793 constituisset,
366 1721 395 1781 id
419 1728 466 1780 est
488 1738 595 1797 corpus
619 1730 648 1779 ct
670 1718 822 1781 animam?
867 1721 925 1794 Qut
941 1740 997 1800 pro
1014 1733 1077 1786 toto
1093 1725 1215 1787 bomine
1229 1726 1349 1789 redem-

124 1823 217 1886 tionis
238 1823 368 1902 pretinm
390 1821 513 1895 dederit,
536 1829 587 1880 aut
608 1820 758 1898 quomodo
781 1821 885 1907 mortis
901 1821 1059 1902 imperium
1073 1824 1162 1906 plene
1177 1824 1351 1902 abrogatum

121 1926 224 1999 tuerit,
247 1925 275 1985 si
297 1923 378 1996 illud,
401 1923 479 2001 quod
501 1941 555 2002 per
578 1921 797 2000 intelligentiam
821 1930 965 2000 peccarat,
988 1923 1116 1984 animam
1138 1943 1245 2003 nempe
1261 1923 1348 1987 Chri·

120 2036 192 2089 stus
212 2025 244 2085 in
266 2043 335 2085 sese
357 2023 577 2103 impeccabilem
601 2042 661 2083 non
684 2019 916 2084 constituisset?
959 2022 1038 2102 Ergo
1060 2043 1144 2085 mors
1168 2026 1256 2087 etiam
1270 2043 1351 2088 nunc

117 2128 153 2189 in
178 2125 320 2188 interiore
342 2125 463 2187 bomine
485 2125 671 2198 dominatur,
700 2123 731 2185 in
752 2141 882 2203 quonam
906 2123 985 2184 enim
1007 2124 1064 2185 alio
1087 2144 1217 2204 unquam
1240 2141 1433 2206 regna-m

118 2237 208 2291 uerat
237 2227 297 2288 nisi
330 2229 361 2288 in
393 2226 507 2300 anima,
540 2246 615 2304 quae
643 2225 833 2304 intelligendo
861 2233 1049 2304 peccaverat,
1084 2200 1130 2288 n?
1145 2227 1256 2289 dictum
1285 2236 1348 2290 est:

119 2330 247 2403 Anima,
282 2348 356 2410 puae
380 2333 568 2409 peccaverit,
596 2332 664 2407 t'pso
692 2330 860 2398 morietur,
891 2343 947 2405 pro
970 2345 1027 2406 qua
1048 2327 1202 2407 propriam
1223 2328 1352 2391 animam

119 2413 262 2494 Christus
290 2431 321 2491 in
349 2430 478 2509 pretium
506 2428 701 2490 redemtionis
728 2425 851 2507 posuit?
896 2426 1062 2499 Quemnam
1085 2437 1182 2490 autem
1204 2428 1240 2488 ab
1262 2427 1349 2491 initio

119 2531 331 2595 condemnavit
352 2532 441 2604 Deus,
465 2551 541 2610 opus
564 2529 678 2609 opificis
701 2547 739 2590 an
761 2527 909 2590 actionem
930 2525 1063 2607 opificii?
1106 2528 1139 2588 Si
1161 2547 1237 2607 opus
1260 2528 1349 2607 opifi-

120 2635 168 2697 cis
191 2633 405 2706 condemnavit,
428 2633 560 2711 seipsum
583 2623 787 2691 condemnavit
803 2629 881 2691 neus
904 2628 1018 2713 critque
1040 2628 1211 2691 hominibus
1234 2628 1351 2692 similis.

123 2735 215 2810 Quod
238 2735 264 2795 si
289 2734 412 2812 impium
435 2733 473 2793 sit
495 2734 553 2793 boc
574 2733 611 2792 de
633 2732 695 2792 Deo
718 2732 859 2809 cogitare,
883 2731 960 2792 etsi
984 2730 1048 2809 ipse
1071 2731 1218 2792 actionem
1241 2729 1352 2810 opificii

122 2836 284 2906 damnarit,
307 2835 404 2897 aufert
426 2835 515 2912 igitur
537 2834 685 2894 actionem
709 2841 739 2893 et
759 2832 882 2893 innovat
904 2831 1071 2911 opificium3
1093 2850 1162 2893 nam
1184 2831 1248 2893 eius
1271 2850 1350 2911 opus

121 2957 228 3002 sumus
251 2938 343 2999 creati
365 2938 401 2998 ad
423 2935 499 2996 bene
523 2936 717 3015 operandum.

209 3144 261 3205 20.
306 3139 365 3199 Sed
387 3157 506 3199 rursum
529 3137 643 3198 dicitis:
667 3136 749 3209 „Nos
770 3135 864 3195 Deum
887 3133 1012 3194 dicimus
1036 3152 1114 3207 cnm,
1138 3132 1187 3212 qui
1211 3133 1354 3195 cxblaria

121 3248 213 3303 natus
241 3247 318 3302 est.“
370 3239 428 3300 Cur
455 3240 555 3317 itaque
583 3237 681 3298 dicitis
709 3237 798 3298 veluti
827 3235 975 3307 Marcion,
1007 3233 1102 3295 Deum
1133 3232 1290 3295 advenisse
1317 3253 1353 3297 aa

120 3343 218 3404 Deum
241 3340 361 3402 intactili
384 3341 473 3400 modo
497 3341 672 3411 accessisse,
696 3339 774 3418 quod
797 3348 932 3398 naturam
955 3335 1062 3396 babeat
1084 3333 1181 3396 carnis
1202 3335 1351 3403 humanae

120 3461 187 3506 non
200 3440 369 3535 capacem?
413 3442 469 3501 Ant
498 3460 550 3502 cur
572 3442 663 3501 Deum
692 3439 773 3504 illum
796 3438 893 3500 dicitis
917 3437 1004 3498 sicuti
1026 3437 1135 3499 Paulus
1159 3426 1352 3498 samosateu-

122 3542 194 3608 sisi
237 3544 279 3605 Ea
308 3543 387 3604 enim
415 3551 461 3603 est
487 3544 565 3605 iltius
595 3542 757 3622 impietatis
779 3541 872 3612 ratio,
906 3547 939 3599 ut
960 3539 1053 3600 ileum
1077 3538 1252 3600 confiteatur
1273 3554 1353 3611 eum,

122 3645 178 3726 qui
200 3664 235 3706 ex
256 3644 347 3706 Maria
369 3653 456 3706 natus
481 3654 542 3717 cst,
573 3645 622 3723 qui
650 3653 718 3706 ante
741 3641 857 3704 saecula
880 3639 998 3720 quidem
1010 3621 1194 3718 'praefinitus
1217 3638 1272 3710 sit,
1301 3635 1352 3715 qui

121 3758 226 3809 tamen
255 3765 290 3807 ex
312 3746 401 3807 bieria
434 3746 550 3807 initium
581 3745 727 3809 existendi
748 3743 893 3806 babuerit.
938 3739 1066 3801 Verbum
1090 3748 1187 3800 autem
1211 3737 1352 3798 efficaxe

124 3986 178 4050 οὖν
193 3991 328 4076 βασιλεύει
346 3989 360 4044 ὁ
380 3990 510 4048 θάνατος.
547 3997 610 4045 Editi
624 4011 679 4045 vero
691 4005 717 4047 et
801 3996 824 4042 b.
844 3992 883 4041 Sic
901 3992 1001 4054 Segner.
1031 3989 1093 4039 Editi
1111 4004 1166 4038 vero
1178 3983 1267 4052 λέγετε
1276 3978 1354 4042 θεὸν,

122 4070 166 4121 alii
186 4071 215 4115 τί
233 4080 281 4114 ουν
297 4057 359 4113 καθ’
374 4058 444 4130 ὑμᾶς
463 4059 598 4126 flancheim
616 4056 630 4111 ὁ
649 4054 712 4111 dciv.
768 4053 805 4113 ὥς
826 4060 969 4124 Μαρκίων.
1012 4057 1065 4107 llos
1089 4056 1190 4118 Segosa.
1213 4048 1356 4123 προιληλο-

160 4153 182 4186 c.
201 4138 301 4201 sepner.
314 4135 388 4202 sotus
407 4123 450 4178 ὅτι
467 4125 552 4195 ψυχή.
766 4121 864 4177 deira..
885 4128 951 4179 inira
969 4121 1058 4193 λέγετε
1075 4123 1144 4174 deest
1162 4124 1186 4173 iu
1204 4123 1301 4173 codem

120 4272 144 4320 θ
161 4205 180 4253 l.
204 4204 305 4283 Segner.
324 4201 464 4277 ⁶⁰.'¹¹⁰¹”·,‘²
483 4199 622 4248 tete-tml.
640 4188 716 4275 {vt}-
802 4231 817 4278 i.
842 4229 913 4276 Bam·
934 4220 965 4274 td
987 4218 1140 4294 πρόβλημα,
1177 4223 1237 4272 Μ.
1256 4223 1358 4283 smum

121 4284 243 4399 ,3εένῖ
255 4263 500 4387 ἑεῖἒξὲξλωθον
517 4267 627 4328 (semum
644 4264 717 4313 Μ’
768 4298 837 4375 solns
856 4288 1009 4371 lectoren,
1030 4294 1070 4341 obi
1087 4293 1146 4372 ιειΙίιί
1164 4300 1188 4340 et
1206 4291 1246 4339 aiii
1260 4281 1356 4368 {Folo-

176 4352 192 4405 ρ
768 4377 820 4428 γει.
857 4363 910 4411 ltox
927 4374 979 4428 μεν
997 4369 1052 4425 post
1071 4352 1181 4407 elevor
1190 4359 1259 4407 deest
1268 4372 1291 4406 ιιι
1304 4355 1358 4419 odif

158 4422 183 4469 g.
202 4406 300 4465 sepner.
320 4405 418 4454 Gobler.
438 4411 461 4453 et
479 4402 583 4453 Felekm.
604 4401 626 4451 l.
643 4413 719 4465 περι·

121 4469 201 4540 αἴρει
215 4466 312 4521 τοίνυν
329 4463 389 4531 τήν.

161 4561 293 4604 Arusini
304 4570 357 4604 err.
370 4569 444 4603 scen.
455 4568 507 4602 m.
836 4544 841 4551 “
1121 4544 1154 4595 57

768 4432 810 4493 tis,
827 4445 856 4480 cx
872 4430 974 4491 Separor.
992 4429 1166 4495 supplevimus.
