2934 5078
119 229 181 294 888
516 219 712 284 κιτιωῑαωι
727 236 956 315 mmmmm

32 412 194 460 mvwv.
232 386 337 467 οῦτως
358 384 419 474 γὰρ
443 386 566 454 ἐννοεῖν
587 385 626 451 τὸ
648 388 800 452 τοιοῦτον
823 379 958 468 ἀσεβές,
983 379 1058 451 ἀλλ’
1084 379 1190 472 ότῆν
1214 385 1346 464 ἐξέτασιν

118 497 177 578 τῆς
205 494 375 578 παρακοῆς
398 489 624 574 ποιησάμενος
645 491 699 554 καέ
721 492 829 573 κρίσιν
851 486 1056 572 ιἐπαγαγιῖιν
1079 487 1210 574 διπλῆν
1231 491 1289 574 τῆς
1307 514 1348 554 τι·

116 601 246 679 μωρίας
274 591 332 676 τῆν
357 586 533 676 ἀπόφασιν
556 590 692 668 δέδωκε,
722 591 770 674 τῷ
791 589 852 672 μέν
873 592 976 675 γηΐνῳ
1000 588 1164 675 εἰρηκώς·
1193 593 1234 676 γῆ
1257 584 1286 656 εἶ
1303 593 1346 656 νεὶ

119 695 166 774 εἰς
187 699 246 780 γῆν
268 688 473 778 ἀπελεῦογγ“),
497 692 550 757 καὶ
575 688 680 769 οῦτως
701 687 902 772 ἀποδέχεται
924 689 1049 776 φθορὰ
1063 690 1106 755 τὸ
1121 695 1224 775 σῶμα
1240 691 1346 757 δεσπό·

117 820 177 862 του
200 791 477 882 ἀποφηναμένου,
506 797 546 880 τῇ
570 793 607 859 δέ
630 795 735 880 ψυχῇ·
765 791 905 878 θανάτῳ
928 787 1097 879 ἀποθανῇ
1106 796 1147 872 ’γ’
1177 796 1235 860 καὶ
1257 789 1347 871 οῦτως

118 899 192 984 διχῆ
222 898 403 982 διαιρεῖται
426 892 444 960 ὃ
468 893 728 981 ἄνθρωποςκαὶ
751 892 784 960 ἐν
807 894 882 960 δυσί
904 893 1029 973 τόποις
1052 895 1222 976 οἴχεσθαι
1244 899 1347 960 1’κατα-

119 997 294 1080 δικάζεται
334 997 391 1064 διὰ
412 1001 509 1063 τοῦτο
530 1002 624 1082 χρεία
646 1003 757 1082 γέγονε
777 1000 836 1062 τοῦ
860 991 1151 1084 ἀποφηναμένου,
1183 998 1243 1063 ἵνα
1263 993 1347 1075 αὐτὸς

119 1098 161 1167 δι’
192 1100 309 1167 ἑαυτοῦ
340 1099 421 1186 λὺση
451 1099 509 1186 τῆν
533 1099 651 1165 ἑαυτοῦ
675 1090 866 1186 ἀπόφασιν,
897 1097 931 1164 ἐν
952 1103 1071 1186 μορφῇ
1096 1102 1161 1164 τοῦ
1184 1099 1347 1165 καταδικα-

118 1207 261 1279 σθέντος
282 1197 533 1285 άκαταδικάστηι
555 1202 608 1266 καὶ
632 1195 849 1286 ἀναμαρτήτῳ
872 1193 1007 1287 ὀφθείς,
1033 1200 1093 1266 ἵνα
1117 1203 1175 1266 καὶ
1199 1197 1220 1288 ῆ
1242 1203 1346 1267 καταλ-

117 1302 199 1389 λαγὴ
221 1306 280 1369 τοῦ
303 1305 387 1369 θεοῦ
411 1300 496 1387 πρὸς
518 1301 575 1368 τὸν
598 1300 783 1388 άνθρωπσν
804 1308 946 1388 γένηται,
970 1305 1025 1368 καὶ
1048 1298 1070 1388 ἦ
1097 1292 1281 1387 ἐλευθερία
1299 1305 1345 1367 τοῦ

118 1404 245 1481 παντὸς
267 1398 452 1487 ἀνθρώπου
475 1398 534 1469 ‘dc'
560 1400 746 1487 ἀνθρώπου
767 1399 898 1489 ῦπάρξη
922 1403 956 1470 ἐν
979 1406 1020 1489 τῇ
1045 1404 1228 1492 καινότητι
1242 1409 1297 1490 τῆς
1309 1404 1346 1471 εἰ·

117 1506 213 1583 κόνος
234 1509 293 1571 τοῦ
317 1506 389 1571 οίοῦ
413 1500 514 1571 αὐτοῦ
534 1501 637 1592 Ἰησοῦ
660 1509 812 1592 Χριστοῦ
833 1509 893 1570 τοῦ
917 1511 1033 1589 κυρίου
1056 1501 1169 1590 ἡμῶν.
1203 1507 1234 1574 εί
1256 1508 1344 1573 δὲκαὶ

118 1607 228 1692 ἕτερον
250 1605 356 1672 τόπον
378 1609 553 1693 καταδίκης
576 1608 683 1687 δεῖξαι
705 1607 862 1686 δύνασθε,
886 1606 1022 1685 εέκότως
1038 1601 1080 1673 ἀν
1098 1596 1254 1693 ’λέγοιτε
1267 1611 1345 1694 τριχῆ

118 1709 329 1794 διαιρεῖσθαι
350 1706 408 1774 τὸν
431 1707 630 1794 ἄνθρωπον,
662 1711 714 1776 καὶ
738 1708 773 1776 ἐκ
793 1711 854 1793 μὲν
874 1711 942 1774 τῶν
965 1706 1025 1773 δύο
1048 1707 1176 1775 τόπων
1198 1711 1259 1798 τῆν
1279 1705 1345 1776 ἀνά·

115 1810 230 1896 κλησιν
252 1815 428 1893 γεγονέναι,
454 1809 487 1876 ἐν
509 1811 546 1876 δέ
567 1814 614 1897 τῷ
636 1818 737 1897 τρίτῳ
758 1817 868 1896 μένειν
892 1810 925 1877 ἐν
948 1810 1091 1893 δεσμοῖς
1115 1809 1159 1876 τὸ
1176 1813 1342 1895 δεδεμένα.

117 1908 147 1976 εἰ
169 1911 205 1975 δὲ
226 1909 270 1993 μὴ
295 1909 383 1992 έχετε
404 1911 511 1989 δεῖξαι
533 1912 644 1996 ἕτερον
666 1912 773 1979 τόπον
794 1908 889 1996 παρά
910 1910 968 1976 τὸν
983 1910 1099 1998 τάφον
1115 1919 1176 1979 καί
1192 1913 1251 1981 τὸν
1265 1910 1342 2001 ᾅδην,

116 2009 153 2090 ἐξ
173 1999 219 2076 ὧν
240 2005 468 2096 ῆλευθέρωται
490 2013 624 2092 τελείως
640 2009 658 2079 δ
675 2011 867 2100 ἀνθρωπος,
891 2015 1043 2098 Χριστοῦ
1061 2012 1342 2099 ἐλευθερώσαντος

115 2105 202 2198 ῆμάς
224 2110 258 2178 ἐν
280 2115 320 2199 τῇ
342 2112 460 2178 ἐαυτοῦ
483 2109 558 2179 καθ’
583 2110 670 2200 ῆμάς
690 2118 802 2202 μορφῇ
824 2116 935 2200 τελείᾳ
955 2115 1010 2179 καὶ
1026 2108 1262 2202 ἀληθεστάτῃ,
1283 2118 1342 2193 πῶς

117 2211 167 2280 ἐτι
188 2217 293 2279 ταῦτα
315 2215 423 2298 λέγετε
446 2210 492 2293 ὥς
514 2209 647 2281 οὐδέπω
669 2217 928 2301 καταλλαγέντος
948 2218 1006 2301 ’τῇ
1032 2210 1283 2305 ἀνθρωπότητι
1295 2219 1340 2282 τοῦ

115 2317 219 2396 θεοῦ,
249 2318 324 2394 πῶς
353 2305 410 2381 οῦν
439 2314 644 2401 ἐπεδήμησεν
673 2311 691 2381 ὁ
716 2317 850 2401 σωτῆρ,·
887 2310 908 2403 ἢ
931 2313 977 2394 ὡς
995 2311 1174 2398 ἀδύνατος
1195 2319 1254 2385 τὸν
1274 2317 1342 2400 σάμ-

116 2438 228 2482 παντα
257 2417 356 2483 λῦσαι
384 2414 583 2502 ἄνθρωπον,
618 2411 639 2502 ῆ
670 2413 715 2496 οῦς
740 2416 982 2502 βδελυξάμενος
1003 2417 1063 2483 τὸν
1088 2416 1191 2500 ἅπαξ
1212 2416 1341 2504 ἁμαρτῆ·

117 2536 222 2581 σαντα
253 2521 346 2597 νοῦν,
379 2511 402 2604 ῆ
430 2513 476 2596 ὥς
509 2516 667 2596 δεδοικὼς
695 2516 741 2605 μῆ
769 2518 824 2584 καί
853 2513 953 2596 αὐτὸς
974 2509 1121 2603 μέτοχος
1143 2527 1278 2607 γένηται
1295 2523 1340 2602 τῆς

116 2610 295 2702 ἀμαρτίας,
326 2618 355 2685 εἰ
383 2620 508 2697 τέλειος
535 2625 667 2706 γένηται
690 2616 873 2705 ἀνθρωπος
894 2619 977 2698 θεὸς
1000 2618 1069 2702 155»,-
1101 2618 1178 2687 ἀλλ’
1204 2619 1339 2707 ἀσεβείας

117 2715 258 2802 ἔμπλεοι
286 2720 319 2784 οἱ
347 2723 451 2785 ταῦτα
480 2715 586 2798 οῦτως
616 2720 811 2798 ἐννοοῦντες.
859 2725 894 2786 τί
913 2720 976 2806 γὰρ
1000 2726 1081 2806 περὶ
1106 2727 1170 2812 τῆς
1193 2720 1339 2809 ἁμαρτία,

117 2814 303 2903 ὁριζόμενοι
334 2825 439 2887 ταῦτα
468 2823 613 2899 λαλεῖτε,
629 2820 784 2908 ’φυσικὴν
814 2816 899 2888 εἶναι
927 2821 986 2904 τῆν
1009 2818 1185 2911 ἁμαρτίαν
1209 2828 1338 2911 λέγοντες

115 2920 199 2986 κατὰ
220 2920 277 2987 τὸν
301 2915 521 3006 ἀσεβέστατον
545 2928 753 3005 Μανιχαῖον,·

203 3030 251 3089 15.
301 3027 414 3089 Ταῦτα
448 3020 553 3100 οῦτως
582 3034 736 3110 φρονεῖτε
761 3022 937 3108 κατήγοροι
964 3023 1142 3108 γινόμενοι
1170 3032 1231 3094 τοῦ
1259 3030 1339 3113 δημι-

115 3127 234 3209 ουργοῦ
256 3126 315 3209 τῆς
337 3123 477 3211 φάσεως.
511 3120 583 3190 ’ὅτε
604 3123 662 3189 τὸν
681 3119 789 3208 Ἀδάμ
812 3119 956 3211 ἀρχῆθεν
973 3125 1123 3194 ἔπλασεν
1141 3124 1161 3194 ὁ
1178 3129 1269 3209 θεάς,
1289 3127 1339 3214 μή·

115 3246 206 3308 τοιγε
229 3224 400 3311 σύμφυτον
423 3221 511 3311 αὐτῷ
536 3226 657 3292 δέδωκε
679 3224 737 3313 τῆν
759 3220 940 3310 ἀμαρτίαν;
972 3233 1023 3304 τίς
1047 3218 1107 3294 οῦν
1135 3231 1188 3297 ἔτι
1208 3238 1298 3316 χρεία
1309 3219 1338 3315 ῆι

114 3327 173 3409 τῆς
195 3324 344 3410 έντολῆς,·
375 3330 449 3405 πῶς
472 3328 507 3392 δέ
530 3322 630 3391 αὐτὸν
645 3327 854 3393 κατεδίκασεν
871 3324 1133 3412 άμαρτῆσαντα,·
1159 3337 1235 3412 πῶς
1251 3335 1283 3399 δέ
1297 3332 1338 3396 καί

117 3422 185 3507 πρὸ
213 3429 271 3511 τῆς
294 3431 465 3512 παρακοῆς
487 3421 545 3492 οὐκ
568 3426 722 3512 ἐγίνωσκε
742 3426 841 3493 καλὸν
863 3430 917 3492 καί
940 3429 1092 3514 πονηρὸν
1116 3429 1137 3497 ὁ
1159 3431 1284 3519 Ἀδάμ,
1309 3431 1338 3497 ὃν

115 3525 258 3592 ἔπλασεν
288 3522 305 3591 ό
335 3527 417 3606 θεὸς
446 3528 501 3594 ἐπὶ
525 3522 725 3615 ιἀφθαρσίᾳ
752 3530 805 3594 καὶ
829 3528 931 3595 εἰκόνι
952 3533 1010 3617 τῆς
1033 3531 1128 3612 ἰδίας
1152 3530 1337 3621 ἀϊδιότητος,

114 3624 271 3711 ἐποίησεν
286 3623 386 3694 αὐτὸν
402 3628 502 3716 φῦσιν
519 3622 748 3716 ἀναμάρτητον
758 3633 811 3696 καὶ
824 3632 964 3713 θέλησιν
977 3627 1217 3712 αὐτεξούσιον·
1234 3637 1337 3727 φθόνῳ

32 3794 35 3799 ,
114 3727 150 3794 δέ
182 3729 340 3813 διαβόλου
372 3728 522 3807 θάνατος
551 3729 702 3818 είςῆλθεν
731 3731 779 3809 είς
806 3728 863 3796 τόν
892 3731 1048 3815 κόσμονλ)
1081 3732 1267 3823 εὑραμένου
1293 3741 1338 3823 τῆς

182 3917 206 3976 1)
225 3919 283 3968 Gen.
304 3918 327 3978 3,
350 3918 388 3967 ¹9.
460 3918 484 3974 2)
504 3921 562 3970 Gen.
583 3919 606 3978 2,
628 3919 666 3968 17.
737 3920 762 3981 3)
781 3921 837 3986 Sap.
857 3919 881 3979 2,
901 3919 943 3969 24.

145 4066 166 4099 ο.
185 4052 284 4112 Seguer.
310 4051 407 4101 Gobler.
434 4061 457 4101 ει
476 4053 579 4101 ΡεΙείσο.
600 4055 620 4102 l.
639 4046 700 4101 ἕνα·
749 4048 983 4108 ταδικάστωςκαὶ
1001 4048 1223 4138 ἀναμαρτήτως.
1252 4063 1339 4113 mitia

109 4112 214 4182 γαγοίν.
253 4120 316 4167 infra
335 4122 391 4169 εδιιί
409 4113 569 4185 ὑποδέχεται
588 4115 696 4186 φθορά,
750 4126 790 4173 :lii
820 4116 1030 4189 ἀκαταδικάοτηι
1068 4141 1118 4175 και
1155 4124 1337 4198 ἀναμαρτῆιρ.

110 4186 154 4235 sed
172 4201 214 4235 vox
233 4179 332 4303 φθορρὶ
350 4188 419 4237 obest
437 4191 459 4237 in
479 4192 578 4250 Seguer.
599 4205 643 4238 nec
657 4206 698 4239 ωι-
752 4193 855 4255 utruque
875 4191 947 4240 leuno
967 4195 1091 4254 quadrare
1112 4201 1218 4249 videtur.

110 4266 194 4315 ριεεει
214 4262 281 4302 esta
322 4256 403 4305 annio.
758 4288 761 4295 .
785 4276 805 4309 ε.
825 4261 888 4308 Haec
906 4250 941 4306 δι’
962 4253 1121 4325 ἀνθρώπου
1140 4269 1231 4319 desunt
1246 4269 1338 4327 insta.

143 4321 165 4368 b.
186 4320 219 4369 lta
238 4323 376 4383 Seguerian.
398 4323 495 4372 Gobler.
515 4332 537 4372 ει
557 4324 662 4373 Felckm.
676 4326 697 4374 1.
750 4327 847 4378 eomer.
871 4336 895 4375 ει
920 4329 1027 4378 ΡεΙελαι.
1051 4333 1072 4380 l.
1112 4335 1167 4385 Mox
1192 4352 1274 4386 omnes
1296 4337 1337 4383 ίαν

109 4385 171 4435 Edili
190 4403 245 4436 τοιο
270 4398 293 4437 ει
320 4392 360 4438 alii
383 4383 592 4451 ἐκαταδικόσθη.
633 4394 697 4442 {nfra
750 4409 808 4444 mss.
829 4393 876 4441 τοῦ
892 4387 955 4443 οἱοῦ
975 4389 1062 4448 αὐτοῦ
1080 4391 1183 4463 Ἰησοῦ.
1223 4405 1280 4456 Εδιιί
1297 4397 1337 4450 τοῦ

109 4454 200 4515 anglic.
222 4456 322 4518 δινσιε.
342 4459 412 4510 Gobl.
431 4468 455 4510 ει
473 4460 578 4510 Felckm.
592 4461 613 4510 1.
633 4451 698 4508 ἀκοι·
748 4455 810 4510 υἱοῦ
827 4460 877 4511 τοῦ
891 4454 992 4523 Ἰησοῦ.
