2948 5092
30 270 94 337 210
278 316 281 321 .
431 280 458 324 ε.
470 277 627 322 *mmm
640 274 864 321 ιτετιετιισοτι

7 428 90 503 .οῦκ
113 426 286 519 ἀλλότριόν
308 429 380 497 έστι
400 428 539 492 τοιαῦτα
560 424 665 510 λέγειν
685 447 723 490 τε
743 424 797 489 καὶ
813 425 966 509 φρονεῖν·
988 417 1082 502 ἄπαξ
1094 423 1156 509 γὰρ
1172 423 1260 493 πλά-

31 558 149 615 σαντες
176 534 308 611 ίαυτοίς
336 529 371 610 ἐξ
398 522 456 594 ούκ
477 524 582 592 ὄντων
604 522 687 591 θεὸν
708 522 764 591 καί
784 521 917 591 κτιστύν
939 521 1026 602 υίύν,
1061 520 1260 606 ἀκολούθως

31 634 77 717 (ῦς
99 634 284 722 ἁρμόζοντα
304 637 464 715 κτίσματι
480 627 541 693 ’τὰ
558 629 698 692 τοιαῦτα
709 623 766 693 καλ
780 625 954 704 συνέλεξαν
969 624 1101 705 ἑαυτοῖς
1115 626 1255 715 ῥήματα.

32 736 148 824 έπειδὴ
176 738 214 805 δέ
241 733 327 819 πρὸς
352 730 431 810 τοῦς
459 724 529 796 ἀπὸ
550 729 609 816 τῆς
629 725 800 814 λαλησίας
822 724 1059 811 διαμαχόμενοι
1079 731 1135 794 καὶ
1158 724 1257 796 ἀκού-

32 862 124 918 οντες
146 832 223 921 παρ’
248 831 357 902 αύτιῦν
378 829 457 918 περὶ
478 833 538 897 τοῦ
559 823 722 915 ἀληθινοῦ
743 825 799 892 καὶ
820 827 926 911 μόνου
940 827 1038 914 λόγου
1052 832 1112 896 τοῦ
1127 830 1258 915 πατρὸς

31 942 171 1007 τοιαῦτα
192 940 269 1023 περί
291 930 394 1003 σύτοῦ
410 936 622 1024 φθέγγεσθαι
633 929 792 1012 τολμῶσι,
816 935 868 1007 τίς
881 929 1001 996 τούτου
1015 933 1075 997 τοῦ
1090 929 1258 1018 δόγματος

30 1040 236 1126 μιαρώτερον
258 1033 299 1106 ἀν
322 1039 408 1119 λ’δοις
439 1040 490 1113 τίς
508 1030 633 1099 τούτων
652 1031 707 1097 καὶ
729 1026 852 1114 ι’μόνον
875 1026 1018 1112 ἀκούων,
1047 1026 1108 1120 κάν
1129 1033 1176 1119 μὴ
1200 1029 1258 1102 ἀν-

30 1142 170 1227 τιλέγειν
193 1140 347 1229 δύνηται,
368 1131 408 1204 οῦ
428 1133 624 1221 ταράττεται
643 1128 700 1197 καί
720 1129 779 1216 τὴν
803 1125 904 1220 ἀκοὴν
927 1127 1139 1216 ἀποκλείσει,
1170 1137 1257 1215 ξενι-

31 1241 168 1325 ζόμενος
194 1236 247 1330 ἔφ’
270 1236 323 1322 οἷς
342 1238 476 1306 *ίκείνοί
501 1258 537 1300 τε
557 1232 697 1321 λαλοῦσι
717 1231 774 1298 καὶ
794 1228 896 1313 αὐτὸς
918 1238 1040 1324 καρνῶν
1062 1231 1177 1304 ἀκούει
1199 1239 1256 1326 ῥη·

30 1342 162 1428 μάτων,
192 1342 332 1427 ἐχόντων
352 1332 493 1406 αῦτύθεν
514 1335 567 1400 καί
590 1326 648 1399 ἀπ’
672 1327 781 1420 αὐτῆς·
795 1338 856 1423 τῆς
877 1339 1054 1425 προφορᾶς
1075 1338 1135 1424 τὴν
1156 1340 1257 1424 βλας-

31 1452 180 1533 mef
205 1445 236 1514 εἰ
256 1443 317 1532 γὰρ
337 1435 476 1527 τρεπτὸς
496 1437 550 1502 καί
573 1428 807 1520 ἀλλοιούμενός
823 1435 912 1504 ἔστιν
928 1434 947 1503 ὁ
962 1437 1067 1524 λόγος,
1090 1442 1177 1507 ’ποῖ
1192 1438 1257 1527 ἄρα

31 1546 199 1635 στήσεται,
221 1544 277 1614 καὶ
296 1550 395 1611 ποίον
416 1530 517 1604 αῦτοῦ
538 1536 578 1602 τὸ
599 1537 693 1616 τέλος
716 1537 810 1604 ἔσται
829 1541 889 1626 τῆς
911 1538 1115 1622 ἐπιδόσεως,·
1137 1535 1160 1629 ἢ
1182 1545 1256 1622 πιῦς

31 1644 150 1732 ὅμοιος
180 1651 228 1734 τῷ
259 1641 409 1729 ἀτρέπτῳ
443 1635 461 1703 ὁ
489 1637 632 1725 τρεπτὸς
660 1633 747 1706 εἶναι
776 1639 967 1727 ἄυνήσεταις
999 1645 1075 1721 πῶς
1096 1643 1134 1709 δὲ
1157 1638 1177 1709 ὁ
1199 1642 1256 1709 τὸν

30 1748 174 1837 τρεπτὸν
202 1742 352 1834 ἑωρακὼς
371 1741 549 1825 ἑωρακέναι
569 1737 628 1806 τὸν
650 1737 816 1827 ἄτρεπτον
838 1749 1020 1827 νομίσειενς
1054 1742 1088 1810 έν
1110 1751 1199 1831 ποίᾳ
1221 1744 1255 1811 δὲ

31 1850 99 1938 ἄρα
125 1850 183 1920 έάν
209 1852 340 1934 γένηται
365 1840 578 1922 καταστάσει,
609 1841 784 1930 δυνήσεταί
804 1869 856 1922 τις
876 1843 935 1910 τὸν
956 1850 1086 1931 πατέρα
1109 1845 1143 1913 έν
1167 1841 1256 1934 αύτῷ

29 1956 184 2041 punem
218 1949 314 2035 δῆλον
340 1942 402 2030 γάρ
431 1939 476 2021 ὥς
505 1939 563 2010 οῦκ
585 1938 639 2010 ἀεί
659 1970 710 2022 τις
733 1941 856 2030 ὄψεται
878 1943 912 2012 έν
934 1939 1022 2032 αύτῷ
1043 1945 1102 2012 τὸν
1125 1954 1256 2033 πατέρα

31 2054 89 2123 ῦιά
108 2053 148 2120 τύ
168 2042 506 2132 ἀεὶτρέπεσθαιαὸν
529 2043 600 2111 υίὸν
622 2044 678 2113 καὶ
701 2041 937 2134 ἀλλοιουμένης
958 2043 1059 2114 αῦτὸν
1081 2043 1170 2116 εἶναι
1193 2048 1256 2138 ‹pb-

29 2176 122 2233 σεως.
166 2148 265 2235 ὃμὲν
286 2147 347 2234 γὰρ
370 2145 480 2234 πατὴρ
504 2144 668 2234 ἄτρεπτος
689 2153 743 2215 καί
767 2144 1006 2230 ἀναλλοίωτος,
1031 2149 1104 2217 ’καί
1126 2146 1179 2219 ἀεὶ
1201 2155 1254 2220 καί

29 2250 181 2334 ὥςαύτως
203 2251 268 2333 ἔχει
288 2251 342 2316 καί
366 2243 384 2314 ὃ
407 2242 506 2328 αάτός
527 2248 627 2330 ἐστιν,
652 2244 671 2316 ὂ
693 2251 730 2317 δέ
744 2250 816 2329 υίὸς
831 2250 860 2318 εί
874 2245 943 2317 κατ’
960 2251 1103 2331 ἐκείνους
1113 2253 1257 2337 τρεπτὸς

28 2357 82 2425 καί
105 2348 163 2420 ούκ
184 2347 237 2419 ἀεὶ
258 2347 277 2416 ὃ
300 2345 415 2430 αὐτός,
445 2345 514 2417 ἀλλ’
539 2346 593 2418 ἀεὶ
620 2345 857 2439 ἀλλοιουμένης
879 2352 1011 2441 φύσεώς
1034 2353 1115 2434 έοτι,
1139 2359 1217 2434 πῶς
1237 2351 1255 2421 ὁ

28 2458 178 2533 τοιοῦτος
200 2450 295 2519 εἰκὼν
316 2455 376 2518 τοῦ
398 2451 526 2539 πατρὸς
550 2447 635 2519 εἶναι
658 2452 805 2535 δύναται,
830 2448 888 2521 οάκ
911 2455 993 2538 έχων
1007 2454 1047 2521 τὸ
1064 2452 1184 2540 ἄμοιον
1199 2461 1256 2545 τῆς
1300 2454 1302 2461 ’

28 2554 207 2644 ἀτρειύίας,
241 2556 315 2632 πῶς
338 2554 374 2621 δέ
395 2555 449 2619 καί
473 2549 559 2632 ὅλως
581 2552 615 2622 έν
635 2558 684 2640 τῷ
706 2561 811 2641 πατρί
833 2555 938 2636 ἐστιν,
962 2551 1152 2645 ἀμφίβολον
1176 2559 1256 2642 ἔχων

26 2657 86 2747 τὴν
107 2658 336 2743 (προαίρεσινς
368 2654 453 2738 τάχα
481 2656 517 2723 δὲ
539 2658 593 2722 καί
615 2655 758 2741 τρεπτὸς
780 2651 826 2722 ιύν
848 2660 901 2724 καί
922 2652 1000 2724 καθ’
1024 2654 1149 2745 ἡμέραν
1172 2685 1256 2746 προ-

25 2758 159 2838 κόπτων
188 2755 283 2824 οᾶπω
311 2755 436 2835 τέλειός
463 2757 561 2824 ἐστιν.
607 2752 719 2844 ἀλλ’ἢ
748 2760 808 2842 μέν
830 2760 966 2848 τοιαύτη
988 2763 1055 2826 τῶν
1073 2754 1256 2848 Ἀρειανῶν

26 2861 171 2945 οἰχέσθω
192 2855 305 2941 μανία,
328 2854 348 2946 ἡ
371 2860 407 2927 δέ
430 2855 574 2948 ἀλήθεια
596 2860 754 2943 λαμπέτω
776 2859 832 2927 καὶ
854 2861 1010 2928 δεικνύτω
1032 2862 1172 2942 τούτους
1189 2889 1257 2931 πα-

25 2964 282 3051 ραφρονοῦντας.
327 2965 402 3040 πῶς
433 2959 494 3048 γὰρ
529 2957 567 3027 ού
600 2962 726 3040 τέλειος
747 2957 788 3028 ’ὁ
821 2957 894 3040 ἶσος
925 2966 1017 3050 θεούς
1056 2958 1177 3052 ἢπῶς
1199 2961 1256 3031 ούκ

25 3061 189 3150 ἄτρεπτος
212 3057 229 3127 ὁ
251 3061 334 3146 μετὰ
355 3067 415 3130 τοῦ
438 3061 566 3146 πατρὸς
588 3064 623 3131 ἓν
644 3056 691 3130 ιῦν
712 3066 767 3129 καί
788 3066 847 3148 τῆς
868 3057 984 3142 ούσίας
1004 3065 1093 3143 ἰ’διος
1115 3059 1162 3132 ἄν
1184 3066 1257 3145 υίὸς

25 3158 146 3245 αύτούς
178 3167 238 3251 τῆς
267 3166 302 3230 δὲ
331 3159 446 3242 οῦσίας
468 3167 526 3228 τοῦ
549 3162 677 3248 πατρὸς
699 3163 799 3251 οᾶσης
821 3159 1001 3252 ἀτρέπτοο,
1026 3162 1193 3253 ἄτρεπτον
1215 3161 1256 3235 ἄν

25 3267 77 3355 τίη
109 3264 165 3332 καὶ
197 3265 236 3330 τὸ
264 3265 301 3345 ἐξ
328 3262 428 3352 αὐτῆς
456 3265 543 3331 ἴδιον
564 3270 714 3354 γέννημα.
760 3265 811 3333 ἐί
827 3266 868 3332 ’δὲ
889 3266 1008 3332 τούτου
1031 3263 1137 3348 ούτως
1160 3266 1257 3349 ἄντος

23 3371 83 3436 τοῦ
113 3366 212 3452 λύγου
239 3365 367 3451 τροπὴν
396 3365 678 3451 καταψεύδονται,
710 3373 974 3452 μανθανέτωσαν
996 3373 1064 3435 ποῦ
1086 3370 1215 3438 τούτων
1237 3366 1257 3437 ὁ

25 3467 123 3555 λύγος
144 3467 333 3536 κινδυνεύει.
366 3466 400 3535 έκ
421 3467 482 3553 γὰρ
505 3472 564 3534 τοῦ
585 3458 716 3555 καρποῦ
737 3472 791 3535 καὶ
815 3470 860 3562 τὸ,
870 3470 1003 3556 δένδρον
1025 3470 1257 3558 ἰἐπιγινώσκε-

23 3591 96 3637 ται·
120 3570 176 3637 διὰ
197 3573 294 3635 τοῦτο
317 3572 370 3636 καί
395 3565 588 3657 ύέωρακώς
609 3569 667 3637 τὸν
689 3570 760 3637 υίὸῦ
784 3570 906 3657 ἑώρακε
928 3571 986 3638 τὸν
1008 3577 1178 3657 πατέρα’),
1201 3577 1257 3641 καὶ

25 3666 45 3757 ἡ
67 3675 127 3738 τοῦ
149 3672 222 3738 υίοῦ
244 3676 365 3757 γνῶσις
387 3676 507 3757 γνῶσίς
529 3671 601 3739 ἐστι
622 3675 681 3738 τοῦ
704 3672 841 3759 πατρός.

112 3776 162 3842 36.
212 3769 337 3841 Οὐκοῦν
360 3769 583 3852 ἀναλλοίωτος
605 3769 624 3862 ἡ
648 3772 744 3842 εἰκὼν
764 3778 823 3842 τοῦ
847 3770 1013 3860 ἀτρέπτου
1028 3776 1115 3842 θεοῦ
1130 3769 1171 3842 ἄν
1188 3778 1255 3864 εἴη·

20 3867 144 3962 Ἰησοῦς
165 3875 227 3961 γὰρ
249 3874 398 3960 Χριστὸς
417 3877 499 3958 χθὲς
521 3878 575 3941 καί
599 3873 741 3964 σήμερον
764 3872 782 3942 ὁ
805 3871 904 3955 αὐτὸς
925 3878 978 3942 καὶ
1003 3877 1050 3956 είς
1072 3876 1150 3956 τοὺς
1174 3877 1257 3946 αίιῦ-

96 4034 119 4093 l)
138 4034 203 4082 Ιοοο.
226 4033 265 4091 14,
283 4033 306 4083 9.

59 4185 79 4218 ε.
99 4160 365 4230 3εςυετ.τάοωλίίὶι.
402 4163 615 4232 ΡουΙοροειναί
700 4183 721 4218 ε.
743 4168 842 4228 Sesuer.
868 4169 964 4219 ὓοοίεν.
986 4175 1009 4217 εί
1028 4168 1133 4217 feldun.
1151 4171 1173 4219 1.
1191 4162 1256 4217 ἐκεῖ·

23 4245 78 4287 nme
97 4227 241 4290 ἀκούοντες
255 4237 323 4284 deest
334 4239 357 4284 in
368 4236 612 4287 Gobl.etFelckm.l.
663 4248 709 4283 νοι
726 4231 851 4293 λαλοῦσιΑ
865 4231 912 4285 καὶ
930 4226 1013 4288 αὐτὸς
1029 4234 1122 4286 κενῶν.
1153 4240 1253 4297 Seguer.

57 4306 81 4354 b.
100 4305 199 4367 Seguer.
222 4296 312 4371 μόνον
335 4294 450 4354 ἀκούων.
486 4305 611 4354 [insiliens.
665 4304 722 4353 ibid.
741 4294 862 4352 ἀκοῦων.’
896 4305 975 4354 (Συιετί
994 4314 1017 4353 ει
1037 4305 1092 4352 editi
1111 4297 1211 4353 ἐκεῖνοί
1227 4316 1255 4354 τε

21 4372 143 4434 λοςλίεεο.
170 4364 562 4437 Ηερ.ειί“ε1ιλοι.5.μύνων,
583 4373 612 4421 ii·
663 4367 775 4420 λαλοῦσι
791 4364 836 4419 καὶ
854 4362 1055 4426 «thaeman
1073 4364 1175 4426 ἀκούει.

23 4439 126 4503 demque
159 4456 212 4489 curn
247 4441 317 4490 edilis
349 4440 462 4491 omittunt
493 4430 608 4488 ἀκούων.
698 4441 721 4489 d.
745 4442 786 4489 Sic
813 4445 914 4503 seguer.
942 4442 998 4504 Reg.
1023 4440 1094 4489 nasu.
1114 4440 1205 4503 λαςίὶε.
1231 4448 1254 4490 εί

22 4507 122 4575 δερυετ.
142 4508 201 4559 ibid.
219 4500 342 4558 δύναται
442 4521 452 4537 ⁴
527 4512 535 4523 “
662 4506 769 4559 Felckm.
787 4507 812 4557 5.
848 4511 877 4561 λι
894 4509 934 4560 ulii
952 4518 977 4559 ει
993 4509 1050 4559 edili
1067 4506 1175 4559 nolon

16 4728 50 4776 k
