2948 5092
491 251 636 296 unrsrocr
651 253 671 295 r.
695 253 730 294 ao
753 233 962 296 senariorum
1287 247 1347 308 723

117 403 211 484 probi
240 403 382 464 mensarii
411 403 630 476 discernamus,
664 421 735 496 num
766 405 922 484 proprium
951 406 1059 485 aliquid
1087 407 1194 471 habeat
1221 410 1349 491 Spiritus
1358 419 1434 463 ΡΜ·

121 524 194 568 cum
216 505 306 566 rebus
330 505 450 578 creatis,
480 505 525 565 vel
547 523 583 564 an
605 505 746 584 proprius
768 505 809 565 sit
830 506 900 580 Dei,
925 515 957 567 ut
978 527 1045 569 eum
1068 509 1114 571 vel
1136 529 1199 572 rem
1222 521 1351 574 creatam

119 608 169 669 vel
193 607 282 669 alium
305 626 321 667 a
344 606 434 666 rebus
464 605 571 667 creatis
599 603 811 687 propriumque
838 608 997 671 divinitatis
1025 610 1178 673 Trinitatis
1208 591 1238 674 et
1257 632 1351 676 unum

108 729 158 794 'cx
183 727 217 769 ea
241 728 309 800 esse
331 708 474 769 dieamus.
518 708 634 769 Forsan
658 708 737 769 enim
759 709 817 770 boc
836 719 922 788 pacto
946 711 1122 774 erubescent
1143 713 1205 785 ilii,
1228 714 1279 775 ubi
1301 714 1348 775 di-

118 811 259 881 dicerint,
283 819 425 890 quantum
447 810 606 890 impietatis
629 810 727 884 verba,
750 830 825 891 quae
840 813 999 873 commenti
1021 823 1101 886 sunt,
1124 814 1262 878 adirinis
1278 835 1348 878 ora·

118 912 198 975 culis
221 912 398 992 discrepent.

210 1116 262 1178 22.
306 1115 407 1193 ltaque
429 1132 479 1174 res
502 1122 615 1174 creatae
644 1132 678 1174 ex
707 1113 785 1174 nulla
813 1133 846 1175 re
874 1117 966 1176 iactae
995 1126 1065 1178 sunt
1095 1117 1262 1199 habentque
1285 1122 1349 1182 exi-

119 1216 222 1277 stendi
244 1216 432 1296 principium.
477 1215 627 1293 Siquidem
656 1220 688 1276 in
711 1221 864 1297 principio
898 1219 972 1295 fecit
993 1218 1075 1280 Deus
1099 1221 1213 1283 coetum
1234 1232 1265 1283 et
1286 1231 1350 1283 ter-

121 1337 194 1379 rem
217 1318 382 1391 stemma,
412 1336 486 1396 quae
514 1316 544 1375 in
572 1316 615 1376 eis
645 1324 724 1377 sunt.
768 1317 804 1377 tt
832 1317 959 1396 Spiritus
989 1329 1109 1381 sanctus
1139 1340 1174 1382 ex
1196 1321 1257 1382 Deo
1281 1341 1349 1384 esse

122 1419 244 1481 dicitur.
289 1419 381 1481 Nemo
405 1421 493 1492 enim,
517 1418 622 1497 inquit,
645 1424 701 1480 scit
724 1439 798 1499 quoe
820 1431 893 1482 sunt
908 1421 1045 1493 bominis,
1068 1426 1131 1483 nr'sr'
1150 1428 1279 1504 spiritur
1295 1425 1351 1490 boe

121 1524 229 1593 minis,
253 1525 358 1602 quiin
379 1525 445 1600 ipso
468 1531 531 1596 eot;
554 1525 598 1582 ito
620 1531 648 1582 et
670 1539 745 1600 quoe
760 1519 819 1582 Dei
830 1533 904 1583 sunt
923 1541 1009 1584 nemo
1033 1529 1179 1602 copnoor't,
1202 1529 1265 1587 cist
1278 1526 1351 1604 Spi-

122 1628 210 1685 ritus
232 1622 299 1684 Dei.
343 1622 406 1684 Nos
430 1634 529 1683 nutem
550 1640 613 1682 con
635 1625 778 1700 spiritum
798 1623 905 1704 mundi
924 1628 1102 1704 accepimus,
1124 1628 1178 1688 red
1190 1626 1350 1707 Spiritum,

120 1729 180 1808 qui
200 1743 238 1786 ec
259 1724 321 1785 Deo
345 1736 399 1785 ert.
445 1723 595 1795 Quaenam
618 1723 708 1800 igitur
732 1723 867 1801 cognatio
891 1723 1022 1802 Spiritus
1044 1744 1110 1786 cum
1133 1726 1223 1788 rebus
1244 1727 1350 1788 creatis

121 1846 161 1888 ex
184 1825 232 1887 bis
254 1843 322 1888 esse
344 1823 484 1885 videtur?
527 1824 644 1883 Etenim
666 1833 852 1902 res-creatae
873 1844 934 1886 non
957 1836 1056 1898 erant,
1085 1827 1215 1889 atticus
1244 1828 1277 1888 is·
1294 1835 1350 1900 est,

122 1929 178 2009 qui
202 1938 264 2000 est,
293 1946 328 1987 er
351 1945 410 2006 quo
433 1925 547 2005 etipse
569 1926 698 2004 Spiritus
722 1934 778 1986 est.
824 1926 910 1999 Quod
933 1936 1030 1989 autem
1053 1947 1089 1989 ex
1110 1927 1172 1990 Deo
1196 1938 1258 2002 est,
1290 1947 1352 1990 non

121 2038 229 2111 potest
250 2048 320 2091 esse
341 2047 377 2089 ex
399 2027 490 2088 nibilo
513 2046 609 2106 neque
631 2046 680 2088 res
703 2034 810 2101 orcam,
833 2046 870 2088 ne
893 2029 1055 2090 secundum
1078 2048 1131 2091 eos
1154 2029 1202 2093 itte
1224 2039 1352 2109 quoque,

125 2152 166 2194 ex
190 2148 249 2211 quo
272 2130 399 2210 Spiritus
422 2138 541 2190 sanetus
565 2138 624 2200 est,
647 2148 695 2190 res
717 2136 814 2190 creata
837 2147 905 2190 esso
926 2139 1056 2209 putetur.
1103 2129 1177 2203 Quis
1200 2149 1271 2209 crgo
1293 2131 1353 2193 bu-

123 2234 260 2297 iusmodi
284 2232 457 2312 insipientes
480 2235 557 2292 ferre
579 2231 691 2310 possit,
724 2231 774 2310 qui
796 2238 826 2290 et
846 2230 905 2309 ipsi
928 2231 957 2291 in
981 2231 1070 2292 corde
1092 2249 1147 2292 suo
1171 2231 1272 2293 dicunt
1293 2249 1355 2300 non

125 2355 205 2397 esse·
221 2334 339 2397 Deum?
382 2335 455 2395 Nam
478 2333 504 2394 si
527 2317 773 2412 quemadmodum
796 2350 883 2394 nemo
912 2333 995 2394 novit
1021 2352 1096 2412 qnae
1123 2341 1193 2394 sunt
1214 2334 1355 2407 bominis,

126 2439 192 2500 nisi
216 2437 338 2516 ‘spiritus
360 2436 502 2508 bominis,
524 2436 573 2514 qui
596 2435 626 2495 in
649 2434 716 2514 ipso
739 2442 794 2508 est,
817 2435 910 2495 itaet
930 2452 1005 2512 quae
1023 2416 1163 2495 'suntiiei
1186 2452 1274 2494 nemo
1296 2451 1355 2493 no·

125 2542 179 2613 rit,
202 2540 260 2600 nisi
284 2537 429 2617 Spiritus,
459 2537 561 2615 quiin
584 2537 649 2615 ipso
673 2543 736 2610 est;
764 2554 801 2596 an
830 2554 891 2596 non
920 2553 1053 2596 summae
1079 2533 1239 2613 impietatis
1267 2534 1358 2594 suerit

126 2644 231 2705 dicere
259 2660 323 2701 rem
351 2648 478 2700 creatam
502 2657 568 2703 esse
591 2638 750 2717 Spiritum,
780 2636 829 2716 qui
858 2637 888 2698 in
910 2637 973 2698 Deo
1002 2644 1048 2697 cst
1076 2646 1106 2697 et
1133 2635 1183 2714 qui
1210 2632 1358 2714 profunda

127 2745 183 2806 Dei
208 2740 384 2805 scrutatur?
421 2742 494 2802 Nam
516 2740 622 2818 quiea
644 2748 742 2800 mente
765 2745 821 2812 est,
845 2739 929 2800 soteri
950 2738 1051 2816 utique
1066 2746 1196 2817 cogetur,
1219 2736 1358 2816 spiritum

127 2845 262 2910 bominis
285 2852 366 2905 extra
387 2843 538 2903 hominem
562 2861 638 2913 esse,
662 2851 691 2902 et
706 2841 844 2915 Verbum,
867 2840 946 2920 qnod
969 2850 1015 2901 est
1036 2840 1066 2900 in
1082 2840 1178 2911 Patre,
1200 2856 1265 2900 rem
1286 2836 1358 2897 item

129 2955 262 3010 creatam
286 2965 364 3007 esse.
408 2943 564 3004 Praeterea
587 2943 715 3023 Spiritus
735 2950 765 3004 et
787 2952 835 3003 est
857 2951 886 3003 et
908 2942 1015 3003 dicitur
1042 2941 1165 3020 spiritus
1193 2938 1444 3001 sanctitatisrou.

128 3060 162 3114 et
184 3046 398 3110 renovationis.
442 3045 551 3106 Scribit
573 3045 718 3123 siquidem
733 3044 864 3105 Pardus:
891 3044 955 3117 Qui
969 3044 1220 3124 praedestinatur
1242 3050 1287 3101 ert
1307 3039 1359 3100 n·-

132 3150 277 3214 truciter·
302 3153 335 3210 in
362 3151 476 3210 virtute
506 3148 669 3208 secundum
689 3144 841 3225 Spiritum
869 3148 1040 3206 sanctitatis
1069 3160 1107 3205 eor
1134 3144 1361 3222 rerurrectione

130 3262 329 3315 mortuorum
350 3249 461 3310 *lesus
486 3249 625 3310 Christus
648 3247 796 3309 Dominus
826 3256 942 3332 noster.
985 3244 1023 3304 Et
1049 3243 1158 3304 iterum
1185 3241 1269 3303 dicit:
1300 3241 1361 3303 Sed

133 3352 324 3432 sanctificati
345 3355 431 3421 estis,
460 3351 512 3411 sed
539 3350 700 3428 iustificati
725 3351 798 3410 estis
828 3352 861 3408 r'n
882 3350 1000 3409 nomine
1022 3345 1147 3408 Domr'ni
1166 3348 1269 3405 nostri
1289 3342 1362 3404 Iesu
1429 3382 1431 3386 ι

134 3456 255 3519 Christi
276 3465 303 3515 et
324 3456 357 3512 in
372 3451 490 3530 Spiritu
506 3450 563 3512 Du¹
582 3455 692 3533 nostri.
736 3449 815 3512 Haec
836 3467 954 3528 quoque
975 3447 1012 3508 ad
1027 3446 1127 3507 Titum
1147 3444 1264 3506 scribit:
1289 3443 1363 3506 Cum

208 3709 222 3739 *
243 3711 267 3758 in
292 3709 384 3770 vulgata
412 3709 513 3756 babetur
531 3708 582 3756 iesu
602 3707 686 3756 Christi
704 3705 795 3755 Domini
811 3706 898 3764 nostri,
914 3682 980 3765 'quae
999 3715 1047 3764 quo
1065 3698 1193 3748 referenda
1211 3698 1273 3754 sint,
1297 3695 1363 3743 ruris

135 3789 176 3830 est
196 3785 321 3827 auctorum
340 3778 466 3824 sententia.
504 3775 615 3837 Plerique
639 3783 718 3822 tamen
743 3773 803 3821 bace
818 3771 889 3819 verbu
904 3760 992 3827 Ἰησοῦ
1009 3764 1134 3832 Χριστοῦ
1151 3774 1195 3814 etc.
1215 3765 1245 3812 od
1263 3763 1304 3810 itta
1322 3776 1363 3810 re·
1427 3817 1430 3823 1

134 3850 199 3898 ierri
218 3846 301 3893 volunt
319 3861 338 3892 r.
352 3844 375 3892 3.
394 3839 456 3907 περὶ
475 3841 523 3888 τοῦ
541 3836 610 3889 υἱοῦ.
648 3841 694 3889 Sed
715 3840 755 3888 bic
773 3855 820 3889 non
839 3853 912 3902 posse
931 3838 1058 3885 commodo
1076 3835 1161 3884 reterri
1181 3832 1226 3880 nisi
1244 3831 1274 3878 ed
1292 3829 1364 3878 verbs

131 3913 187 3965 τοῦ
207 3907 368 3981 ὁρισθέντος
384 3904 444 3958 υἱοῦ
464 3911 536 3960 cuivis
555 3909 709 3973 perspicuum
728 3913 772 3956 est

132 4045 183 4100 καὶ
209 4042 244 4095 τὰ
270 4047 320 4094 τοῦ
343 4045 425 4101 θεοῦ,
452 4038 475 4095 εἰ
497 4039 535 4111 μὴ
555 4038 586 4090 τὸ
605 4035 635 4090 ἐν
653 4033 726 4105 αὐτῷ
779 4049 802 4090 et
826 4039 883 4089 editi
906 4039 946 4087 bie
970 4045 1026 4102 post
1050 4027 1133 4099 λόγον
1157 4032 1247 4082 addunt
1269 4024 1315 4077 καὶ
1331 4023 1364 4076 τὸ

131 4115 254 4182 πνεῦμα.
289 4116 380 4165 ibidem
406 4116 463 4176 Reg.
485 4115 505 4161 l.
531 4114 630 4174 Sequer.
654 4111 726 4159 Basit.
777 4106 891 4172 πνεῦμα.
927 4106 1001 4155 iidem
1021 4105 1112 4166 itepl.
1130 4094 1364 4174 Sequer.etiteq.2.

137 4186 234 4247 Angiic.
260 4184 403 4247 particulam
429 4196 477 4229 ουν
503 4181 631 4233 abiiciunt.
656 4191 728 4242 qoam
780 4191 835 4226 mox
860 4169 970 4239 κτίσμα.
1008 4172 1053 4222 Alii
1071 4178 1151 4220 autom
1178 4175 1201 4216 et
1228 4166 1284 4215 edati
1307 4164 1365 4212 xst-

137 4255 181 4305 atii
202 4261 225 4302 et
243 4252 300 4300 editi
320 4261 375 4314 post
393 4265 473 4299 vocem
484 4247 648 4300 noiraddont.
669 4245 727 4294 item
778 4254 878 4309 σματα,
1252 4270 1256 4275 -

137 4322 199 4399 ibid·
218 4335 264 4385 ¹³¹⁰
275 4310 307 4367 οὗ
320 4312 529 4398 δὺςφημοῖῧθέ·
543 4307 724 4395 1·.”ὗ”ἄ”””
813 4347 830 4394 r.
850 4341 948 4395 contet.
965 4341 1069 4392 nereum.
1088 4339 1111 4388 ι.
1129 4345 1153 4388 u
1170 4337 1268 4398 semer.
1287 4333 1326 4384 att
1343 4340 1368 4381 u

130 4393 212 4442 Abest
230 4402 327 4453 quoque
345 4389 374 4437 ab
392 4388 482 4448 tingite.
501 4400 536 4433 αν
553 4398 602 4443 ειη.
783 4414 845 4464 inm
864 4403 1066 4462 ammaum.

171 4507 194 4542 e.
213 4491 257 4547 Sic,
272 4490 330 4552 fleg.
351 4490 373 4542 1.
398 4497 421 4540 et
445 4489 544 4552 Sequer.
579 4487 625 4538 atii
649 4492 729 4548 autent
1109 4553 1166 4608 w
