2934 5078
208 259 270 324 738
593 268 633 313 ο.
648 268 800 312 mansu
815 266 1041 311 ιεοιιιευιεοουι

120 425 292 491 moso&
316 419 372 487 διὰ
399 422 457 484 τοῦ
489 416 575 483 ἰδίου
605 415 712 502 λόγου.
758 411 844 482 οῦτω
875 416 909 481 δὲ
939 416 1140 500 διακείμενοι
1172 423 1279 496 ποίας
1307 417 1427 498 ἐλπίδος

208 524 298 606 ἔστές
328 517 348 608 ἢ
370 528 421 599 τίς
444 515 527 603 ὑμᾶς
551 517 694 602 συνάψει
714 519 780 603 “τῷ
804 520 875 603 θεῷ
898 517 942 603 μὴ
967 519 1100 600 ἔχοντας
1121 518 1162 584 τό
1185 523 1323 604 πνεῦμα
1342 515 1427 586 αῦτοῦ

995 615 1089 704 ῦμιῦν
1111 622 1223 705 τόλμα
1239 626 1295 689 καί
1319 616 1428 708 άπρος·

208 730 287 808 εξία,
313 723 365 793 ὅτι
387 726 443 791 τόν
467 729 595 807 πατέρα
617 725 670 788 καί
693 721 751 788 τὸν
774 720 891 787 τοῦτου
915 722 1011 807 λόγον
1041 723 1089 802 εἰς
1109 723 1153 790 τὰ
1174 710 1345 808 κτίσματα
1365 730 1429 791 Ἰιιο·

206 828 330 916 τάγετε,
353 830 407 893 καὶ
430 825 532 892 πάλιν
555 823 593 890 τὸ
615 831 736 907 κτίσμα
759 825 968 903 σονεξισοῦτε
981 827 1028 910 τῷ
1052 829 1144 912 θεηῖς
1167 829 1272 892 τοῦτο
1287 826 1350 912 γὰρ
1365 851 1429 894 ποι-

103 944 108 955 “
208 941 274 999 εἶτε
297 929 537 1019 φανταζόμενοι
560 929 636 1013 περὶ
659 928 718 992 τοῦ
740 924 928 1011 πνεύματος
951 921 996 1005 ιῦς
1017 934 1198 1011 κτίσματος
1221 928 1280 995 καὶ
1304 928 1429 996 συντάσ·

207 1056 320 1112 σοντες
343 1028 423 1098 αῦτὸ
445 1030 492 1108 είς
506 1027 634 1114 τριάδα.
672 1035 706 1094 τί
721 1029 757 1094 δὲ
772 1030 825 1095 καλ
840 1028 879 1093 τὸ
898 1029 1062 1112 μανιῶδες
1075 1026 1178 1114 ῦμιῦν,
1205 1027 1293 1110 ιῦςτε
1308 1041 1430 1120 φρονεῖν

208 1129 337 1203 διδικίαν
360 1131 442 1200 κατὰ
463 1134 522 1198 τοῦ
545 1133 638 1210 θεοῦ,
665 1126 716 1196 ότι
731 1130 775 1215 μὴ
795 1129 918 1209 πάντες
934 1129 1065 1217 ῦγγελοι
1079 1126 1100 1218 ἢ
1116 1132 1232 1200 πάντα
1246 1133 1292 1201 τὰ
1306 1140 1430 1218 κτίσμα-

122 1242 198 1305 μου.
207 1262 259 1318 τα,
284 1230 352 1304 ἄλλ’
379 1230 426 1314 είς
449 1233 483 1301 ἐκ
503 1232 629 1298 τούτων
653 1237 910 1317 συναριθμεῖται
924 1236 972 1319 τῷ
987 1236 1059 1319 θεῷ
1073 1236 1126 1300 καὶ
1150 1234 1309 1322 τῷλόγῳ
1325 1229 1429 1311 αῦτοῦς

53 1336 61 1344 ’
207 1339 275 1408 ἔδει
297 1338 358 1425 γάρ
381 1331 457 1404 καθ’
482 1331 575 1419 ῦμῦς,
601 1331 694 1427 ῦιεαξ
714 1328 853 1420 ἀγγέλου
874 1337 929 1400 καλ
951 1341 1128 1420 κτίσματος
1151 1332 1253 1416 όντος
1267 1341 1330 1404 τοῦ
1345 1336 1430 1404 πνεό

205 1465 310 1526 ματος
332 1442 385 1506 καί
409 1441 675 1520 συντασσομένου
698 1436 745 1515 εἷς
766 1434 902 1522 τριάδα,
932 1436 972 1521 μί
1005 1437 1064 1504 ἕνα
1091 1432 1177 1505 άλλὰ
1204 1439 1283 1506 ικαὶ
1316 1440 1429 1516 πάντας

138 1602 141 1611 .
208 1543 286 1622 τοὺς
307 1547 504 1619 κτισθίντας
527 1534 681 1629 άγγίλοος
697 1538 946 1635 συντάσσεσθαι
967 1538 1079 1626 ταύτῃ,
1102 1543 1156 1607 καὶ
1179 1548 1302 1629 μηκέτι
1325 1541 1430 1627 τριάδι

210 1634 295 1712 άλλόι
316 1640 459 1728 πληθύν
473 1667 549 1707 τινα
564 1639 725 1727 θεότητος
741 1634 969 1728 ἀναρίθμητον
985 1635 1078 1722 ελναι,
1103 1642 1159 1708 ἵνα
1174 1642 1234 1710 καῖ
1248 1639 1270 1732 ἡ
1286 1643 1323 1711 δν
1337 1643 1428 1728 τούτῳ

206 1745 309 1813 πάλιν
332 1744 474 1810 δοκοῦσα
497 1743 665 1820 τελείωσις
687 1736 778 1826 ῦμιῦν
800 1747 955 1828 γίνεσθαι
984 1743 1196 1831 διαιρουμένη
1223 1733 1292 1811 ὦδε
1313 1740 1429 1833 κᾷτείσε

207 1838 364 1932 άβέβαιος
384 1847 424 1931 τῇ
446 1844 599 1931 ποικιλίᾳ
619 1849 760 1931 γένηται.
804 1847 944 1911 τοιαῦτα
957 1844 1017 1929 γὰρ
1040 1843 1180 1932 τάτελη
1205 1842 1323 1930 ιῦμιῦν
1337 1847 1427 1914 τεταλ

205 1951 272 2014 ’τῶν
290 1941 480 2034 Ἀρειανιῦν,
504 1946 721 2031 λογιζομένων
741 1944 827 2013 κατὰ
847 1949 906 2035 τῆς
927 1945 1088 2034 θεότητος
1109 1944 1166 2013 καὶ
1187 1949 1231 2034 τῇ
1254 1954 1362 2015 κτίσει
1382 1949 1428 2012 λιι·

205 2047 387 2137 τρευόντων
408 2047 503 2134 παρὰ
524 2046 581 2114 τὸν
602 2054 761 2115 κτίσαντα
771 2052 791 2128 ¹)
814 2046 857 2115 τδι
879 2047 990 2114 πάντα
1011 2047 1103 2116 θεόν.

239 2144 241 2148 ’
292 2155 342 2217 30.
390 2151 538 2216 Τοιαῦτα
558 2150 618 2233 μὲν
642 2140 698 2215 οῦν
720 2144 815 2233 οῦμῖν
833 2147 945 2216 δίτοπα
961 2148 995 2218 ἐκ
1008 2153 1067 2216 τοῦ
1084 2148 1191 2216 δυάδα
1208 2150 1319 2237 λέγειν
1334 2145 1426 2218 άπαι·

205 2252 258 2341 τᾷ.
303 2251 333 2319 εί
355 2252 391 2318 δὲ
412 2250 508 2338 τριάς
530 2253 628 2331 ἔστιν,
653 2247 763 2338 ὥςπερ
786 2240 844 2318 οῦν
865 2254 919 2319 καὶ
935 2252 1023 2333 ’λ’στι,
1047 2252 1213 2320 δέδεικται
1232 2253 1271 2319 δὲ
1294 2248 1426 2336 ἇδιαίρε·

204 2377 263 2434 τος
285 2343 369 2421 οόσα
389 2353 445 2420 καὶ
467 2349 525 2420 οῦκ
548 2347 714 2447 ἀνόμοιος,
739 2348 858 2441 ἀνάγκη
874 2360 953 2438 μίαν
967 2352 1089 2440 ταύτης
1103 2348 1187 2420 ελναι
1203 2353 1267 2442 τὴν
1282 2351 1426 2442 ἁγιότητι

204 2458 258 2529 καλ
279 2453 360 2540 μίαν
382 2453 502 2542 ταύτης
523 2454 582 2540 τὴν
605 2451 778 2543 άϊδιότητα
798 2453 855 2523 καὶ
876 2455 934 2544 τὴν
956 2458 1013 2543 τῆς
1036 2450 1201 2542 άτρεψίας
1218 2456 1334 2544 φῦσιν.
1376 2451 1424 2534 ῦς·

205 2584 269 2644 περ
291 2558 352 2646 γὰρ
380 2552 415 2644 ’ἡ
447 2557 494 2635 εἰς
521 2551 622 2623 αῦτὶν
650 2557 901 2644 παραδεδομέιη
930 2563 1044 2636 πίστις
1073 2563 1135 2641 μία
1158 2556 1248 2637 ἐστί,
1279 2561 1337 2627 καὶ
1357 2554 1422 2641 αῦτη

205 2659 367 2725 συνάπτει
388 2662 435 2745 τῷ
457 2661 539 2745 θεῷ,
565 2654 582 2724 ό
606 2660 641 2725 δὲ
660 2655 938 2745 ῦπεξαιροῦμενός
952 2686 986 2725 τι
999 2661 1058 2744 τῆς
1072 2653 1211 2745 τριάδος
1224 2658 1285 2726 καὶ
1300 2659 1336 2728 ἓν
1349 2658 1423 2744 μόιςι

146 2830 152 2841 ,
204 2763 250 2846 τῷ
273 2763 331 2826 τοῦ
355 2760 482 2845 πατρὸς
505 2757 643 2845 όνόματι
663 2761 907 2846 βαπτιζόμενος
928 2755 947 2849 ἢ
970 2761 1003 2827 ἐν
1025 2760 1117 2847 μόνιμ
1140 2763 1187 2847 τςῦ
1213 2755 1355 2845 ὀνόματι
1378 2760 1423 2825 τοῦ

203 2861 277 2929 υλοῦ
299 2857 320 2948 ἢ
339 2868 439 2946 χωρίς
461 2887 497 2947 γε
518 2864 576 2927 τοῦ
593 2862 779 2947 πνεύματος
802 2864 835 2930 ἒν
850 2862 953 2950 πατρὶ
974 2861 1030 2928 καὶ
1046 2863 1106 2949 υληῦ
1128 2856 1250 2930 ὀῦδὲν
1267 2863 1421 2950 λαμβάνει,

204 2950 288 3030 άλλόι
310 2962 402 3041 κενὸς
423 2964 477 3028 καλ
501 2958 617 3050 άτελὴς
639 2958 738 3042 αῦτός
758 2989 795 3031 τε
815 2967 869 3031 καὶ
894 2960 911 3029 δ
936 2964 1040 3030 δοκιῦν
1063 2961 1195 3031 διδόναι
1218 2966 1376 3051 διαμένει,
1397 2961 1421 3030 λι

202 3058 243 3152 τῇ
265 3065 377 3151 τριάδι
398 3063 459 3150 γὰρ
481 3060 500 3149 ἡ
523 3066 692 3143 τελείωσίς
715 3064 820 3132 ἔστιν·
851 3062 955 3144 οῦτως
985 3060 1002 3130 ὁ
1026 3066 1165 3151 διαιρῶν
1187 3065 1250 3132 τὸν
1273 3068 1347 3135 υἱὸν
1367 3058 1420 3134 άπὸ

202 3168 262 3231 τοῦ
285 3148 413 3251 πατρὸς
434 3159 455 3252 ἢ
477 3167 515 3231 τὸ
538 3169 668 3250 πνεῦμα
690 3165 838 3252 κατάγων
864 3168 915 3246 εἰς
932 3166 974 3232 τὰ
995 3173 1161 3250 κτίσματα
1183 3165 1265 3237 οῦτε
1286 3170 1345 3236 τὸν
1364 3165 1420 3234 υλόι

104 3332 112 3347 ,
201 3264 269 3348 ἔχει
291 3265 367 3332 οῦτε
387 3265 445 3333 τὸν
467 3273 612 3355 πατέρα,
644 3262 712 3332 ἀλλ’
744 3268 833 3335 ἔστιν
862 3266 966 3346 δι’θεος
993 3270 1046 3334 καὶ
1070 3263 1219 3335 ἀπίστου
1241 3279 1360 3359 χείρων
1379 3266 1420 3335 τοὶ

202 3365 314 3432 πάντα
340 3369 466 3451 μᾶλλον
495 3364 514 3454 ἢ
540 3370 738 3454 χριστιανός.
784 3372 838 3437 καλ
865 3370 1088 3455 ΙΙδικιίίίσςγε.
1133 3373 1298 3459 καθάπερ
1320 3371 1420 3461 γὰρλι

199 3457 275 3534 Ι’ἔστι
296 3466 334 3533 τὸ
356 3467 531 3553 βάπτισμα
554 3472 587 3538 ἐν
610 3470 714 3556 πατρὶ
735 3460 790 3537 καὶ
813 3471 873 3558 υλςῦ
895 3473 947 3537 καλ
965 3466 1047 3557 ἁγίῳ
1063 3470 1232 3556 πνεύματι
1253 3476 1419 3578 διδόμενον,

201 3571 254 3635 καλ
277 3575 339 3653 μία
360 3571 586 3649 πίστιςίστὶν
610 3571 656 3650 είς
679 3567 788 3660 αῦτήν,
814 3569 858 3652 οῦς
881 3567 972 3640 εἶπεν
996 3569 1014 3638 ό
1038 3567 1274 3659 άπόστολος’),
1299 3567 1419 3659 οῦτωςιξ

202 3660 280 3757 διγία
302 3671 396 3757 τριάς
417 3669 452 3758 ῑὴ
476 3668 556 3759 αῦτη
581 3664 665 3740 οῦσα
687 3675 786 3762 ἑαυτῇ
814 3673 871 3741 καὶ
896 3671 1044 3762 ἡνωμένη
1073 3675 1160 3762 πρὸς
1190 3677 1313 3768 ἑαυτὴν
1342 3673 1419 3746 οῦδλι

270 3878 294 3936 1)
313 3879 381 3926 Rom.
398 3878 420 3938 l,
440 3877 479 3927 25.
550 3878 575 3938 λ)
594 3879 681 3944 Ephes.
701 3882 725 3939 4,
744 3882 768 3930 5.

234 4042 255 4076 a.
274 4025 383 4091 sicneg.
404 4029 425 4077 1.
445 4031 545 4091 Seguer.
565 4031 634 4080 (λαοί.
649 4032 786 4082 ειίοίιλιιο.
874 4041 894 4083 ο.
914 4034 969 4096 Βες.
991 4034 1011 4082 l.
1031 4034 1131 4098 Seguer.
1151 4034 1416 4092 Gobler.etFe1ckm.1·

200 4095 222 4145 1.
259 4096 320 4144 Edili
349 4112 402 4145 vero
431 4106 453 4146 ει
477 4097 516 4146 alii
541 4097 649 4177 τολμῷ
667 4104 788 4162 omittunt,
839 4116 911 4152 anon.
930 4103 1072 4166 particulam
1091 4096 1139 4150 καί
1157 4105 1198 4154 hic
1217 4107 1310 4158 uddunt
1327 4101 1416 4170 ιιςιιυίο

199 4163 240 4228 qui
259 4172 282 4212 ιι
300 4164 371 4212 iidem
392 4180 445 4214 mox
464 4165 551 4215 habent
571 4180 637 4214 αυτο
657 4161 690 4214 τὸ
709 4168 788 4217 πνεῦ-
838 4179 894 4235 post
913 4163 995 4235 ταύτῃ
1015 4171 1114 4230 habent,
1134 4171 1176 4222 ιλίί
1196 4188 1255 4224 vero
1274 4184 1298 4225 ει
1307 4174 1361 4225 editi
1369 4177 1416 4237 pm

196 4243 238 4296 μα
255 4228 305 4278 τοῦ
323 4229 397 4280 θεοῦ.
433 4235 460 4282 λι
477 4233 534 4295 Ιλες.
558 4235 578 4282 1.
598 4236 669 4297 Segu.
690 4237 788 4288 Goblor.
837 4232 885 4286 καί
912 4239 1024 4288 omittunt
1050 4247 1074 4287 ιι
1104 4253 1151 4304 pro
1178 4235 1267 4310 ταύτῃ
1292 4232 1415 4303 λιδεοιῐὲ

197 4306 221 4347 αι
240 4299 344 4348 Felckm.
366 4300 386 4347 1.
407 4301 495 4349 habent
514 4311 538 4351 ul
555 4303 594 4350 hic
613 4311 695 4353 exstat.
836 4298 957 4364 θεάτητι.

230 4366 254 4414 h.
274 4368 789 4431 8ἰαΒις.1.8οςυιι.Βοεί1.6ο1ιλιι.ιι
872 4374 896 4423 d.
911 4375 954 4423 Sic
972 4373 1029 4436 [λος.
1046 4373 1104 4424 λιιι
1117 4375 1220 4440 Seguer.
1257 4378 1414 4430 Εδίιίιιιυεί
1459 4424 1462 4431 .

197 4431 303 4484 Felckm.
318 4435 339 4484 λ.
376 4435 454 4486 Celeri
473 4452 528 4487 τετο
548 4452 601 4486 cum
620 4438 691 4487 editis
708 4450 788 4501 κατη-
834 4441 879 4491 οίῦ
896 4450 958 4506 ριιι.
978 4454 1006 4490 τι
1026 4444 1149 4494 omittunt.

196 4492 303 4565 γάγττε.
338 4501 392 4553 Μαι
409 4504 466 4567 Βις.
479 4502 501 4553 2.
521 4502 715 4561 συνεξισυῦτοιι
872 4523 893 4560 ε.
909 4509 939 4561 λα
956 4506 1057 4573 Smer.
1076 4510 1181 4567 Gabior.
1199 4508 1336 4568 which.
1347 4513 1365 4564 ί.
1379 4519 1412 4561 w!
