2934 5078
460 241 569 287 moro
584 241 628 285 ιιι.
643 241 909 301 mutuamus·
970 253 974 262 ·
1067 221 1083 297 .’
1160 298 1163 303 .
1222 239 1286 305 549
1344 251 1348 259 “

59 397 240 472 pomieno
261 390 403 464 adversus
426 391 587 453 daemones
609 404 871 479 commutarentur,
894 395 926 459 in
946 397 1036 467 caetis
1051 417 1123 463 vero
1147 411 1372 485 mnqunmrare.

59 492 253 581 corruptione
283 493 401 557 liberati
433 501 577 573 perpetuo
610 510 735 573 regnare
766 497 896 575 possint.
945 498 980 563 ld
1011 501 1090 563 enim
1122 505 1287 582 generatim

60 593 216 672 sciendme
238 604 294 670 eat,
316 594 391 657 nihil
412 613 526 667 eorum,
549 613 624 673 quae
644 596 796 675 auoepisse
815 597 896 671 dicit,
919 600 1005 678 quasi
1026 619 1061 663 ea
1082 621 1143 665 non
1165 604 1289 671 habero

60 694 224 775 accepisse,
245 715 314 759 nam
337 695 464 758 Verbum
487 703 520 756 ut
542 704 612 774 pote
633 694 712 761 heus
736 697 784 760 itia
806 716 926 780 semper
946 699 1059 765 habuit.
1102 703 1212 768 Verum
1233 725 1287 770 so-

60 797 191 861 cundum
211 798 370 863 humanam
397 805 532 858 naturam
561 795 712 877 uomuisse
741 817 819 861 nuuc
846 798 968 876 dicitur,
1001 810 1036 864 ut
1055 821 1144 869 carue
1164 805 1196 869 in
1217 806 1286 887 ipso

59 899 224 978 arripiente
245 898 315 961 inde
335 898 367 974 in
389 897 477 959 nobis
501 915 575 978 quae
597 897 663 961 data
684 906 756 961 sunt
775 907 947 963 constanter
960 913 1178 982 permanerent
1211 902 1287 971 Nam

60 1008 89 1061 et
116 999 205 1076 iliud,
237 1000 319 1081 guod
347 1019 364 1062 a
392 1000 481 1061 Petro
514 999 623 1061 dictum
651 1006 712 1062 eat:
752 1000 816 1076 Qui
840 1005 955 1083 semper
977 1021 997 1065 c
1017 1003 1083 1069 Deo
1103 1003 1235 1084 gloriose
1255 1015 1286 1070 at

59 1101 222 1174 marcar,
255 1101 398 1165 subiectis
427 1099 650 1181 abstineatis,
681 1100 787 1169 eodem
819 1101 910 1165 modo
938 1111 986 1165 est
1019 1103 1283 1186 interpretandum.

60 1202 319 1275 Quemadmodum
348 1200 426 1264 enim
457 1210 489 1263 nt
515 1202 606 1263 horno
639 1201 861 1278 retentabatur,
890 1210 921 1264 et
946 1203 1090 1267 Lazarum
1113 1215 1146 1268 ut
1165 1207 1286 1273 hensa

58 1304 189 1367 mortuis
217 1302 377 1377 excitabat,
410 1302 449 1364 ita
478 1303 550 1365 haec
581 1321 637 1365 uox
658 1308 773 1385 occepit
794 1304 832 1367 de
852 1305 982 1367 bumana
1002 1313 1106 1370 natura
1128 1308 1206 1371 dicta
1226 1317 1284 1385 eat,

58 1405 238 1485 Angelorum
260 1414 357 1469 numm
380 1403 524 1467 subiectio
547 1404 635 1466 Verbi
656 1404 838 1468 divinitatem
861 1404 1054 1469 demonstrat.
1288 1465 1299 1475 .

144 1509 198 1570 41.
242 1506 374 1569 Tandem
396 1525 467 1584 ergo
490 1505 644 1586 quiescite,
666 1524 684 1567 o
706 1505 769 1579 Deo
791 1506 890 1583 invisi,
913 1507 1100 1588 Verbumque
1120 1508 1287 1591 deprimere
1364 1524 1367 1529 ’

58 1607 199 1681 desinite,
221 1626 297 1670 nere
320 1608 382 1670 eins
405 1607 596 1680 divinitatem,
619 1625 693 1688 quae
715 1608 818 1682 eadem
840 1608 1004 1682 eetPatris‚
1026 1609 1157 1673 adimere
1177 1609 1286 1687 velitis,

59 1717 185 1790 utpote
205 1717 294 1789 quem
316 1709 497 1789 indigentem
527 1728 596 1770 esse
622 1717 653 1770 et
679 1708 864 1789 ignorantem
897 1709 1087 1784 existimatis,
1120 1730 1159 1772 ne
1186 1717 1287 1775 reama

58 1818 228 1873 commenta
249 1819 282 1873 ut
303 1810 374 1871 olim
397 1810 497 1872 ludaei
518 1810 633 1889 lapides
655 1810 686 1872 in
709 1809 860 1873 Christum
880 1811 1003 1874 iacietis.
1046 1811 1107 1874 Nec
1128 1812 1206 1875 enim
1228 1813 1287 1883 ista

57 1911 97 1973 ad
125 1911 255 1975 Verbum
286 1920 432 1992 quatenus
462 1911 590 1973 Verbum
624 1919 672 1973 est
703 1896 867 1992 neminem,
898 1914 953 1975 sed
985 1913 1139 1977 hominum
1165 1912 1286 1993 propria

57 2021 141 2076 sunt.
169 2013 329 2077 Enimvero
351 2013 600 2093 quemadmodum
623 2012 674 2075 itio
698 2021 893 2094 conspuente,
917 2031 1036 2077 manum
1058 2014 1234 2077 extendente
1256 2020 1289 2077 ot

58 2115 206 2179 Lazarum
226 2126 349 2177 rorante
370 2114 436 2193 ipsa
460 2114 615 2187 miracula,
645 2114 762 2177 tametsi
788 2132 844 2195 per
866 2133 976 2196 corpus
998 2115 1118 2189 tierent,
1141 2133 1204 2177 non
1224 2114 1285 2175 bo-

57 2215 161 2289 minis,
183 2215 237 2278 sed
256 2216 312 2279 Dei
334 2235 402 2278 esse
424 2216 568 2290 dicimus3
590 2204 630 2277 ita
651 2233 719 2279 eum
740 2215 869 2279 bumana
889 2216 921 2277 in
941 2216 1102 2297 Evangelio
1123 2216 1160 2279 de
1182 2212 1285 2279 S'aivs-

58 2328 126 2394 tore
143 2326 311 2392 narramur,
333 2317 477 2380 debemus
493 2318 528 2379 ad
545 2326 678 2379 naturam
694 2335 810 2391 eorum,
831 2336 907 2398 quae
928 2319 1109 2390 referuntur,
1132 2315 1375 2387 attenderensrr.

55 2419 303 2500 perspicereque,
331 2420 405 2481 baec
432 2418 484 2480 Dei
514 2418 609 2479 aliena
636 2437 722 2493 esse,
750 2437 806 2480 nec
831 2416 959 2498 proinde
981 2419 1045 2481 eius
1066 2417 1210 2481 divinitati
1231 2415 1287 2478 sed

58 2521 235 2583 humanitati
257 2532 326 2583 esse
348 2518 545 2583 attribuenda.
583 2521 657 2581 Nam
679 2519 737 2582 etsi
759 2518 889 2581 Verbum
910 2537 979 2580 caro
1002 2521 1110 2580 sactnm
1132 2526 1189 2591 est,
1211 2535 1286 2597 pro·

57 2622 142 2702 prise
163 2622 356 2685 nihilominus
378 2632 449 2684 eunt
472 2622 571 2683 earnis
594 2620 778 2694 affectiones,
801 2630 832 2683 ct
852 2619 994 2693 uicissim,
1017 2618 1150 2699 quamue
1171 2615 1287 2688 carnin

57 2723 158 2786 Verbo
180 2724 279 2787 divine
301 2732 444 2804 gestatur,
468 2723 560 2802 gratia
585 2732 681 2785 tamen
704 2730 735 2782 et
755 2721 850 2784 virtus
873 2721 961 2782 Verbi
984 2730 1040 2783 est.
1074 2719 1175 2798 itaque
1189 2715 1286 2781 Patris

57 2843 152 2905 opera
173 2811 228 2906 per
244 2804 367 2888 carnem
390 2825 550 2897 efficiebat,
574 2824 628 2885 sed
650 2822 843 2884 nibilominus
866 2823 964 2883 carnis
987 2820 1160 2883 affectiones
1181 2817 1213 2879 in
1234 2816 1286 2880 ilio

58 2926 292 2999 exhibebantur,
315 2934 349 2988 ut
370 2946 436 2989 cum
458 2924 626 2988 sciscitatus
650 2930 713 2997 est,
744 2922 938 2985 ethaeorum
960 2920 995 2982 ad
1020 2920 1107 2981 vitam
1128 2918 1287 2992 revocavit,

58 3047 127 3090 orm
149 3029 220 3092 item
243 3037 367 3093 matrem
390 3028 438 3090 bis
461 3027 559 3088 verbis
582 3024 758 3105 increparit:
782 3024 923 3086 Nondum
938 3026 1018 3085 veuit
1034 3022 1121 3095 toro,
1144 3030 1174 3083 et
1188 3029 1288 3083 mmen

57 3129 203 3193 continuo
230 3149 335 3210 aquam
363 3130 394 3190 iu
423 3130 521 3191 vinum
552 3125 706 3189 convertit.
750 3124 902 3205 Siquidem
933 3141 1021 3184 verus
1043 3121 1121 3185 Deus
1143 3122 1174 3184 in
1196 3137 1287 3184 carne

57 3240 90 3293 ct
110 3251 180 3293 rera
202 3251 270 3294 caro
301 3240 364 3293 erat
391 3231 420 3291 in
452 3230 558 3293 Verbo.
601 3229 715 3314 idcirco
744 3247 780 3290 es
809 3227 951 3308 operibus
979 3223 1109 3304 quidem
1124 3241 1158 3285 se
1178 3221 1287 3295 Filium

56 3333 113 3394 Dei
135 3351 282 3413 suumque
303 3333 476 3395 ostendebat
494 3333 622 3406 Patrem,
645 3331 698 3394 sed
722 3349 758 3392 ex
779 3329 877 3391 carnis
900 3325 1106 3389 affectionibus
1128 3342 1162 3386 ae
1183 3341 1299 3386 rerum.

55 3452 169 3514 corpus
191 3434 300 3496 habere
320 3433 451 3512 illudque
473 3435 628 3513 proprium
651 3433 697 3495 aui
720 3450 788 3493 esse
809 3429 965 3510 probabat.
1038 3436 1042 3443 ’
1084 3435 1089 3439 ’

92 3723 116 3771 b.
137 3722 177 3771 Sic
188 3721 274 3782 tiegl.
287 3722 386 3783 Seguer.
398 3720 467 3773 Gobi.
480 3730 503 3769 ct
513 3720 616 3768 Fetchm.
626 3719 647 3768 1.
733 3718 751 3768 i.
768 3707 835 3763 itte
853 3713 919 3764 dauri
937 3713 1015 3764 deieta
1033 3719 1089 3762 sont
1107 3712 1131 3759 in
1148 3709 1222 3758 basil.

58 3790 102 3838 ilii
131 3798 155 3840 et
180 3789 252 3839 editio
271 3790 388 3839 Commei.
407 3779 494 3856 ὥςπερ
511 3780 566 3852 γὰρ
584 3800 649 3833 nov-
734 3799 756 3846 g.
775 3782 918 3844 SicReg.t.
934 3774 1290 3854 segnendobiereti'eichon,

57 3850 221 3935 ξανόμενος.
264 3857 354 3906 ibidem
379 3857 436 3917 Reg.
456 3857 526 3931 het
549 3859 648 3915 seguar.
703 3852 730 3929 l.¹
760 3853 788 3901 At
806 3850 890 3926 siiinet
907 3849 964 3925 editi
982 3839 1108 3923 inuiseres,
1127 3855 1173 3891 aar
1191 3855 1227 3919 “if
1244 3836 1290 3919 ain

57 3919 649 4053 'midicionis'aisiiiff‘riiiiiiuu
699 3914 877 4036 iti‘bttt.
892 3915 1286 4042 Vitttttti‘t‘uttstt·

57 4052 205 4110 παύσασθε
223 4045 279 4108 οὖν.
321 4059 372 4109 ntor
396 4060 453 4120 Reg.
468 4058 489 4106 l.
508 4057 649 4118 Segnerian.
735 4054 759 4102 h.
777 4054 818 4102 Sic
833 4053 889 4114 iirg.
902 4052 924 4100 l.
942 4051 1086 4111 etSeguer.‚
1105 4054 1130 4095 ut
1146 4053 1171 4093 et
1189 4044 1291 4119 habetur

61 4129 158 4180 Gobter.
184 4137 208 4177 et
234 4127 339 4177 retum.
360 4120 437 4192 1.μὴ
463 4119 493 4174 δὲ
510 4122 651 4190 nugatori·
702 4123 725 4170 in
746 4129 809 4170 terto
829 4122 920 4171 Graeco
939 4118 1087 4180 scripturae.
1123 4112 1167 4161 atii
1190 4119 1215 4159 et
1232 4109 1290 4161 editi

58 4196 119 4245 ods-
157 4196 202 4246 atii
221 4204 244 4245 et
263 4195 320 4244 editi
337 4187 437 4259 καὶμὴ
457 4190 648 4260 παραιρεῖσθε.
703 4174 793 4248 ἦλθεν.
830 4187 880 4237 tior
899 4193 999 4249 uterque
1015 4178 1290 4244 uegseguenoooter.

93 4265 117 4314 d.
135 4264 192 4326 sag.
205 4264 228 4312 l.
246 4270 269 4312 et
288 4262 387 4323 Seguer.
405 4259 444 4327 agi
453 4258 574 4325 Χριστῷ.
604 4260 651 4311 Ce-
703 4266 727 4306 et
751 4255 856 4306 Feicbm.
877 4254 898 4331 ¹:
922 4243 1025 4330 diodirf
1047 4242 1118 4323 σὰρξ
1140 4233 1175 4326 ἦ(
1197 4237 1228 4324 {r
1246 4240 1291 4321 ⁸rgi

57 4332 103 4382 teri
122 4339 146 4381 at
163 4331 222 4380 editi
240 4327 279 4394 τῷ
297 4324 390 4394 κυρίῳ.
702 4316 784 4388 λόγῳ.
819 4323 898 4373 Ceteri
916 4327 940 4370 ct
957 4320 1015 4371 edrtr
1032 4307 1134 4375 diodus
1150 4329 1184 4374 ην
1196 4328 1210 4372 ἰ
1222 4308 1294 4376 σᾱρξ

93 4415 116 4449 c.
133 4400 176 4449 Sic
187 4400 244 4459 tieg.
259 4400 280 4446 1.
291 4401 391 4458 Segner.
403 4397 501 4447 Gobter.
513 4403 536 4444 et
546 4395 650 4455 Veichm.
703 4384 734 4440 ἒν
750 4388 798 4456 egi.

62 4467 84 4515 t.
117 4474 147 4517 At
163 4468 189 4517 in
202 4466 258 4535 otiis
276 4473 301 4514 et
318 4465 389 4516 editis
404 4465 475 4542 deest
492 4457 548 4522 τήν,
737 4459 829 4522 itteg.
841 4458 863 4506 l.
881 4447 942 4504 otho
958 4450 1008 4503 τοῦ
1025 4446 1100 4501 ouo.
