2948 5092
410 206 420 219 '⁵
464 246 575 295 ιιιτιο
590 246 623 291 u.
639 246 757 292 conam
768 240 904 293 ιιιιιιιι.
1220 233 1283 298 tat
1346 230 1350 234 ’

50 403 125 464 iacta
148 408 257 465 assent
282 417 391 482 opera,
424 416 544 479 semper
571 404 637 461 erat
655 396 765 471 Filius,
798 387 938 460 necdum
955 406 1053 461 nmen
1074 412 1200 461 neeesse
1222 407 1370 465 erotema

51 521 117 567 enm
137 501 249 565 meari.
278 500 445 580 Postquam
466 507 564 561 autem
585 505 682 561 mesta
704 506 775 561 sunt
796 517 898 580 opera,
921 517 956 562 ac
969 499 1077 562 deinde
1092 500 1284 563 administra·

52 605 133 667 tioue
154 603 194 667 ad
216 602 266 667 illa
285 600 483 665 resnuranda
502 618 579 681 opna
595 597 662 674 tuit,
685 608 756 662 tune
770 600 858 662 etiam
875 600 1009 681 seipsum
1024 600 1130 664 obtulit
1145 602 1286 678 Verbum,
1317 631 1322 641 ·

53 690 148 787 eoque
171 722 243 769 sese
264 703 402 778 demisit,
429 709 464 765 ut
483 701 727 783 operum-simila
748 703 850 777 lieret3
879 703 959 783 quod
980 703 1085 784 utiquo
1105 723 1161 784 per
1181 722 1285 768 vocem

55 812 169 873 enuit
194 806 286 870 nobis
313 804 407 869 voluit
433 802 611 884 significare.
653 802 757 866 Simile
777 804 850 866 item
869 803 982 884 aliquid
1003 824 1057 886 per
1078 805 1185 869 lsaiam
1206 807 1285 869 Pro·

57 909 172 989 pictam
193 908 244 971 bis
266 906 366 970 verbis
394 906 496 969 docet:
531 905 572 969 lit
598 923 681 969 ιιιιιιι
708 905 781 968 boec
802 907 874 969 dicit
900 905 1067 981 Dmsinas,
1101 911 1154 989 qai
1178 927 1225 971 ιιι
1246 928 1286 972 ιιι

58 1020 140 1074 atera
174 1028 301 1075 aarum
331 1010 392 1072 sibi
421 1004 590 1088 sonnacii,
618 1015 654 1070 st
680 1005 771 1069 laceb
800 1006 952 1081 ctlsroal
973 1008 1013 1071 od
1033 1011 1136 1089 ipsum
1156 1029 1286 1092 cosgrt-
1333 1083 1334 1086 Ἴ
1360 996 1365 1004 ’

61 1131 164 1192 preat
187 1113 398 1194 onocoetae
419 1096 449 1173 et
469 1109 667 1192 glonficclor
687 1127 791 1173 coram
812 1107 953 1172 Domino.

136 1317 191 1381 52.
236 1313 314 1377 Ecce
341 1314 430 1376 etiam
456 1311 505 1375 bic
525 1329 588 1373 non
609 1318 644 1373 ut
664 1317 745 1374 esset
766 1311 927 1385 formatam,
959 1310 1013 1372 sed
1036 1320 1069 1372 ut
1091 1310 1185 1375 tribus
1207 1330 1284 1375 oon·

67 1422 207 1496 wat,
239 1433 315 1496 quae
341 1423 500 1493 antequam
529 1413 596 1494 ipse
615 1414 807 1521 ,formaretur
838 1411 1015 1475 existebant.
1062 1412 1136 1475 Nam
1166 1418 1199 1476 ut
1226 1412 1286 1477 illic

68 1516 198 1597 erripusm
219 1525 268 1580 est
293 1521 424 1589 cressit,
457 1516 499 1578 ita
524 1514 574 1577 hic
593 1517 743 1595 formavit
762 1514 886 1589 dicitur,
919 1523 950 1577 et
978 1522 1011 1577 ut
1031 1513 1093 1577 illic
1113 1515 1231 1577 additur
1252 1521 1286 1580 a·

71 1634 162 1696 opera,
184 1618 229 1680 ita
248 1617 299 1679 hic
318 1618 453 1697 sequitur
474 1629 509 1680 ιιι
532 1634 756 1698 congregarem.
799 1615 946 1689 Quocirca
967 1615 1165 1679 clarissimum
1188 1618 1283 1680 unda·

71 1715 127 1781 libat
146 1728 209 1793 est,
231 1718 360 1781 nonnisi·
375 1719 543 1798 posterius,
566 1737 655 1798 qnam
675 1717 767 1780 luerit
785 1717 930 1793 Verbum,
962 1719 1036 1781 baec
1056 1719 1146 1781 rerba
1168 1723 1284 1783 crescit

73 1821 262 1901 etsormanit
287 1822 326 1884 de
353 1820 403 1882 illo
432 1821 595 1883 enunciari.
637 1820 712 1883 Nam
741 1820 988 1901 quemadmodum
1002 1828 1167 1901 ¹antequam
1189 1820 1284 1884 Filius

72 1920 244 1998 humaretur,
267 1922 363 1985 tribus
385 1922 562 1996 existebant,
584 1929 708 2004 propter
730 1941 802 2002 qnas
822 1924 967 1985 formatus
982 1923 1048 2004 ipse
1061 1931 1116 1998 est,
1139 1923 1184 1986 sic
1198 1923 1287 1986 edam

73 2039 165 2103 epm,
196 2043 324 2104 quorum
353 2044 442 2087 cansa
463 2032 580 2087 creatus
608 2032 671 2098 est,
703 2025 788 2104 priua
814 2032 897 2104 patet
922 2023 1086 2088 exstitisse.
1128 2024 1372 2105 Praetereamus.

72 2141 125 2187 mm
143 2125 175 2189 in
196 2126 344 2207 principio
366 2135 450 2188 esset
472 2125 617 2200 Verbum,
645 2125 797 2200 nondum,
819 2134 853 2188 ut
874 2126 951 2201 dixi,
979 2135 1066 2188 erant
1087 2145 1195 2206 opera,
1218 2146 1286 2190 nam

69 2235 152 2290 autem
174 2229 251 2290 lacta
273 2236 345 2290 sunt
366 2246 473 2308 opera,
496 2237 527 2290 et
548 2227 645 2307 exegit
666 2228 845 2303 necessitas,
868 2235 939 2290 tunc
959 2226 1070 2290 dictum
1093 2238 1139 2291 est
1161 2233 1286 2291 crescit.

66 2325 99 2389 lc
121 2330 371 2409 quemadmodum
400 2330 427 2391 si
455 2329 561 2409 aliquis
591 2329 688 2402 lilius,
721 2329 817 2393 servis
850 2329 976 2410 perditis
1009 2338 1040 2392 et
1070 2330 1149 2411 apud
1180 2330 1312 2393 hostes·
1365 2381 1369 2391 .

65 2428 191 2510 ipsoram
220 2431 397 2511 negligentia
430 2431 575 2505 detentis,
609 2439 734 2512 cogente
761 2432 939 2494 necessitate
960 2439 1084 2511 epatre
1106 2432 1285 2505 mitteretur,

62 2541 90 2592 ut
106 2531 176 2595 illos
199 2532 351 2595 adiuvaret
372 2539 402 2595 et
422 2532 594 2608 reduceret,
623 2532 729 2613 illeque
756 2532 787 2594 in
816 2532 923 2594 itinere
944 2532 1072 2594 similem
1093 2531 1214 2595 illorum
1236 2534 1285 2595 iu-

59 2634 161 2697 dueret
191 2642 322 2706 vestem,
356 2634 521 2714 eodemque
549 2653 584 2697 ac
610 2633 653 2696 illi
674 2654 707 2696 se
729 2634 891 2715 appellaret
913 2634 1050 2708 nomine,
1083 2652 1121 2695 ne
1143 2635 1222 2695 lorte
1244 2634 1286 2708 bi,

57 2738 103 2815 qui
123 2754 231 2799 servm
254 2736 432 2806 retinerent,
464 2736 531 2814 ipso
561 2743 594 2797 ut
621 2736 743 2799 domino
771 2735 870 2815 agnito
900 2737 1053 2815 lugerent,
1082 2735 1207 2815 ipseque
1228 2735 1288 2799 boc

54 2847 139 2918 pacto
162 2836 374 2918 prohiberetur
395 2837 432 2898 ad
453 2855 557 2899 servos
580 2837 684 2900 subter
705 2845 815 2899 terram
830 2837 940 2899 abillis
956 2836 1118 2899 occultatos
1133 2836 1286 2909 accedere,

53 2938 171 3020 siquis
192 2938 301 3001 deinde
322 2939 359 3001 ab
382 2957 419 3001 eo
435 2929 648 3014 sciscitaretur,
670 2957 762 3019 quare
777 2939 818 3001 ita
833 2939 955 3018 egisset,
978 2948 1059 3001 recte
1073 2939 1286 3017 responderet:

52 3040 132 3116 „Sic
152 3059 202 3103 me
224 3040 362 3102 formavit
383 3049 413 3103 et
434 3040 615 3120 comparavit
635 3049 721 3122 puter
741 3040 773 3104 in
794 3060 887 3122 opera
908 3046 1001 3114 sua,“
1031 3040 1138 3120 quibus
1168 3040 1288 3119 quidem

49 3143 155 3207 serbis
182 3161 281 3222 neque
310 3161 344 3204 se
366 3161 486 3205 servum
507 3151 559 3205 aut
579 3161 671 3205 uuum
694 3141 893 3222 exoperibus
916 3161 985 3204 esse
1008 3141 1204 3221 significaret,
1232 3161 1291 3207 nec
1402 3172 1411 3181 ·

50 3246 144 3307 etiam
171 3244 220 3306 sui
254 3253 337 3306 onus
370 3244 515 3307 indicaret
545 3243 740 3325 principium,
773 3246 827 3306 sed
860 3252 972 3306 tantum
1008 3245 1198 3307 commissam
1230 3243 1289 3306 sibi

48 3355 160 3427 postea
183 3364 309 3426 operum
331 3364 447 3420 curam3
469 3346 559 3408 simili
580 3346 707 3421 ratione,
731 3344 759 3409 ei
781 3346 926 3408 Dominus
947 3355 1052 3408 nostra
1074 3346 1177 3409 induta
1199 3363 1288 3409 carue

49 3458 84 3511 et
103 3449 203 3528 figuti
229 3448 368 3510 inventus
400 3458 433 3512 ut
460 3449 552 3511 bomo
575 3427 611 3510 ab
633 3447 682 3511 bis
709 3447 962 3528 interrogaretur,
996 3449 1047 3529 qui
1075 3449 1176 3529 ipsum
1198 3466 1234 3510 en
1252 3447 1289 3524 ,in

52 3739 76 3787 l.
94 3743 119 3787 et
137 3736 163 3786 4.
198 3737 226 3786 dt
246 3736 304 3785 editi
320 3743 346 3786 at
362 3735 404 3786 alii
428 3726 515 3802 ὥςπερ
540 3726 575 3783 ἄν
598 3749 648 3789 τις.
700 3734 756 3798 ltag.
782 3726 859 3782 διατι
875 3726 977 3791 οὕτως,
1003 3726 1162 3788 bresciane
1179 3742 1225 3784 stc.
1260 3734 1288 3783 ln

48 3805 148 3855 ibidem
172 3802 273 3865 Segner.
298 3803 396 3855 Gobler.
414 3804 519 3854 Falclrm.
539 3804 562 3853 l.
581 3811 604 3853 ot
622 3804 647 3853 b.
699 3802 774 3852 editis
801 3816 857 3852 vero
882 3804 947 3853 nulla
973 3804 1135 3868 interponitur
1159 3802 1289 3860 distinctio.
1397 3822 1401 3831 ·

47 3866 316 4006 {comitantum
352 3870 492 3922 falciml.
508 3867 647 3939 naemei·
697 3870 914 3985 ‘Equitiucognmal
934 3872 1050 3921 mendose
1074 3879 1200 3936 praetcrea
1218 3870 1291 3919 babet

177 3973 187 3988 .
472 3947 475 3955 ·
717 3951 745 3985 ιιι
763 3951 795 3985 τι
813 3950 908 3990 ουτως.

86 4024 110 4070 g.
128 4006 271 4070 macrian.
290 4014 313 4056 et
331 4004 436 4061 tetdo.
455 4006 479 4057 4.
493 4001 591 4072 χρείας
607 3999 646 4057 δέ.
665 3988 674 4001 “
732 4006 754 4054 Ιι.
773 4006 814 4056 Sic
824 4006 924 4068 Saguer.
936 4006 992 4067 llcg.
1003 4005 1073 4057 Gobl.
1083 4005 1187 4056 Felclm.
1202 4004 1223 4053 1.
1234 4012 1256 4053 ιι
1265 4002 1290 4052 4.

48 4076 116 4127 saio
133 4082 160 4127 et
174 4076 218 4127 alii
230 4069 329 4142 χρείας
345 4086 383 4123 τι.
413 4075 472 4125 ibid.
492 4088 646 4125 momnis
697 4073 760 4124 Editi
777 4065 888 4123 εἴποιεν.
926 4073 1017 4123 ibidem
1029 4075 1131 4136 Saguer.
1150 4071 1247 4125 Gobler.
1266 4077 1291 4121 at

48 4136 77 4195 al
91 4136 240 4211 ulpianam.
275 4142 355 4192 Editio
374 4142 492 4193 Commel.
510 4142 599 4195 omittit
615 4133 648 4192 ti.
698 4140 805 4193 Felckm.
825 4140 848 4191 1.
866 4133 1043 4210 κατήρτησεν.
1077 4140 1182 4191 Falclm.
1202 4139 1226 4189 t.
1244 4149 1291 4186 κα·

84 4212 110 4262 b
128 4212 233 4274 saner.
251 4201 337 4259 αὐτὸν
347 4201 516 4274 ἐπιγνόντες.
534 4209 614 4261 Ceteri
624 4216 649 4260 ιι
698 4204 826 4274 τήγαγιν.
1074 4252 1079 4258 .

49 4279 111 4330 editi
134 4270 244 4328 ἔαυτιιῖν
260 4268 495 4343 ἐπιγινώσκοντες.
530 4276 582 4327 llos
601 4277 656 4326 Se·¹
733 4278 750 4325 l.
768 4264 839 4327 eleae
856 4277 925 4329 deest
943 4279 967 4327 in
986 4277 1150 4339 Segueriano,
1175 4274 1215 4339 qui
1234 4286 1290 4323 mox

47 4348 160 4410 μιιίιιι.
185 4346 287 4399 Goblsr.
306 4355 331 4395 et
347 4345 454 4397 latetm-
473 4346 497 4396 l.
514 4336 567 4393 aiud
584 4342 647 4410 γῆν.
698 4340 746 4405 τῆς
761 4340 894 4410 γενέσεως
909 4337 1016 4395 ἑαυτοῦ.

46 4416 113 4467 Ειιιιι
132 4422 157 4465 ιι
174 4415 217 4465 alii
236 4406 281 4463 tut
297 4410 359 4477 γῆν.
731 4424 765 4462 m.
783 4414 924 4477 sagmariis.
944 4412 1043 4464 Gobler.
1061 4410 1166 4461 lelclim.
1181 4410 1204 4461 l.
1222 4414 1248 4459 οι
1263 4406 1290 4459 4.

80 4484 102 4537 l.
126 4483 231 4548 Segner.
249 4473 426 4533 ἐπυνθάνετο.
459 4481 521 4533 lbid.
539 4481 604 4533 idam
621 4487 647 4533 ιι
698 4469 922 4551 mnsam.
1287 4514 1292 4527 .
