2948 5092
529 218 637 331 omno
652 286 673 329 r.
690 284 806 329 coum
821 282 956 330 cunnos.
1283 271 1347 335 20³

120 441 172 502 lem
194 438 233 500 de
254 456 313 501 suo
336 435 510 518 splendore,
529 436 642 498 iontem
664 437 701 498 de
723 435 815 497 iluvio
838 454 873 497 ex
895 453 930 497 se
946 445 1083 498 manante
1098 437 1291 517 interrogent,
1314 445 1433 501 utnon.

121 542 240 615 discant,
264 542 348 614 baec,
369 538 504 618 mamus
527 538 589 599 siut
609 537 680 618 quid
694 545 882 619 prognatum,
906 555 1025 616 semper
1041 557 1107 600 cum
1129 539 1188 601 illie
1210 558 1289 614 csse,
1311 557 1431 605 exnoa

121 643 225 722 quibus
247 643 332 703 luere
354 648 468 702 exorta.
498 639 606 702 'Porro
634 640 661 701 si
688 639 859 701 huiusmodi
887 639 992 701 accidit
1018 641 1220 720 genitoribus,
1252 653 1285 704 ut
1307 642 1347 716 id,
1448 659 1451 666 ‘

121 744 194 823 quod
216 761 255 804 ex
276 742 352 822 ipsis
374 742 481 815 oritur,
503 750 591 803 etex
613 749 717 803 natura
740 748 768 804 ct
789 759 909 821 semper
923 741 1059 817 habeant,
1081 762 1133 804 cur
1148 743 1240 805 Deum
1256 744 1348 804 rebus

121 846 198 906 tactis
222 845 400 907 interiorem
422 843 610 923 suspirantes
629 861 689 904 nou
704 843 836 922 apertius
852 861 936 904 suam
951 854 1130 922 expromunt
1143 844 1348 925 impietatem?

122 948 203 1021 Quod
226 947 254 1007 si
276 946 308 1007 id
329 945 428 1025 palam
450 964 511 1007 nou
533 944 643 1007 audent
665 945 775 1017 dicere,
798 963 1035 1025 concessumque
1050 955 1201 1025 praeterea
1217 956 1273 1019 est,
1295 947 1347 1007 Fi·

122 1050 186 1110 lium
208 1066 273 1109 uon
296 1048 482 1109 extrinsecus
504 1046 557 1108 sed
579 1065 615 1106 ex
630 1046 717 1108 Patre
736 1046 909 1107 naturaliter
929 1048 1021 1121 nasei,
1043 1066 1099 1110 nec
1120 1048 1247 1127 (leuique
1262 1050 1348 1127 quic·

122 1168 203 1229 qoam
226 1157 290 1220 est,
325 1166 385 1227 quo
407 1147 487 1208 lteus
515 1146 651 1226 impediri
683 1149 783 1226 possit
811 1151 879 1220 (uec
907 1147 986 1209 enim
1014 1149 1144 1211 bominis
1174 1150 1279 1212 similis
1301 1160 1349 1212 est

122 1250 213 1324 berum
236 1250 299 1311 imo
321 1249 387 1311 sole
409 1249 505 1310 maior
526 1257 582 1321 est,
604 1247 649 1309 vel
671 1249 772 1327 potius
787 1249 866 1311 Deus
884 1257 932 1311 est
953 1251 1048 1327 solis),
1070 1252 1260 1331 perspicuum
1275 1270 1348 1314 sane

122 1353 214 1424 luerit,
237 1359 328 1412 etex
350 1351 418 1431 ipso
441 1358 473 1411 et
492 1368 560 1412 eum
581 1351 647 1429 ipso
659 1351 747 1411 Patre
769 1369 889 1430 semper
909 1369 967 1412 uua
990 1352 1117 1413 existere
1132 1353 1271 1426 Verbum,
1293 1371 1349 1433 per

123 1453 195 1532 quod
219 1452 333 1526 omnia,
355 1469 432 1531 quae
452 1458 539 1513 autea
560 1470 621 1512 non
644 1461 737 1526 erant,
764 1453 832 1513 tecit
855 1452 940 1513 l’ater
960 1461 992 1514 ut
1015 1456 1127 1516 esseut.
1172 1455 1274 1534 ltaque
1295 1455 1346 1517 Vi-

122 1554 185 1616 lium
208 1572 272 1615 uon
306 1571 342 1615 ex
364 1551 458 1613 uibilo
481 1552 533 1614 sed
556 1560 709 1614 aeteruum
732 1561 818 1632 atque
842 1573 876 1614 ex
898 1555 987 1615 Patre
1009 1575 1092 1628 esse,
1121 1574 1170 1618 res
1199 1558 1263 1637 ipsa
1292 1557 1347 1620 de·

124 1666 280 1727 noustrnt3
303 1663 392 1733 atque
414 1652 489 1714 adeo
511 1653 559 1714 illa
581 1654 798 1716 baereticorum
819 1654 1023 1735 iuterrogatio,
1046 1675 1104 1736 qua
1125 1666 1264 1739 parentes
1287 1659 1347 1719 cir·

125 1757 325 1831 mmreniunt,
353 1774 457 1817 eorum
487 1757 621 1834 coarguit
649 1756 797 1817 malitiam.
842 1757 915 1817 Nam
943 1758 1024 1836 quod
1050 1767 1173 1823 naturae
1195 1761 1348 1840 proprium

126 1870 173 1934 cn,
196 1859 292 1921 coacti
314 1866 385 1919 sunt
406 1858 466 1936 ipsi
488 1876 658 1936 agnoscere,
682 1857 813 1938 nibilque
835 1857 893 1919 uisi
915 1859 1060 1937 pudorem
1081 1862 1210 1922 retulere
1233 1881 1267 1923 ex
1289 1862 1346 1924 bu·
1431 1902 1435 1917 .

126 1961 247 2023 iusmodi
269 1958 508 2040 quaestiouibus,
529 1978 602 2039 quas
625 1960 702 2022 circa
723 1968 857 2039 tempora
879 1962 1090 2040 excogitarunt.

201 2166 255 2229 28.
300 2163 388 2237 Quod
412 2171 511 2223 autem
526 2162 579 2223 Dei
602 2162 823 2241 generationem
845 2181 912 2224 cum
934 2162 1061 2224 bumana
1077 2173 1179 2226 natura
1202 2166 1348 2237 conterre,

128 2265 163 2325 rel
183 2275 299 2344 partem
322 2264 374 2326 Dei
398 2282 466 2325 esse
488 2263 552 2324 eius
575 2263 680 2326 Filium
708 2265 790 2325 nefas
813 2265 851 2325 sit
873 2272 993 2343 putare,
1023 2284 1078 2328 uec
1105 2266 1194 2327 ullam
1221 2286 1348 2346 prorsus

128 2367 289 2444 passionem
310 2364 465 2444 generatio
487 2363 641 2443 significet,
666 2372 752 2426 antea
773 2365 892 2443 quidem
914 2365 1052 2439 diximus,
1076 2367 1237 2447 eademque
1259 2368 1349 2430 modo

128 2469 298 2546 repetimus,
328 2467 421 2528 Deum
449 2483 510 2526 nou
539 2483 608 2527 csse
638 2465 770 2529 bominis
793 2465 930 2527 similem.
974 2466 1047 2528 Nam
1070 2467 1207 2529 homiues
1229 2469 1350 2548 quidem

128 2571 257 2648 quiddam
278 2569 419 2648 patiendo
442 2568 575 2646 gignunt,
597 2567 705 2646 quippe
727 2568 776 2647 qui
799 2568 906 2628 tluxam
928 2568 1056 2630 babeant
1077 2581 1210 2630 naturam
1226 2579 1254 2630 ει
1271 2579 1348 2631 tem-

128 2687 175 2746 pus
196 2680 321 2750 propter
343 2669 480 2749 propriae
510 2678 630 2730 naturae
652 2668 851 2730 infirmitatem
881 2679 1060 2749 exspectent.
1104 2673 1140 2731 Αι
1168 2672 1205 2731 de
1227 2672 1289 2733 Deo
1317 2673 1347 2733 id

130 2772 176 2833 dici
200 2772 361 2832 nonlicet.
406 2771 508 2850 Neque
530 2771 610 2831 euim
633 2789 666 2831 ex
689 2771 822 2850 partibus
846 2779 892 2831 est
909 2772 1105 2850 compositus,
1129 2772 1182 2832 sed
1197 2773 1349 2851 passionis

130 2891 225 2952 expers
248 2881 348 2934 estet
370 2872 505 2950 simplex,
528 2872 660 2951 nihilque
678 2872 799 2932 omuino
814 2872 930 2952 patiens
947 2881 976 2932 et
990 2872 1104 2950 absque
1126 2873 1182 2934 ulla
1203 2874 1349 2936 divisione

130 2972 184 3035 lilii
204 2982 255 3035 est
276 2974 380 3046 Pater3
410 2974 493 3034 cuius
522 2974 623 3052 utique
655 2973 697 3033 rei
720 2973 835 3052 insigne
859 2983 1062 3052 argumentum
1084 2993 1119 3034 ao
1140 2975 1350 3038 documentum

130 3075 233 3137 diriuae
254 3075 343 3136 uobis
367 3075 538 3153 Scripturae
562 3076 761 3154 suppeditant.
804 3075 949 3135 Nimirum
966 3076 1091 3137 Verbum
1108 3078 1160 3138 liei
1175 3078 1267 3138 Filius
1283 3079 1349 3139 eius

131 3185 182 3249 est,
211 3185 241 3237 et
263 3176 394 3238 vicissim
415 3176 509 3238 Filius
532 3177 659 3237 Verbum
682 3185 713 3237 et
733 3177 876 3255 sapientia
900 3188 946 3239 est
966 3179 1079 3239 Patris:
1109 3181 1234 3242 Verbum
1256 3199 1349 3260 porro

132 3287 153 3336 et
172 3278 317 3356 sapientia
339 3296 396 3339 ncc
416 3296 465 3340 res
488 3286 536 3338 est
557 3287 655 3339 creata
678 3296 823 3358 neopum
846 3279 927 3352 eius,
951 3280 1034 3341 cuius
1057 3291 1104 3341 est
1126 3282 1272 3353 Verbum,
1294 3301 1351 3344 uec

133 3380 261 3454 passione
282 3378 379 3458 eliqua
400 3380 541 3440 nascitur.
586 3378 679 3458 igitur
699 3387 857 3458 utrumque
873 3381 1026 3460 Scriptura
1045 3383 1227 3461 coniungens
1243 3383 1349 3444 Filium

133 3479 237 3554 quidem
260 3497 332 3541 esse
352 3480 518 3553 declaravit,
541 3489 575 3541 ut
595 3480 757 3543 naturalem
781 3487 812 3541 et
833 3500 935 3543 verum
958 3501 1027 3544 esse
1048 3491 1170 3546 naturae
1185 3485 1276 3545 letum
1292 3486 1348 3546 do·

133 3588 215 3654 ceret3
238 3581 366 3659 nequis
388 3589 487 3643 autem
507 3581 670 3643 humanum
691 3582 784 3643 letum
807 3601 876 3644 esse
898 3585 1110 3664 suspicaretur,
1137 3603 1241 3646 rursus
1265 3586 1348 3646 eius·

132 3756 183 3818 tt‘t's.
219 3756 493 3828 lbid.Segoer.o'tidoo'5
510 3761 601 3816 τεκαὶ
618 3758 708 3815 ἒκτοῦ
761 3768 850 3818 mro.5
878 3762 986 3834 ἔχοντες
1003 3764 1054 3829 τὴν
1071 3762 1164 3835 φύσιν.
1195 3771 1255 3820 utin
1273 3764 1349 3836 ἔχεν-

132 3839 169 3911 oc2
199 3832 263 3884 stru
289 3840 313 3883 ct
337 3833 378 3883 alii
401 3824 490 3886 ἂΐδιὸε
512 3826 586 3890 lore,
611 3827 657 3881 καὶ
679 3828 709 3883 ἐκ
760 3848 803 3889 τες
820 3829 914 3902 φύσιν.

131 3908 229 3984 ΜΨ·
312 3961 321 3980 ,
383 3962 391 3979 ,
463 3962 470 3978 ,
709 3944 714 3951 -
795 3921 817 3968 lx.
836 3921 936 3982 Seguer.
955 3913 1068 3986 εὖγᾶρ.
1103 3915 1351 3972 prouocasset

154 3969 168 4017 l.
185 3972 286 4030 begoer.
307 3984 322 4028 't
340 3981 410 4033 uper
427 3982 490 4047 roos
504 3965 627 4049 mm:
758 3978 821 4052 γάρ,
839 4017 841 4022 .

126 4050 178 4151 uz}
190 4036 249 4152 κει·
262 4031 709 4171 ‘hsssgff'xgsu‘ffi‘ffig‘egi
795 4071 810 4119 Ι.
835 4072 975 4134 Segucrian.
994 4064 1009 4120 ὅ
1026 4063 1107 4138 λόγος
1128 4066 1183 4140 γὰρ
1207 4070 1256 4120 τοῦ
1273 4069 1349 4120 θεοῦ.

123 4168 249 4221 Μὰω
280 4164 346 4236 mg
367 4164 420 4219 ἢ,
491 4184 542 4220 m
584 4173 637 4224 καί
661 4171 706 4221 so·
759 4138 822 4188 Editt
840 4146 865 4188 ει
882 4140 923 4189 olii
943 4131 958 4186 ὁ
975 4130 1057 4205 λόγος
1072 4133 1127 4207 γὰρ
1146 4132 1161 4188 ὅ
1180 4138 1229 4188 τοῦ
1247 4137 1321 4187 θεοῦ,

121 4251 183 4299 gret.
199 4209 257 4299 algu·
270 4237 322 4287 106
338 4236 407 4289 θεοῦ
505 4207 557 4292 «ᾧ,
584 4233 707 4300 figunt„
792 4237 824 4272 m.
837 4223 878 4273 Sic
887 4223 1059 4286 Segueriauus,
1068 4225 1156 4287 Regius
1169 4223 1244 4273 codex
1253 4221 1351 4286 aliique,

119 4300 176 4371 περὶ
195 4304 245 4356 τοῦ
262 4304 333 4357 aeos
348 4301 484 4372 γένηον,
759 4290 969 4354 practerFelclm.
983 4291 1017 4352 2,
1036 4307 1048 4342 ε
1084 4307 1114 4340 uo
1134 4291 1205 4340 stab
1224 4289 1350 4338 editisab·

148 4378 172 4425 b.
190 4375 231 4425 Sic
254 4376 359 4438 Segrer.
383 4373 482 4426 Gobler.
506 4383 531 4426 ct
553 4376 657 4428 Velctm.
685 4377 707 4425 1,
760 4366 797 4407 est
816 4356 880 4423 qood
899 4353 1061 4424 sequitur,l
1098 4371 1127 4411 oc
1150 4350 1180 4406 at
1197 4350 1243 4404 zoi
1261 4354 1350 4422 σοφία

115 4441 175 4493 Εὼιὶ
193 4452 275 4493 arten
292 4440 391 4493 ταῦτα.
761 4418 823 4475 οὔτε
838 4420 949 4493 κτίσμα.

145 4511 283 4576 im.
301 4510 363 4575 neg.
381 4508 455 4561 root
472 4509 563 4574 legite.
581 4518 606 4562 ει
623 4509 708 4563 rotok-
795 4524 820 4564 u.
837 4508 879 4563 Sic
895 4510 995 4574 saner.
1030 4509 1058 4561 ln
1075 4508 1147 4560 editio
1162 4501 1215 4574 μέν
1231 4506 1308 4556 deest.
