2948 5092
119 218 183 287 488
519 233 715 279 ιιτιιιωτιι
730 231 956 279 nonnum

30 402 176 463 ε.κκνος
200 382 248 468 τῷ
273 373 386 466 Ἰακὼβ
413 379 538 466 ἔλεγεν·
567 373 586 444 ό
614 377 698 459 θεός
718 403 783 464 μου
812 373 991 468 εὐλογήσω
1011 402 1050 447 σι
1069 377 1128 448 καί
1146 374 1291 470 αὐξῆσαι
1311 405 1349 451 σι

117 482 174 553 καὶ
193 483 362 569 πληθυνεῖ
383 504 430 562 σε,
453 484 507 548 καί
530 480 588 568 δση
609 479 659 559 είς
680 480 872 568 συναγωγὰς
894 481 1022 561 ἐθνῶν,
1044 483 1102 549 καλ
1121 480 1191 569 δῴη
1214 505 1272 550 σοι
1291 482 1348 569 τὴν

13 614 19 621 ·
119 579 269 669 εὐλογίαν
293 575 445 669 Ἀβραάμ
471 585 530 648 τοῦ
552 580 681 668 πατρός
701 585 805 666 μου’).
844 581 875 650 τί
897 583 935 649 δὲ
957 576 1016 648 οὐκ
1037 579 1139 649 ἄλλου
1161 583 1256 663 τινός
1278 583 1350 652 ἐστι

48 714 53 731 ·
118 683 158 753 τὸ
180 677 343 769 ·εῦλογείν
364 685 419 750 καί
440 681 479 748 τό
502 682 649 770 ῥόεσθαι
668 676 691 770 ἢ
710 684 770 750 τοῦ
792 685 889 763 θεοῦ,
911 680 969 751 καί
990 678 1050 751 σῦκ
1070 681 1172 764 ἀλλος
1192 709 1247 764 τις
1268 674 1348 771 ἦνό

118 783 277 873 ῥυόμενος
303 782 362 851 τὸν
380 778 493 869 Ἰακώβ
520 777 543 871 ἢ
563 778 663 863 αὐτὸς
686 778 704 849 ό
726 779 855 870 κόρως,
881 782 941 850 τὸν
963 785 1001 853 δὲ
1021 783 1183 870 ῥυόμενον
1205 780 1349 853 αῦτόνό

117 884 321 972 πατριάρχης
348 883 541 953 ἐπεκαλεῖτο
569 882 629 952 ἐπὶ
653 883 731 964 τοῦς
759 882 950 971 Ι’ἐκγόνους
978 885 1079 972 δῆλόν
1107 887 1199 954 ἐστιν
1222 881 1272 966 τός
1292 881 1352 954 οῦκ

117 983 219 1055 ἀλλον
246 984 280 1053 ἐν
307 987 348 1072 τῇ
376 979 451 1074 εὐχῇ
480 989 627 1075 συνῆπτε
653 989 701 1074 τῷ
729 988 802 1072 θεῷ
823 978 924 1072 ἢ-τόν
946 985 1065 1054 τοῦτου
1087 986 1202 1073 λόγον,
1233 986 1272 1057 ὃν
1293 978 1352 1055 διὰ

115 1090 214 1153 τοῦτο
236 1085 293 1154 καὶ
312 1085 449 1174 ἄγγελον
470 1087 631 1168 ἐκάλεσεν,
655 1083 709 1179 ότι
728 1086 831 1170 μόνος
847 1075 946 1166 οὗτός
960 1083 1086 1165 ἐστινὸ
1101 1083 1352 1156 ἀποκαλύπτων

118 1186 177 1255 τόν
197 1193 335 1276 πατέρα.
374 1184 458 1276 ὅπερ
480 1191 534 1257 καί
557 1184 576 1257 δ
599 1186 790 1268 ἀπόστολος
811 1188 923 1256 ἐποίει
943 1189 1063 1275 λέγων·
1082 1184 1180 1275 χάρις
1201 1184 1282 1274 ῦμίν
1295 1192 1350 1257 καί

117 1287 227 1377 εἰρήνη
249 1283 320 1356 ἀπό
341 1292 426 1357 θεοῦ
447 1289 576 1377 πατρὸς
597 1286 689 1379 ἡμῶν
711 1293 766 1358 καί
780 1294 893 1376 κυρίου
911 1283 1017 1377 Ἰησοῦ
1027 1294 1180 1377 Χριστοῦ
1189 1294 1224 1370 ²).
1263 1287 1352 1358 οῦτω

115 1389 177 1477 γὰρ
192 1393 264 1458 οκαί
292 1387 444 1478 ἀσφαλὴς
470 1381 510 1481 ἦν
531 1389 552 1482 ἡ
575 1389 708 1479 εὐλογία
718 1390 824 1461 διὰτὸ
836 1384 1026 1476 ἀδιαίρετον
1037 1395 1097 1458 τοῦ
1107 1391 1182 1459 υίοῦ
1192 1389 1351 1479 πρδςτόν

30 1497 256 1576 lam-umen,
278 1494 332 1559 καί
357 1488 411 1560 ότι
429 1499 492 1578 μία
513 1497 568 1562 καί
588 1490 609 1582 ἡ
632 1488 713 1583 αὐτή
736 1492 827 1561 ἐστιν
848 1489 868 1578 ἡ
891 1492 1047 1581 διδομένη
1067 1492 1174 1580 χάρις
1211 1486 1275 1581 κᾷν
1288 1493 1351 1581 γὰρ

117 1586 137 1659 ό
157 1591 269 1680 πατὴρ
291 1591 369 1680 δῴη,
394 1593 451 1663 διὰ
472 1599 531 1663 τοῦ
553 1597 627 1663 υίσῦ
649 1594 743 1662 ’ἐστι
762 1593 803 1661 τό
824 1591 1015 1679 διδόμενον·
1036 1587 1097 1681 κάν
1119 1589 1139 1660 ό
1161 1592 1354 1683 υἱόςλέγη-

116 1717 175 1761 ται
193 1695 401 1781 χαρίζεσθαι,
426 1692 444 1762 ό
465 1695 576 1786 πατήρ
598 1696 689 1765 ἐστιν
711 1689 730 1761 ό
752 1693 810 1763 διὰ
829 1697 889 1761 τοῦ
912 1693 985 1761 υἱοῦ
1005 1693 1119 1762 καὶέν
1140 1698 1188 1782 τηῦ
1203 1695 1268 1784 υἶηῦ
1284 1721 1353 1764 πα-

117 1798 235 1885 ρέχων·
265 1790 446 1883 εὐχαριστῶ
473 1799 552 1886 γάρ,
582 1801 684 1887 φησίν
713 1793 732 1864 ό
761 1791 951 1874 ἀπόπολις
976 1794 1115 1883 γράφων
1137 1801 1350 1883 Κορινθίοις,

116 1897 164 1984 τῷ
192 1900 265 1985 θεῷ
287 1920 352 1984 μου
374 1898 520 1968 πάντοτε
540 1903 620 1986 περὶ
640 1895 732 1985 ῦμιῦν
754 1897 811 1966 ἐπὶ
833 1900 873 1985 τῇ
895 1895 1006 1983 χάριτι
1026 1899 1101 1964 ’τοῦ
1124 1899 1209 1964 θεοῦ
1230 1900 1272 1986 τῇ
1296 1899 1351 1966 δο·

116 2004 217 2087 θείση
241 1995 319 2085 ῦμίν
341 1999 376 2068 ἐν
397 2006 535 2090 Χριστῷ
553 1997 696 2089 Ἰησοῦ).
726 2003 824 2067 τοῦτο
840 1999 877 2065 δέ
891 1997 947 2066 καὶ
961 1996 1019 2065 ἐπί
1035 1997 1149 2087 φωτός
1163 2001 1220 2066 καί
1240 1994 1352 2066 ἀπαυ·

116 2097 285 2188 γάσματος
314 2097 355 2167 ἀν
382 2128 434 2181 τις
463 2103 548 2170 ἴδοι·
577 2106 631 2170 καὶ
660 2101 721 2189 γὰρ
744 2097 828 2186 όπερ
850 2099 988 2187 φωτίζει
1008 2098 1048 2164 τό
1071 2101 1159 2187 φῶς,
1187 2102 1290 2166 τοῦτο
1312 2099 1349 2166 τό

119 2194 323 2288 ἀπαύγασμα
344 2204 547 2290 καταυγάζει,
572 2200 655 2290 όπερ
679 2204 715 2271 δὲ
736 2198 929 2285 καταυγάζει
944 2198 984 2266 τό
1000 2194 1215 2286 ἀπαύγασμα,
1240 2201 1279 2283 ἐκ
1290 2204 1348 2268 τοῦ

119 2302 232 2390 φωτός
253 2303 343 2371 ἐστιν
365 2300 383 2370 ό
407 2304 588 2393 φωτισμός.
634 2301 721 2372 οότω
743 2301 798 2369 καί
818 2301 1027 2387 βλεπομένου
1048 2304 1107 2367 τοῦ
1130 2301 1204 2368 υλοῦ
1227 2303 1344 2387 βλέπε·

117 2429 175 2472 ται
203 2401 221 2473 ό
249 2405 377 2493 πατήρ,
407 2410 465 2474 τοῦ
486 2407 546 2493 γάρ
569 2404 697 2491 πατρός
718 2403 791 2472 ἐστι
810 2402 850 2469 τό
872 2397 1090 2489 ἀπαύγασμα,
1121 2401 1178 2469 καί
1201 2399 1348 2483 οῦτωςό

119 2506 229 2594 πατὴρ
251 2505 307 2574 καί
329 2503 347 2574 ό
371 2506 441 2587 υἱὸς
464 2509 497 2577 έν
521 2508 595 2576 εἰσι.
909 2508 911 2512 ’
1289 2574 1295 2582 ,

167 2603 172 2614 ’
208 2618 255 2678 14.
304 2612 411 2676 Τοῦτο
441 2610 477 2676 δέ
505 2609 562 2677 ἐπὶ
591 2611 657 2674 τῶν
681 2608 838 2693 ’γενητῶν
867 2607 921 2672 καὶ
943 2605 1132 2690 κτισμάτων
1155 2601 1215 2672 οὐκ
1238 2605 1279 2673 ἀν
1299 2630 1349 2685 τις

109 2710 225 2779 ἐίποι.
264 2708 339 2778 οὐτε
360 2709 421 2796 γάρ
444 2710 659 2796 ἐργαζομένου
681 2710 740 2774 τοῦ
762 2705 891 2792 πατρὸς
913 2705 1082 2794 ἐργάζεταί
1102 2731 1155 2784 τις
1176 2701 1264 2773 αὐτὰ
1283 2710 1348 2775 τῶν

120 2805 264 2898 ἀγγέλων
285 2806 306 2898 ἢ
328 2809 429 2891 ἀλλος
450 2837 502 2891 τις
522 2814 589 2888 τιῦν
610 2808 798 2894 κτισμάτων
821 2803 929 2888 (οὐδέν
950 2808 1012 2895 γὰρ
1032 2805 1158 2874 τούτων
1174 2807 1346 2894 ποιητικὸν

120 2912 229 2981 αἴτιόν
252 2913 332 2994 ἐστι,
356 2907 441 2980 ἀλλά
461 2914 528 2979 τῶν
550 2915 729 2998 γινομένων
751 2909 845 2991 εἰσίν,
872 2907 1018 2988 άλλωςτε
1037 2911 1093 2975 καί
1114 2915 1347 2997 κεχωρισμένοι

119 3015 174 3080 καὶ
196 3012 422 3100 Ιδιεστηκότες
448 3017 507 3082 τοῦ
536 3013 641 3100 μόνου
669 3015 723 3079 καί
756 3009 838 3078 ἀλλο
865 3010 925 3099 τὴν
948 3011 1049 3098 φύσιν
1072 3008 1164 3090 όντες
1193 3015 1249 3078 καί
1272 3012 1347 3097 ἔργα

119 3113 331 3199 τυγχάνοντες
354 3113 429 3183 οὐτε
444 3111 532 3200 άπερ
547 3114 717 3201 ἐργάζεται
732 3109 750 3181 ό
764 3113 848 3192 θεὸς
863 3112 1020 3181 δύνανται
1035 3111 1246 3198 ἐργάζεσθαι,
1263 3111 1345 3191 οῦτε,
1360 3186 1365 3197 ,

14 3250 16 3255 <
118 3214 212 3281 καθά
232 3225 413 3300 προεῖπον,
434 3218 650 3303 χαριζομένου
672 3219 731 3282 τοῦ
752 3219 837 3283 θεοῦ
860 3214 1145 3302 συγχαρίζεσθαι),
1176 3212 1254 3280 οὐτε
1274 3216 1350 3300 βλο-

119 3320 267 3399 πομένου
290 3312 427 3402 ἀγγέλου
450 3319 545 3385 εἴποι
566 3317 606 3385 ἀν
627 3342 680 3396 τις
702 3317 882 3403 ἑωρακέναι
901 3315 959 3382 τὸν
975 3320 1119 3401 πατέρα·
1142 3311 1276 3400 ἀγγελοι
1290 3317 1349 3400 μέτ

119 3413 190 3501 γάρ,
214 3411 260 3495 ὦς
273 3422 465 3503 γέγραπται,
482 3416 689 3505 λειτουργικὰ
701 3417 875 3505 πνεόματά
890 3415 974 3484 είσιν
990 3416 1038 3495 είς
1053 3415 1223 3482 διακονίαν
1240 3411 1351 3484 λάπο·

121 3514 376 3602 στελλόμενοιἿ,
399 3522 454 3587 καί
475 3519 536 3600 τὰς
557 3514 636 3608 παρ’
661 3514 761 3587 αὐτοῦ
784 3517 842 3588 διὰ
862 3521 922 3587 τοῦ
943 3517 1043 3605 λόγου
1065 3515 1192 3602 δωρεὰς
1215 3518 1351 3603 διδομί·

120 3641 178 3695 νας
201 3611 460 3703 ἀπαγγέλλοντές
483 3621 549 3690 εἰσι
570 3632 643 3701 τοῖς
664 3619 887 3706 λαμβάνουσι,
915 3617 974 3688 καὶ
995 3612 1095 3699 αὐτὸς
1116 3619 1153 3684 δὲ
1176 3613 1349 3704 όάγγελως

119 3712 285 3804 ὁρώμενος
309 3715 464 3807 ὁμολογεῖ
485 3718 702 3790 ἀπεστάλθαι
722 3721 817 3809 παρὰ
830 3725 889 3788 τοῦ
906 3719 1080 3800 δεσπότου,
1106 3715 1151 3798 ὥς
1167 3718 1223 3786 ἐπὶ
1238 3727 1352 3804 Ζαχα-

186 3908 211 3967 1)
230 3909 316 3959 cenes.
334 3907 376 3969 οε,
394 3908 418 3958 ε.
437 3911 462 3960 ι.
525 3887 725 3973 ηοοαιπ.
794 3908 1025 3970 mcum„
1095 3907 1215 3965 ιιοαι.
1237 3908 1261 3968 ι,
1283 3908 1327 3960 ιι

117 4041 156 4091 alii
184 4032 199 4088 ό
222 4033 288 4095 θεός
307 4055 370 4108 μου.
407 4044 499 4094 Ibidem
517 4053 574 4109 post
591 4037 708 4106 αῦξάσαι
792 4044 816 4094 b.
841 4044 940 4106 λος-1.
966 4049 991 4092 ει
1008 4042 1108 4104 ὃιςσιτ.
1132 4034 1271 4106 ἐκγόνους.
1308 4040 1356 4094 nii

116 4119 148 4156 σε
165 4109 221 4170 fleg.
242 4110 264 4157 1.
283 4110 382 4170 Seguer.
401 4111 498 4161 Gobler.
517 4121 541 4162 εί
557 4113 663 4163 [λιλαίεο.
683 4114 706 4164 1.
757 4120 837 4162 τοιεπι
856 4118 880 4161 τί
897 4110 956 4160 edin
973 4102 1110 4173 ἐγγόνους.
1368 4160 1374 4169 ,

117 4175 208 4254 ιδρηοι
225 4169 272 4223 καί
288 4172 421 4237 πληθυνεῖ
437 4190 476 4234 σε,
496 4194 558 4243 qm
575 4180 600 4229 in
618 4180 706 4231 εΙῦοει
792 4195 814 4230 υ.
832 4177 932 4229 Gobler.
950 4186 974 4227 ει
984 4178 1088 4226 Felckm.
1102 4177 1124 4226 1.
1140 4169 1198 4259 γὰρ
1213 4166 1357 4241 ἀσφαλόε.

116 4243 187 4293 αέιιιε
204 4243 300 4295 desunt.
758 4246 833 4295 ΡοαΙο
857 4253 1038 4321 ματηοιιοηοι
1062 4245 1119 4321 θος,
1139 4247 1283 4321 ελθδεςοὶετ.
1332 4305 1342 4323 o

150 4358 171 4421 ι
273 4346 296 4395 1.
321 4354 344 4396 ι
486 4337 562 4397 τι
583 4335 706 4421 απ
756 4301 1188 4435 καλλιόνων
1202 4323 1359 4431 affl

116 4422 162 4457 ἀ’
180 4406 304 4489 ῥυὲσθαι·
588 4448 644 4521 ff.
755 4392 902 4499 Felekffl.
919 4454 944 4497 ιι
960 4447 984 4496 5.
994 4394 1062 4497 ὐστλ
1079 4392 1305 4512 τόσδιδόμενον..
1325 4447 1359 4500 ἐκ
