2934 5078
547 231 693 277 semrom
707 229 744 272 m
759 230 947 292 mmmm..
1195 201 1199 209 ¹
1290 224 1350 292 851

128 379 262 444 {lumino
284 382 377 444 dieat:
399 383 513 445 Recede
535 402 552 444 o
575 399 713 462 corpore,
735 389 767 444 ut
788 390 818 444 te
840 382 984 447 adorem?
1024 385 1169 466 laludio
1183 405 1219 453 eo
1234 388 1436 459 devenitrora.

129 482 303 563 impictatis,
327 492 360 546 ut
381 503 446 546 eum
469 485 582 546 insanis
604 483 722 546 ludaeis
744 482 839 548 eidem
860 493 985 566 propter
1006 505 1115 567 corpus
1132 489 1221 559 dicat:
1248 491 1353 564 Quare

127 594 165 646 tu
187 584 274 648 bomo
297 606 364 649 oum
384 591 427 649 cio
449 588 527 666 sacis
550 589 678 667 teipsum
698 583 840 648 Deumi‘
860 586 948 666 Atqui
968 570 1036 651 ¹talis
1057 608 1119 652 non
1139 591 1194 655 luit
1213 591 1351 672 leprosus

127 685 197 759 idea
224 688 317 750 [lenm
341 687 419 749 enim
442 689 473 750 in
495 706 622 768 corpore
644 687 819 751 existentem
841 689 988 762 odoravit,
1017 710 1144 775 eumque
1165 691 1260 756 Deum
1282 712 1353 760 esse

125 787 176 849 bis
199 789 320 868 agnovit
342 789 455 852 verbis:
479 790 613 861 nomm,
637 793 666 851 si
685 794 741 862 οιό,
763 801 848 870 poteo
870 811 916 853 me
935 793 1094 857 montore.
1139 793 1285 859 Noenum
1302 795 1351 861 ille

127 889 182 952 llei
205 890 334 953 Verbum
366 891 525 953 arbitratus
559 899 604 953 est
630 899 755 971 propter
783 910 900 954 carnem
927 878 1148 959 rem'meatam
1176 914 1261 969 esse,
1281 913 1351 973 ‚noc

125 990 197 1070 quia
218 991 347 1055 Verbum
369 1011 469 1054 rernm
492 993 625 1055 omnium
647 1002 810 1055 meatorum
834 995 934 1074 opifex
955 1003 1011 1067 est,
1035 1013 1163 1071 carnem,
1186 1015 1243 1076 qua
1259 995 1349 1061 indu-

126 1101 191 1154 tum
215 1102 287 1167 erat,
309 1094 473 1173 vilipendit,
497 1095 551 1156 sed
573 1093 704 1157 universi
724 1103 887 1156 creatorem
911 1104 1047 1175 tanquam
1069 1096 1101 1157 in
1122 1106 1222 1161 creato
1238 1098 1349 1179 templu

124 1194 263 1257 adoravit
290 1197 473 1276 effectusque
505 1195 633 1258 mundus
661 1194 727 1274 ipse
749 1202 805 1257 est
849 1196 898 1257 Sic
920 1197 1008 1261 etiam
1028 1197 1151 1273 mulier,
1179 1218 1255 1278 quoae
1275 1218 1349 1274 seur

126 1295 228 1374 mnis
258 1298 368 1358 fluxum
390 1298 572 1378 patiebatur,
604 1296 744 1369 credidit,
775 1297 920 1377 tactisque
942 1299 1145 1363 tantummodo
1167 1300 1232 1367 eius
1255 1301 1348 1365 vestis

125 1396 254 1459 fimbriis
285 1407 387 1461 sanata
406 1400 477 1474 'est3
505 1418 586 1460 mare
609 1397 744 1471 similiter
765 1397 904 1476 agitatum
928 1399 1065 1461 lluctibus
1089 1400 1199 1465 audiuit
1219 1401 1348 1467 Verbum

124 1514 247 1560 cernam
270 1501 388 1571 lactum,
411 1520 446 1561 ae
467 1501 569 1563 sedata
593 1509 753 1579 tempestas
778 1508 838 1575 est;
861 1519 966 1564 caecum
988 1503 1059 1565 item
1073 1510 1160 1567 natus
1176 1511 1265 1582 sputo
1281 1521 1347 1564 car-

124 1600 176 1662 nis
199 1608 320 1664 sanatus
343 1622 360 1664 a
381 1602 479 1689 Verbo
502 1611 557 1665 est
591 1602 689 1675 Quod
711 1609 808 1664 autem
830 1601 925 1665 maius
946 1610 995 1665 est
1009 1613 1039 1666 et
1053 1603 1255 1680 admirabilius
1269 1604 1348 1679 (ior-

124 1701 217 1763 tassis
247 1703 325 1764 enim
354 1704 385 1766 id
415 1704 601 1783 impiissimis
630 1703 688 1765 illis
710 1703 878 1766 scandalum
901 1704 985 1779 luit),
1013 1705 1101 1770 etiam
1123 1705 1154 1769 in
1175 1705 1241 1786 ipsa
1263 1723 1349 1769 cruce

122 1804 276 1885 pendente
297 1805 424 1867 Domino
452 1811 532 1879 (nam
562 1805 627 1867 eius
656 1812 718 1867 erat
744 1822 854 1884 eorpus
883 1805 914 1867 in
937 1822 1033 1888 eoque
1055 1815 1119 1869 erat
1140 1807 1280 1882 venum)
1303 1805 1349 1870 eol

120 1904 303 1968 obscuratus
327 1915 383 1980 est,
407 1914 484 1970 terra
505 1907 636 1979 tremuit,
658 1915 761 1986 petrae
782 1905 896 1968 scissae
919 1916 989 1970 sunt
1010 1916 1042 1970 ut
1063 1915 1094 1968 et
1105 1905 1220 1988 Templi
1240 1906 1347 1981 volum,

119 2011 155 2067 et
178 2007 267 2069 multa
291 2007 467 2071 Sanctorum
490 2027 625 2088 corpora,
648 2007 698 2088 qui
722 2007 914 2082 dormierant,
937 2016 1140 2072 surrexerunt

214 2319 243 2378 4.
287 2315 367 2375 llaec
389 2313 506 2394 quidem
529 2312 568 2373 ita
591 2311 760 2391 contigere,
782 2328 932 2390 nemoque
954 2310 997 2372 uti
1019 2329 1099 2373 nunc
1119 2311 1228 2373 audent
1248 2311 1349 2375 Ariani

122 2434 233 2476 secum
255 2416 408 2490 dubitavit,
431 2424 529 2477 utrum
552 2413 706 2475 incarnato
721 2410 818 2473 Verbo
841 2411 1020 2474 eredendum
1037 2420 1067 2473 et
1079 2412 1241 2491 parendum
1258 2420 1349 2487 essct,

121 2516 182 2578 sed
212 2516 252 2578 illi
281 2518 431 2579 hominem
448 2516 609 2587 ,intuentes
631 2512 756 2575 eundem
780 2513 915 2593 opificem
938 2531 1007 2576 esse
1029 2531 1116 2576 suum
1138 2512 1350 2592 intelligebant,

120 2619 343 2698 humanamque
371 2618 525 2679 audientes
552 2634 657 2677 uocem
684 2633 868 2695 nequaquam
890 2623 1014 2694 propter
1034 2615 1193 2678 humanam
1214 2625 1349 2677 naturam

121 2719 254 2781 Verbum
276 2739 340 2781 rem
363 2728 491 2781 creatam
513 2717 632 2780 aiebant
653 2734 739 2785 esse.
767 2716 819 2777 sed
842 2716 937 2793 magis
959 2715 1048 2778 etiam
1070 2715 1348 2788 contremiscebant,

122 2839 256 2901 eumque
284 2821 377 2882 nihilo
406 2820 504 2882 secius
532 2817 736 2899 suspiciebant
756 2836 790 2878 ac
811 2817 836 2878 si
860 2836 876 2879 c
897 2817 1021 2895 Templo
1044 2824 1145 2878 sancto
1165 2816 1348 2897 loqueretur.

123 2921 191 2984 (lur
217 2922 307 3001 igitur
333 2941 394 2983 non
421 2930 560 2985 venentur
587 2919 670 2998 impii
700 2918 856 2991 homineS,
878 2937 931 2991 ne,
955 2921 1035 2979 siout
1056 2919 1350 2998 comprobaverunt

123 3023 227 3085 Deum
244 3024 361 3085 ‘dobere
385 3028 416 3084 in
438 3028 561 3092 notitia,
589 3020 743 3082 tradantur
766 3024 798 3081 in
820 3020 983 3097 reprobum
1004 3037 1142 3091 sensum,
1172 3028 1207 3080 ut
1231 3018 1350 3097 sacient

121 3143 171 3196 ec,
195 3144 270 3205 quoe
291 3144 353 3187 non
377 3121 580 3187 conveniunt?
623 3123 684 3183 Nec
712 3120 791 3182 enim
819 3138 882 3180 rem
905 3128 1032 3180 creatam
1054 3119 1159 3182 adorat
1179 3138 1229 3181 res
1252 3124 1350 3180 creata

119 3244 225 3304 neque
245 3245 351 3287 rursus
374 3227 412 3286 ob
434 3243 552 3287 carnem
575 3223 733 3285 Dominum
755 3240 841 3283 suurn
863 3220 971 3299 refugit
991 3219 1125 3294 adorare,
1150 3219 1203 3281 sed
1224 3218 1347 3281 viditin

120 3344 254 3404 corpore
276 3335 439 3388 creatorem
461 3345 559 3398 suum,
582 3333 670 3403 atque
692 3327 725 3386 ia
746 3327 867 3384 nonunt
889 3321 959 3384 lesu
982 3341 1065 3384 omne
1086 3340 1165 3402 penu
1180 3322 1289 3385 uerum
1304 3327 1351 3381 est

122 3437 157 3488 et
186 3428 321 3490 llectetur
349 3429 535 3499 coelestium,
566 3429 759 3490 terrestrium
782 3435 811 3488 et
832 3426 1044 3504 c'nsernorum,
1074 3431 1104 3485 et
1127 3428 1223 3486 omnio
1246 3404 1351 3501 linquo

119 3529 327 3604 confitebitur,
352 3532 467 3591 tametsi
491 3529 606 3591 Arianis
630 3546 690 3589 non
712 3525 816 3607 placet,
839 3531 909 3608 quia
930 3526 1078 3589 Dominam
1101 3524 1186 3588 larue
1211 3525 1350 3587 Christus

119 3637 156 3692 iro
187 3629 289 3710 plocio
322 3644 366 3693 est
388 3631 446 3694 ner·
466 3631 579 3692 Petris.
623 3629 725 3709 Neque
753 3628 833 3690 enim
862 3614 990 3690 dedecus
1018 3627 1116 3688 Verbo
1146 3644 1214 3686 earo
1244 3624 1349 3697 attulit,

119 3731 212 3805 absit,
235 3733 289 3796 sed
311 3733 374 3813 ipsa
396 3735 497 3812 potius
520 3731 629 3812 abillo
653 3729 775 3812 moriam
798 3731 919 3809 accepit
941 3798 944 3808 ¹
964 3729 1024 3792 Nec
1047 3730 1118 3789 item
1141 3725 1209 3805 quia
1223 3726 1348 3786 lormam

155 3921 180 3969 b·
199 3912 288 3978 π’ἇσος
306 3890 373 3970 deest
391 3922 414 3970 in
432 3921 523 3983 Anglic.
653 3974 657 3986 Ι
759 3906 899 3981 Ἆρειανοὶ,
936 3915 1000 3964 ldern
1025 3929 1071 3978 pro
1096 3906 1138 3960 δεῖ
1160 3910 1233 3959 habet
1251 3899 1299 3967 dvi,
1328 3916 1351 3956 et

156 4037 178 4070 ε·
197 4019 296 4082 Setun·
316 4022 405 4085 anglic.
426 4022 523 4072 (Μ
542 4018 710 4069 ⁰¹F⁰¹⁰¹l¹¹¹·¹·
762 3976 1351 4112 ⁹¹⁰,”;JJ{1{3{,¹¹¹„”,'3„⁷¹{{{‘„⁶,1‘,„„„,

116 4087 261 4154 γε’γηῖῆς·
766 4126 812 4168 tem
833 4128 856 4167 et
874 4119 930 4167 editi
949 4110 1065 4181 φύσεως.
1103 4115 1175 4164 l‘aulo
1194 4121 1250 4177 post
1266 4125 1350 4160 manur-

157 4190 180 4237 ο.
200 4190 240 4239 soc
259 4190 357 4252 segnes.
393 4191 421 4240 n
444 4189 515 4239 nasu.
535 4188 623 4249 unuln.
643 4186 713 4237 eost
765 4188 847 4249 scripu
866 4178 882 4245 ἢ
903 4175 945 4232 tu
962 4178 990 4233 οι
1007 4182 1076 4231 ναοῦ
1094 4184 1190 4241 tabent,
1209 4170 1291 4237 currit
1307 4168 1352 4225 ‘dre

122 4249 283 4321 ἔτρόμαξεν.
322 4260 382 4308 Edit.
403 4259 519 4308 Commel.
538 4265 561 4304 et
580 4257 620 4305 alii
639 4245 714 4319 trud
764 4247 793 4304 ὶκ
810 4253 885 4301 ναοῦ.
1096 4311 1103 4327 ἱ
1231 4304 1239 4324 ‚

119 4322 218 4390 μαζεν.
254 4327 328 4375 Paulo
340 4336 394 4390 post
412 4329 510 4388 Segnior.
529 4325 601 4373 hebet
617 4336 715 4388 προκε-
800 4324 816 4371 l.
836 4322 908 4371 Busil.
927 4318 1056 4380 etdnglic.
1078 4331 1126 4365 τον
1138 4327 1264 4382 χριστον.

72 4425 74 4427 -
121 4387 557 4458 κοιμημίνωνοίιιοοοοοᾶγίων.
594 4393 715 4440 lneodem
801 4406 823 4452 g.
842 4389 1039 4450 SicSegucrian.
1059 4381 1352 4436 conteneantur.

120 4459 177 4508 nir
195 4470 253 4527 post
270 4453 357 4527 ὥςπερ
377 4463 478 4527 legitur,
502 4463 526 4512 in
551 4462 637 4513 ceteris
659 4466 717 4524 post
766 4458 830 4509 Editi
847 4472 902 4508 nero
922 4463 945 4506 ot
962 4455 1003 4504 alli
1020 4446 1180 4520 ἐκάμπτετο.

1090 4534 1148 4589 tt*
