2934 5078
142 236 205 301 8¹4
540 246 735 295 §.nummu
750 246 973 293 ιιιεειενασυνι

54 417 135 467 κτα.
228 405 280 467 21.
324 400 406 477 Πῶς
432 384 491 464 οῦν
511 397 632 463 ·ταῦτα
657 396 842 481 τολμῶντες
866 397 917 465 ἔτι
937 394 1103 465 δύνανται
1122 392 1352 485 τοῦςἝίίηνος

142 502 325 571 αίτιᾶσθαι
344 498 552 578 πλάττοντας
572 497 696 565 εἴδωλα
710 494 768 567 καί
779 497 882 578 θεούς
897 492 1130 584 ὀνομάζοντας
1143 495 1250 583 αῦτάς
1270 495 1353 585 όμοιι

141 603 203 691 γάρ
225 604 280 671 καί
300 601 344 669 τά
363 594 473 669 αύτῶν
492 602 551 687 τῆς
572 598 703 667 ίκείνων
722 606 851 685 μανίας,
873 594 895 685 ή
914 600 1001 684 τάχα
1013 602 1071 667 καί
1086 600 1230 685 μείζονα
1241 601 1353 669 τάτού-

42 748 48 763 ·
141 732 217 797 των
229 705 424 790 τολμήματα
442 702 593 790 τυγχάνει
613 698 702 783 ὄντα,
725 696 781 769 ότι
799 707 918 787 καίπερ
939 700 1044 787 νόμον
1066 703 1151 787 περί
1174 702 1292 771 τούτου
1307 705 1368 769 λα.

141 807 257 895 βόντες
278 804 336 873 διὰ
355 808 414 893 τής
435 801 656 891 παραβάσεως
676 804 736 871 τοῦ
756 802 858 888 νόμου
879 802 1045 872 τὸνθεόν
1066 798 1251 892 ἠτίμασαν.
1279 804 1353 871 τίδλ

103 958 107 968 .
143 912 283 977 τοιαῦτα
303 908 570 995 βλαςφημοῦντες
590 904 799 1001 ποιήσουσιν,
822 901 902 972 όταν
923 899 1187 991 ἀναγινῶσνωσι
1207 906 1267 974 τόν
1285 928 1352 992 τερτ-

144 1011 250 1100 φήτην
268 1005 455 1089 matam,
482 1008 537 1074 καί
563 1000 732 1075 ἀκούσωσι
753 1005 799 1088 ,τά
820 1016 940 1095 σημεῖα
960 1010 1022 1093 τῆς
1041 1011 1106 1075 τοῦ
1128 1010 1284 1092 Χριστοῦ
1301 1030 1352 1073 τι·
1386 1052 1388 1057 -

142 1118 280 1197 ρουσίσς
294 1104 381 1179 εἶναι
393 1111 528 1198 τυφλῶν
542 1102 736 1194 ἀνάβλεψιν,
749 1108 864 1192 χωλῶν
878 1115 1081 1194 περίπατον,
1093 1104 1233 1177 ἀλάλων
1247 1109 1351 1183 λολίω,

142 1216 265 1299 νεκρῶν
286 1206 498 1290 ιἀνάστασιν,
520 1211 652 1295 λεπρῶν
672 1208 859 1295 θεράπειαν
879 1213 935 1278 καί
956 1213 1085 1299 κωφῶν
1108 1204 1215 1299 ἀκοής
1228 1210 1351 1289 ἀνοιξσς

143 1314 211 1401 ἀρα
231 1314 292 1402 γάρ
314 1315 368 1381 καί
389 1310 515 1379 τούτων
535 1317 611 1378 τίνα
631 1309 833 1399 θελήσουσιν
854 1304 940 1379 είναι
960 1310 1021 1378 τὸν
1042 1312 1215 1401 ποιητήνς
1243 1310 1350 1395 emb

144 1416 207 1504 γάρ
235 1414 319 1484 θεὸν
346 1415 495 1500 λέγοντες
514 1411 650 1493 ίαυτοῦς
673 1412 891 1500 διελίγξουσιν
913 1409 1148 1503 ἀσεβήσαντας
1171 1414 1222 1493 είς
1241 1413 1297 1482 τὸν
1312 1410 1350 1477 τόν

144 1541 227 1603 ρισν,
251 1515 273 1584 ἃ
294 1516 355 1603 γὰρ
378 1510 397 1581 ό
418 1512 591 1602 προφήτης
612 1515 830 1601 ιπροβλέπων
851 1515 975 1603 εἴρηκε,
997 1518 1109 1583 ταῦτα
1130 1514 1256 1605 περῶν
1275 1508 1349 1590 σῦτλς

144 1615 164 1685 ό
191 1618 302 1704 κύριος
327 1623 525 1704 πεποίηκεν·
557 1614 615 1683 ίάν
637 1616 671 1683 δὲ
694 1612 741 1697 ῶς
760 1623 945 1703 προπετείᾳ
965 1619 1237 1706 προληφθέντες
1255 1612 1351 1701 τολμή·

120 1722 249 1797 ,σωσιν
277 1717 386 1787 είπείν
406 1712 539 1805 κάκεῖνα
560 1716 594 1784 έν
616 1719 663 1803 τῶ
683 1716 883 1803 Βεελζεβούλ
904 1723 1101 1811 *γίνεσθαω
1134 1712 1349 1808 φοβοῦμοιή

143 1814 210 1888 κατ’
235 1814 346 1905 όλίγυν
367 1818 402 1887 έν
424 1816 559 1905 ἀσεβείᾳ
569 1817 816 1904 προκόπτοντες
825 1822 879 1887 καί
890 1813 1196 1907 ἀναγινώσκοντες·
1212 1827 1264 1900 τίς
1274 1819 1350 1888 ἔδει

145 1920 253 2007 στόμα
274 1916 465 2007 ἀνθρώπως
494 1918 551 1987 καὶ
563 1927 615 1999 τίς
629 1920 767 2007 ἐποίησε
781 1921 950 2013 δύςκωφον
964 1921 1022 1989 καὶ
1035 1923 1167 2011 κωφόν,
1193 1924 1350 2008 ’βλέποντι

142 2026 198 2091 καί
219 2021 393 2111 τυφλόν),Ι
422 2023 478 2089 καί
504 2020 547 2088 τά
574 2017 676 2106 όμοια
704 2020 835 2102 τούτοις
855 2028 1010 2108 μανέντες
1032 2024 1143 2092 πάλιν
1166 2026 1291 2092 εἴπωσι
1304 2021 1347 2087 u?

143 2123 345 2212 Βεελζεβοῦλ
366 2116 452 2191 είναι
471 2125 527 2191 καί
547 2123 670 2204 ταύτας
689 2123 751 2205 τὰς
771 2123 893 2213 φωνάς.
929 2114 958 2210 ᾧ
978 2123 1041 2223 γὰρ
1058 2125 1128 2214 ’τήν
1150 2130 1216 2192 τοῦ
1238 2120 1344 2211 ἀναβλέ-

143 2251 223 2294 πειν
243 2225 338 2314 χάριν
360 2224 503 2307 διδόασι,
525 2224 633 2313 ταύτην
652 2230 706 2294 καί
727 2224 787 2314 τήν
807 2229 866 2293 τοῦ
886 2224 930 2313 μή
951 2226 1094 2312 βλέπειν
1118 2227 1237 2295 αίτίαν
1258 2222 1342 2299 offic

144 2322 265 2417 ἀνάγκη
288 2327 428 2407 διδόναι,
452 2320 625 2415 ἀμφότερα
644 2328 706 2414 γάρ
727 2327 786 2397 τὸν
807 2321 907 2395 αότὸν
927 2338 1042 2396 ποιεῖν
1065 2329 1203 2416 εἴρηκεν
1227 2324 1343 2413 δίδη»

144 2434 281 2509 πάντως
301 2430 338 2497 δέ
359 2431 457 2495 τοῦτο
479 2429 627 2516 λέγοντες
647 2430 853 2519 φρυνήσουσί
873 2452 957 2497 ποτε
977 2432 1032 2497 καί
1058 2429 1267 2518 δημιουργόν
1284 2422 1344 2497 ab·

144 2530 204 2599 τόν
224 2528 425 2616 Βεελζεβοὺλ
445 2533 505 2615 τῆς
518 2524 736 2617 ἀνθρωπίνης
749 2530 890 2622 φύσεως,
912 2534 986 2599 ’τοῦ
1000 2530 1064 2618 γὰρ
1080 2531 1269 2611 ποιοῦντός
1280 2528 1344 2597 &m

146 2632 230 2716 ἔχειν
251 2635 305 2701 καὶ
327 2630 386 2719 τήν
406 2634 473 2698 τῶν
493 2639 673 2718 γινομένων
687 2633 839 2714 ἐξουσίαν
853 2636 923 2713 (τοῦ
937 2631 999 2719 γάρ
1010 2638 1177 2713 Μωσέως
1192 2630 1344 2721 είρητότσς·

147 2733 193 2803 έν.
209 2730 291 2821 ἀρχῇ
314 2733 470 2821 ἐποίησεν
492 2728 511 2798 ὅ
532 2734 614 2814 θεὸς
635 2734 693 2803 τὸν
714 2728 852 2822 οῦρανὸν
873 2738 925 2803 καὶ
947 2734 1006 2822 τήν
1028 2738 1106 2820 γῆν,
1137 2738 1195 2802 καὶ
1218 2735 1253 2802 ἒν
1271 2730 1344 2801 εἰκότι

146 2839 231 2903 θεοῦ
253 2836 408 2924 ἐποίησεν
431 2832 449 2901 ό
471 2835 554 2915 θεὸς
574 2836 632 2903 τὸν
648 2836 871 2925 άνθρωπονλ),
893 2839 945 2904 καὶ
960 2837 1092 2924 Δανιὴλ.
1107 2835 1343 2925 παῤῥησιόζασ

146 2941 194 3023 τήν
216 2943 348 3023 Δαρείῳ
370 2952 384 2990 ¹
390 2938 508 3023 λέγων·
531 2933 570 3005 οῦ
592 2945 734 3026 σέβομαι
754 2941 877 3009 εἴδωλα
895 2946 1133 3025 χειροποίητα,
1159 2936 1246 3005 ἀλλὰ
1266 2937 1347 3018 ζῶντε,

121 3113 125 3121 ,
147 3038 231 3106 θεὸν
260 3038 318 3106 τόν
346 3042 503 3107 κτίσαντα
529 3039 587 3107 τὸν
616 3035 755 3127 ούρανὸν
781 3044 837 3108 καὶ
865 3041 924 3128 τήν
952 3044 1011 3129 γῆν
1039 3042 1096 3106 καὶ
1121 3042 1241 3124 ἔχοντα
1260 3037 1343 3121 πόσην

138 3140 270 3226 ,σαρκὸς
289 3142 505 3226 λκυρείανἿβ
535 3142 565 3209 εί
591 3143 636 3231 μή
666 3142 731 3231 ἀρα
751 3143 855 3211 πάλιν
875 3142 1165 3228 μεταβαλλόμενοι
1186 3132 1342 3229 λέγοιενῐλ

145 3244 205 3325 μὲν
227 3241 271 3330 μή
293 3244 429 3328 βλέπειν
450 3245 505 3310 καί
524 3244 679 3326 χωλεύειν
699 3248 753 3312 καλ
775 3244 818 3312 τά
839 3243 924 3312 ἀλλα
943 3243 1042 3330 πάθη
1066 3244 1104 3324 ἒξ
1118 3244 1289 3330 ἐπιτιμίας
1302 3236 1342 3304 τίῖ

147 3343 344 3428 δημιουργοῦ
366 3350 529 3431 γίνεσθαι,
552 3344 610 3433 τὴν
632 3348 669 3413 δὲ
691 3345 785 3415 λύσιν
799 3347 923 3414 τούτων
937 3344 993 3412 καὶ
1003 3346 1062 3433 τήν
1074 3345 1125 3425 είς
1136 3345 1218 3426 τοὺς
1228 3345 1340 3424 adm*

145 3468 205 3522 τας
237 3439 422 3530 εὐεργεσίαν
442 3445 501 3514 τὸν
522 3447 722 3534 Βεελζεβοῦλ
744 3448 950 3534 ἐργάζεσθαι.
989 3442 1074 3514 ἀλλὰ
1095 3452 1201 3514 τοῦτο
1224 3442 1279 3534 κᾷν
1293 3442 1339 3519 ἒξί·

145 3544 256 3626 τάζειν
278 3548 352 3614 λίαν
372 3545 508 3637 ἰεὔηθές
529 3548 617 3615 ἐστι·
646 3556 853 3636 μαινομένων
879 3549 939 3636 γάρ
961 3548 1016 3615 καί
1038 3551 1145 3616 πλέον
1168 3551 1340 3636 παρεξεστη-

123 3645 251 3714 ’κότων
283 3647 370 3715 ἐστὶν
403 3645 423 3736 ή
456 3649 591 3739 τοιαύτη
623 3650 707 3735 μετὰ
734 3647 887 3738 ἀσεβείας
907 3652 1113 3736 μωρολογία,
1151 3648 1206 3718 ὅτι
1226 3650 1300 3739 μηδὲ
1314 3638 1341 3708 τὰ

145 3758 316 3833 κρείττονα
336 3752 420 3818 κατὰ
441 3750 607 3839 σύγκρισιν
628 3757 676 3841 τῷ
698 3757 769 3841 θεῷ
793 3749 876 3820 ἀλλὰ
897 3756 943 3840 τῷ
956 3752 1161 3839 Βεελζεβοῦλ
1175 3741 1340 3821 διδόασινσλ

146 3851 369 3940 παρόφρονες.
400 3856 454 3920 καί
469 3853 530 3942 γὰρ
547 3849 585 3922 οῦ
601 3856 693 3939 μέλει
706 3854 838 3934 τούτοις
850 3857 1073 3939 λυμαίνεσθαι
1087 3859 1158 3924 τῶν
1173 3862 1275 3925 θείειν
1286 3872 1342 3939 w

147 3955 221 4039 φῶν
231 3952 273 4020 τά
284 3953 446 4039 δόγματα,
459 3956 515 4021 ἵνα
526 3956 629 4041 μόνον
643 3953 850 4046 ἀρνήσωνται
861 3956 920 4043 τήν
932 3961 990 4023 τοῦ
1003 3962 1158 4044 Χριστοῦ
1170 3962 1339 4046 παρουσία.

217 4110 241 4171 1)
258 4111 313 4161 εει.
332 4111 374 4172 ω,
393 4111 423 4174 5;
448 4110 489 4174 τε,
510 4112 550 4165 τε.
619 4113 644 4176 2)
664 4115 738 4166 εισι.
756 4114 781 4176 ι,
804 4114 843 4164 11.
918 4113 944 4173 ε)
963 4115 1022 4168 εει.
1042 4114 1066 4175 ι,
1088 4116 1111 4166 1.
1130 4116 1174 4167 τι.
1242 4108 1341 4177 αισι

146 4174 233 4228 Draco.
253 4179 268 4228 5
285 4174 357 4244 [Dan.
378 4180 417 4241 14,
435 4180 458 4231 4.
479 4176 567 4249 Vulg.].
849 4182 853 4197 ⁸

144 4276 266 4342 Μοτίλος.
286 4270 448 4360 ἀνετίθεσαν
464 4273 543 4340 αότά,
563 4276 731 4347 8οςαει.ἀνε-
782 4282 904 4333 τοιαῦτα.
937 4285 985 4334 Alii
1002 4292 1027 4334 εί
1044 4285 1103 4337 edili
1120 4285 1214 4336 ταῦτα.
1247 4279 1341 4336 noxa*

144 4340 260 4395 τίθεσαν
276 4348 358 4427 ηητηῦ.
393 4350 461 4401 fidili
486 4360 510 4401 τι
532 4353 619 4419 reliqui
638 4344 730 4402 ἀνατί·
782 4360 806 4401 ει
824 4346 1105 4414 θεμισκπλάττοντες.
1142 4356 1190 4407 Sed
1207 4358 1229 4405 in
1244 4355 1341 4418 posim·

144 4408 243 4463 θέασιν
258 4430 336 4467 αυτα.
720 4428 723 4433 ’
737 4478 740 4483 ,
781 4429 916 4472 correctum
926 4415 1149 4478 εειπλάττοντας.
1160 4419 1341 4489 ΡνυΙορυιιῧθίι

179 4496 202 4531 ε.
224 4482 282 4547 αις.
304 4484 404 4549 δεήσει.
429 4486 504 4539 nun.
532 4494 557 4538 ει
580 4487 686 4541 ίέίιίιω.
704 4488 730 4541 2.
781 4481 1169 4555 ίννμάζοντεςπείωιεωωω
1180 4483 1340 4559 ὅτιμάζοηΰ
