2948 5092
120 230 161 294 16
599 285 601 290 ,
645 240 819 287 enutrio.

119 394 228 476 queudi
256 371 431 471 dicendique
459 393 576 472 generis
609 399 746 470 patrum,
779 407 838 469 quo
870 390 1028 470 peculiaris
1063 409 1167 453 eorum
1196 392 1346 471 cogitandi

120 494 328 574 sentiendique
349 494 426 556 rstio
450 503 480 554 et
501 492 586 573 quasi
608 493 702 554 lorma
725 492 836 570 ingenii
859 509 1000 571 expresse
1029 502 1090 564 est,
1124 492 1247 555 multum
1277 495 1348 555 lecit

119 596 207 659 wem
236 596 272 658 nd
300 596 432 657 rationes
460 594 657 673 dogmodces,
694 611 768 673 quas
797 593 891 654 secuti
918 601 1004 666 suot,
1037 594 1221 673 aperiendas.
1266 595 1350 657 llaec

119 698 208 778 igitur
228 696 378 778 praesidio
399 697 435 757 ad
457 695 651 775 indagandam
673 693 824 757 veritatem
846 693 986 756 deliciunt
1007 713 1071 768 cos,
1094 696 1145 775 qui
1160 696 1197 757 de
1211 697 1349 758 doctrina

120 799 229 861 veteris
259 797 401 860 ecclesiae
428 804 605 876 quaerentes
632 794 742 875 scripta
770 804 886 875 patrum
918 813 980 856 non
1012 813 1116 875 graece
1137 808 1168 859 et
1188 797 1277 859 latine
1300 797 1348 860 le-

120 910 203 980 gunt,
225 899 279 961 sed
302 897 491 960 versionibus
514 905 637 958 utuntur
659 897 722 958 sire
743 896 927 969 vernaculis,
954 896 1017 959 sive
1038 897 1138 958 latinis
1161 917 1348 977 graecorum,

121 1009 152 1063 et
173 1019 209 1063 ex
230 1000 278 1062 bis
301 1017 408 1079 sapere
429 1005 584 1060 conanum.
628 997 716 1071 Quod
737 1016 807 1059 vero
829 997 1037 1076 grauissimum
1060 1008 1122 1070 est,
1144 999 1234 1061 iidem
1255 999 1365 1065 variis,

121 1101 242 1164 obnoxii
264 1108 336 1162 sunt
355 1099 509 1161 erroribus
532 1118 567 1161 ex
589 1099 735 1179 imperitia
759 1099 805 1160 vel
829 1098 1009 1180 negligentia
1028 1100 1235 1180 interpretum,
1257 1100 1350 1162 etiam

123 1203 308 1284 expertium
330 1200 448 1275 studio,
480 1218 539 1279 quo
567 1200 642 1262 fides
670 1201 865 1280 interpretum
892 1200 923 1262 in
955 1200 1014 1262 boe
1036 1202 1216 1281 scriptorum
1238 1219 1352 1281 genere

123 1303 293 1366 etiamnunc
330 1301 514 1365 sollicitatur.
572 1302 615 1363 be
656 1300 792 1364 Rocsleri
834 1301 1130 1381 interpretationibus
1166 1301 1196 1362 id
1226 1303 1352 1382 quidem

123 1404 232 1466 dictum
256 1402 342 1465 nolo:
370 1403 424 1466 sed
456 1402 535 1464 huuc
556 1420 675 1482 quoque
696 1402 843 1465 interdum
865 1403 1073 1466 hallucinatum
1097 1421 1164 1465 esse
1186 1412 1217 1466 et
1237 1422 1255 1466 a
1276 1422 1351 1467 vero

100 1507 320 1586 scriptorum,
343 1504 468 1566 maxime
495 1522 683 1582 graecorum.
707 1522 799 1564 seusu
826 1503 982 1566 aberrasse
1010 1523 1070 1566 oon
1092 1504 1238 1567 dubitabit
1258 1506 1352 1568 etiam

123 1608 174 1688 qui
207 1625 268 1669 nou
297 1605 461 1686 inspexerit
480 1605 708 1679 bibliothecam,
741 1606 767 1666 si
800 1606 900 1685 operis
921 1607 1000 1668 intra
1020 1625 1132 1686 paucos
1155 1625 1250 1668 anuos
1274 1625 1352 1668 sou·

123 1708 191 1771 iecti
224 1706 334 1770 molem
365 1716 395 1768 et
425 1705 627 1768 difficultatem
659 1706 840 1786 expenderit
886 1706 974 1781 Quod
1002 1708 1029 1768 si
1060 1707 1151 1785 igitur
1172 1726 1228 1769 nec
1248 1707 1352 1770 lines-

124 1808 177 1872 leri
201 1808 309 1871 studiis
330 1809 390 1880 illa,
412 1826 487 1887 quae
509 1807 619 1869 multos
643 1826 677 1869 er
700 1808 847 1887 theologis
870 1808 1008 1871 litteratis
1031 1817 1061 1869 et
1075 1808 1146 1869 olim
1162 1808 1355 1872 desiderasse

126 1919 157 1972 et
176 1928 257 1972 nunc
277 1910 447 1972 desiderare
474 1908 617 1984 diunius,
650 1909 764 1987 expleta
792 1920 877 1983 sunt,
909 1910 1044 1990 prolecto
1072 1910 1233 1971 verendum
1261 1909 1355 1975 nobis

125 2030 186 2073 nou
208 2019 270 2086 est,
303 2029 340 2072 ne
369 2011 492 2072 edentes
514 2008 727 2071 bibliothecam
747 2020 865 2090 patrum
887 2029 1062 2090 graecorum
1084 2010 1280 2090 dogmaticam
1302 2011 1354 2074 di-

126 2131 228 2176 camur
248 2122 312 2174 acta
334 2130 437 2191 agere,
466 2129 523 2190 qua
551 2109 588 2172 ob
615 2111 780 2173 temeritate
801 2111 918 2173 animus
941 2111 1090 2173 abhorret.
1136 2112 1232 2174 Simul
1251 2122 1355 2176 autem

126 2215 253 2276 strictim
275 2212 557 2285 demonstravimus,
587 2231 640 2274 cur
661 2213 750 2275 nobis
773 2230 834 2274 non
856 2214 1000 2293 probetur
1021 2213 1096 2274 ratio
1118 2212 1252 2275 Roesleri
1274 2213 1354 2276 nlic-

126 2333 251 2396 rumque
273 2316 403 2377 rirorum
426 2315 591 2388 doctorum,
614 2317 665 2394 qui
687 2322 824 2393 excerpto
845 2314 946 2393 potius
970 2333 1004 2376 ex
1026 2321 1141 2393 patrum
1163 2313 1247 2376 libris
1262 2334 1356 2394 quana

126 2416 240 2495 integra
263 2435 368 2478 eorum
389 2415 498 2495 scripta
521 2414 666 2477 studiosis
689 2416 858 2494 theologiae
880 2415 1038 2476 historicae
1061 2416 1254 2496 proponenda
1284 2435 1356 2480 esse

127 2526 325 2591 censuerunt,
358 2536 453 2596 neque
479 2527 617 2597 putemus
646 2517 727 2589 lore,
757 2516 807 2596 qui
835 2533 917 2578 nuuc
943 2515 1001 2578 tale
1029 2516 1098 2595 quid
1127 2534 1143 2577 a
1179 2516 1268 2579 nobis
1298 2537 1355 2581 ex-

127 2625 271 2699 spectent
314 2618 376 2680 Nec
397 2617 495 2680 tamen
518 2636 624 2679 novam
645 2616 771 2697 aliquam
800 2613 857 2678 nos
886 2617 1021 2696 proferre
1050 2626 1263 2696 syntagmatum
1296 2637 1356 2698 pa·
1391 2695 1393 2700 ἲ

126 2719 311 2783 tristioorum
333 2719 481 2800 speciem,
512 2737 588 2799 quae
608 2718 736 2781 dubitari
756 2717 855 2798 possit
875 2735 913 2779 an
939 2717 1060 2778 omnino
1084 2718 1123 2778 sit
1144 2718 1301 2780 commoda
1325 2730 1357 2780 et

127 2822 195 2884 usui
217 2822 426 2901 theologorum
447 2819 644 2891 couveniens,
678 2820 707 2881 id
730 2819 938 2882 collectionum
959 2816 1122 2890 eiusmodi,
1150 2837 1223 2898 quas
1245 2838 1356 2882 reeen-

129 2923 255 2995 suimus,
277 2923 408 3002 exempla
431 2922 549 2984 docent
592 2921 654 2982 Alia
674 2938 746 2981 vero
770 2928 817 2983 cst
838 2920 989 2999 quaestio,
1012 2937 1049 2980 an
1072 2928 1151 2980 recte
1178 2928 1357 2992 statuamus,

128 3022 241 3084 uostris
277 3021 461 3101 temporibus
499 3021 606 3082 edendi
643 3021 744 3100 operis
780 3020 967 3082 occasionem
1002 3019 1090 3081 uobis
1129 3038 1196 3081 esse
1239 3020 1357 3084 damm:

129 3124 167 3186 ds
189 3141 246 3203 que
267 3132 423 3202 antequam
446 3121 540 3183 dicam
563 3121 632 3201 quid
661 3121 803 3191 sentiam,
835 3136 960 3182 necesse
991 3130 1039 3182 est
1065 3121 1102 3181 de
1129 3120 1224 3199 ipsius
1241 3123 1357 3200 ¹operis

129 3224 267 3286 instituto
288 3223 333 3285 rel
355 3224 477 3285 materia
500 3232 530 3286 et
550 3224 645 3284 torma
668 3223 824 3285 disseram.
868 3221 992 3283 ldeuim
1009 3222 1176 3282 institutum
1199 3222 1285 3301 quale
1305 3224 1357 3297 sit,

130 3343 227 3404 neque
248 3324 402 3404 inscriptio
425 3325 464 3386 ita
487 3325 606 3397 indicat,
634 3333 667 3385 ut
688 3323 761 3385 nibil
783 3342 859 3402 opus
881 3321 922 3385 sit
940 3322 1064 3384 editoris
1079 3322 1281 3402 professione,
1300 3343 1358 3386 ne-

131 3444 189 3505 que
210 3426 353 3487 haetenus
375 3426 448 3488 satis
469 3427 500 3487 in
522 3427 577 3488 bac
597 3425 780 3504 praelatione
801 3423 977 3503 explicatum
999 3433 1061 3496 est,
1091 3425 1147 3485 etsi
1176 3423 1213 3484 ab
1235 3425 1300 3505 ipsa
1323 3445 1358 3489 re

130 3527 230 3588 exorsi
252 3545 368 3588 sumus.

215 3625 345 3689 Primum
369 3626 457 3705 igitur
479 3627 558 3706 quod
579 3627 699 3689 maximi
721 3616 768 3688 est
794 3624 939 3687 momenti
966 3642 1128 3703 exponam,
1157 3624 1264 3704 quibus
1292 3635 1358 3689 ter-

131 3726 220 3789 minis
242 3727 387 3801 collectio,
409 3747 496 3807 quam
518 3728 692 3807 simpliciter
717 3728 932 3791 Biblictleeosr
948 3737 1076 3808 potrum
1097 3744 1279 3806 grossorum
1302 3730 1360 3792 do-

131 3831 288 3908 practicam
303 3828 467 3889 inscribere
481 3828 554 3890 mibi
570 3829 689 3909 placuit,
712 3830 752 3889 sit
772 3827 994 3906 circumscripta
1016 3826 1062 3887 vel
1079 3844 1224 3906 quaenam
1238 3838 1359 3908 potrum

132 3947 305 4008 graecorum
334 3929 476 4008 opuscula
503 3929 667 4008 dogmatica
695 3948 731 3990 ex
759 3947 863 4008 magna
893 3947 969 4008 quse
997 3935 1091 3989 exstat
1118 3927 1307 3991 multitudiue
1329 3940 1361 3993 et

13 4088 16 4092 Δ
132 4029 272 4091 varietate
294 4029 423 4108 deligere
444 4030 625 4111 iunctimque
647 4029 735 4092 edere
756 4031 945 4110 propositum
968 4029 1018 4090 sit.
1063 4027 1127 4100 Qun
1156 4028 1193 4090 de
1221 4048 1254 4091 re
1281 4050 1357 4092 con-

133 4130 232 4193 silium
260 4149 358 4192 meum
387 4130 424 4192 ab
462 4130 547 4192 initio
583 4130 775 4211 praefationis
812 4131 851 4194 ita
883 4129 1003 4210 aperui,
1036 4136 1070 4190 ut
1097 4129 1127 4190 in
1155 4148 1241 4190 usum
1268 4131 1358 4194 tbeo-

132 4231 269 4312 logorum
301 4231 427 4293 maxims
448 4231 612 4294 desiderari
643 4233 879 4294 demonstrarem
911 4231 1055 4297 delectum
1088 4230 1360 4295 illustrissimorum

133 4342 250 4412 patrum
272 4351 454 4413 graecorum,
477 4333 528 4412 qui
549 4352 639 4413 quum
660 4332 832 4414 principalia
856 4342 886 4395 et
908 4331 1086 4395 universalia
1107 4331 1260 4410 religionis
1276 4334 1359 4396 chri-

135 4433 248 4498 stianae
268 4433 407 4515 dogmata
427 4435 465 4497 de
479 4434 611 4500 trinitate
625 4445 657 4498 et
669 4434 872 4498 intematione
894 4434 952 4497 dei·
964 4434 997 4495 iu
1017 4432 1232 4513 disceptatione
1254 4453 1359 4498 rusa-
