2948 5092
529 268 640 314 curro
657 269 688 312 n.
705 270 821 313 cunrnc
837 268 971 314 crunon.
992 235 995 241 ¹
1290 257 1355 320 345

118 444 183 488 csse
206 432 238 486 et
260 440 351 484 unam
374 421 497 483 stactis
525 420 633 493 rebus,
663 420 716 480 sed
745 427 838 480 artem
868 421 985 481 creandi
1008 430 1144 499 tanquam
1167 441 1184 482 a
1207 423 1349 502 magistro
1363 434 1442 482 eren

119 537 145 589 et
163 525 283 588 artifice
305 523 463 594 didicisse,
493 531 580 601 atque
601 522 641 582 ita
663 521 721 601 ipsi
743 522 820 594 Deo,
845 523 933 602 quem
957 524 1130 602 magistrum
1155 523 1271 596 habuit,
1295 523 1354 586 mi·

119 628 279 690 nistrasse.
339 625 420 686 llaec
452 623 531 684 enim
564 624 698 685 Asterius
732 623 893 703 sophista,
927 633 1030 703 utpote
1063 624 1214 686 Christum
1248 624 1355 687 docuu

119 748 238 808 negare,
262 746 353 789 ausus
376 735 424 787 est
446 725 588 798 scrihere,
612 725 735 786 minime
756 724 792 786 ad
817 744 851 784 ea
871 743 946 804 quae
962 725 1030 786 inde
1046 735 1213 805 sequnntur
1227 723 1356 788 absurda

121 829 290 892 attendens.
334 827 408 889 Nam
432 827 458 888 si
480 845 530 888 ars
553 826 672 888 creandi
694 835 794 905 potest
815 826 926 899 doceri,
949 826 1069 888 rideant
1090 845 1128 888 ne
1149 829 1247 906 ipsum
1266 829 1355 890 etiam

121 933 214 994 [lenm
244 949 308 991 non
336 938 441 992 natura
470 928 523 990 sed
552 937 615 989 arte
645 928 780 1008 opificem
811 947 881 989 esse
903 927 1018 1002 dicant,
1047 929 1088 989 ita
1109 937 1197 989 ntea
1219 929 1356 992 lamiltatc

121 1033 228 1114 privari
251 1032 362 1112 possit.
407 1029 535 1103 Deinde,
565 1030 592 1090 si
621 1029 673 1092 Dei
702 1029 853 1110 Sapientia
879 1029 1049 1095 ⁴facultatem
1071 1031 1191 1092 creandi
1214 1031 1355 1094 discendo
1437 1010 1442 1019 ⁵

121 1134 316 1215 compararit,
339 1133 490 1213 quomodo
514 1132 658 1211 sapientia
676 1132 816 1212 appellari
833 1142 940 1210 potest,
962 1150 1037 1210 qnae
1050 1132 1187 1194 doctrina
1202 1131 1356 1212 indigeat?
1426 1188 1431 1195 .

124 1237 200 1310 nutu
223 1254 298 1297 vero
322 1235 387 1314 ipsa
411 1242 471 1295 urat
495 1244 651 1312 antequam
674 1232 825 1295 disceret?
847 1232 908 1295 Nec
922 1232 1001 1294 enim
1018 1233 1164 1313 sapientia
1187 1244 1258 1304 erat,
1281 1251 1357 1312 quoe

123 1338 259 1400 doctrina
289 1354 366 1416 opus
394 1335 505 1396 habuit.
549 1336 650 1395 hinnis
679 1353 786 1415 nempe
816 1345 846 1396 ct
872 1354 961 1396 vacua
988 1352 1039 1397 res
1068 1334 1163 1414 aliqua
1192 1335 1261 1408 suit,
1295 1353 1358 1396 nnn

88 1478 92 1487 ·
125 1449 222 1501 autem
245 1437 453 1499 substantialis
477 1437 637 1515 sapientia,
669 1437 722 1498 sed
753 1437 916 1516 sapientiae
937 1455 1048 1498 nomen
1070 1437 1252 1517 proficiendo
1275 1437 1357 1499 ohtie

125 1541 203 1613 nuit,
227 1557 306 1618 quae
330 1538 440 1600 tamdiu
461 1540 559 1600 lutura
581 1547 627 1599 est
650 1539 812 1618 sapientia,
844 1539 982 1617 quamdin
1005 1539 1084 1617 qnod
1107 1538 1209 1607 didicit
1229 1555 1357 1600 conser-

125 1653 225 1703 vatura
256 1648 314 1701 est.
358 1640 431 1702 Nam
460 1641 541 1720 quod
564 1640 670 1719 aliquis
693 1659 755 1701 non
777 1645 881 1702 naturi
904 1641 955 1702 sed
979 1641 1077 1702 studio
1100 1647 1278 1702 consecutus
1300 1647 1357 1714 cst,

125 1742 149 1804 id
170 1741 337 1822 aliquando
358 1750 461 1821 potest
478 1741 642 1806 dediscere.
687 1742 767 1803 llaec
788 1752 886 1830 autern
909 1742 945 1804 de
967 1743 1021 1804 Dei
1044 1742 1140 1804 Verbo
1163 1743 1272 1816 dicere,
1294 1758 1357 1803 non

125 1847 260 1924 profecto
284 1843 522 1905 Christianorum
545 1845 598 1905 sed
620 1843 779 1905 Gentilium
804 1854 860 1905 est.

208 2048 264 2111 29.
308 2045 426 2106 Etenim
454 2047 480 2107 si
509 2045 631 2108 facultas
661 2046 779 2107 eruendi
802 2047 934 2107 doctrina
958 2046 1121 2126 comparari
1144 2055 1248 2124 queat,
1277 2041 1356 2107 inri-

127 2150 201 2212 diam
220 2148 268 2210 rel
286 2147 374 2209 etiam
392 2147 621 2209 imbecillitatem
637 2148 726 2210 stulte
741 2149 771 2208 in
786 2147 880 2208 Deum
896 2148 1048 2221 inducunt,
1072 2148 1210 2209 invidiam
1227 2147 1357 2226 quidem,

127 2253 191 2333 quia
215 2269 280 2312 uon
303 2249 412 2311 multos
434 2250 570 2311 docuerit
592 2250 711 2310 creandi
732 2259 837 2322 artem,
861 2258 893 2310 ut
914 2248 1161 2327 quemadmodum
1183 2249 1266 2311 multi
1281 2249 1358 2311 circo

127 2354 206 2416 illum
230 2361 305 2415 suut
324 2351 498 2430 Archangeli
520 2359 550 2413 et
563 2352 677 2430 Angeli,
701 2351 741 2413 ita
763 2361 792 2412 et
813 2351 897 2412 multi
919 2358 1021 2412 essent
1041 2362 1200 2424 creatores,
1223 2351 1359 2414 inrhecil·
1398 2354 1403 2364 “

127 2455 238 2518 litatem
262 2472 351 2527 vero,
376 2453 525 2532 quianon
550 2452 633 2513 solus
657 2471 707 2514 res
729 2453 861 2532 potuerit
882 2454 997 2526 lacere,
1021 2451 1075 2513 sed
1096 2453 1231 2513 adiutore
1253 2460 1283 2513 et
1305 2452 1360 2513 ad·

127 2558 267 2619 ministro
296 2574 373 2635 opus
402 2555 555 2628 hahuerit3
589 2572 765 2634 quamquam
794 2556 899 2616 tactam
926 2563 1062 2615 naturam
1085 2572 1101 2614 a
1123 2553 1189 2615 solo
1211 2554 1273 2614 Deo
1296 2554 1360 2617 fieri

129 2677 219 2739 posse
240 2667 400 2718 ostensum
422 2657 480 2717 iam
499 2666 556 2729 est,
578 2656 816 2736 quondoquidem
832 2656 934 2728 Filius,
958 2656 1008 2735 qui
1025 2664 1058 2716 ut
1072 2663 1177 2735 putant
1192 2663 1240 2715 est
1255 2657 1360 2728 lactus,

130 2781 142 2823 a
162 2760 230 2825 solo
247 2759 311 2820 Deo
334 2758 432 2838 potnit
454 2759 528 2820 lieri.
573 2759 680 2820 Verum
704 2758 781 2820 nulla
804 2776 838 2818 re
860 2767 939 2818 certe
957 2776 1033 2836 opus
1049 2756 1139 2817 habet
1153 2756 1250 2824 llens3
1272 2754 1360 2818 absit.
1415 2773 1420 2779 ’

130 2863 194 2946 lpse
217 2862 299 2925 euim
323 2861 409 2924 dixit:
444 2861 556 2923 Plenus
580 2880 655 2923 sum.
701 2861 762 2922 Nec
789 2861 858 2921 item
883 2859 1009 2920 Verhnm
1033 2857 1175 2919 discendo
1199 2859 1291 2919 lactus
1315 2864 1363 2917 est

132 2975 262 3039 creator,
291 2964 346 3025 sed
375 2983 441 3024 cum
470 2964 509 3023 sit
539 2964 635 3041 imago
659 2971 689 3023 et
711 2962 854 3041 sapientia
876 2961 991 3034 Patris,
1020 2979 1151 3039 eaquae
1175 2967 1244 3020 sunt
1266 2957 1449 3021 Patris-rant.

133 3070 226 3130 etheit.
274 3066 336 3127 Nec
358 3065 444 3127 etiam
468 3065 572 3126 Filium
595 3064 705 3125 crearit
726 3084 825 3126 rernm
849 3066 992 3124 laetarum
1016 3062 1235 3124 efficiendarum
1257 3076 1363 3135 causa3

132 3186 257 3249 namque
278 3168 413 3246 quamvis
433 3167 543 3229 existat
564 3167 673 3239 Filius,
696 3167 784 3227 Pater
806 3165 999 3227 nihilominus
1021 3165 1090 3244 agit,
1113 3171 1148 3224 ut
1169 3164 1234 3242 ipse
1257 3161 1360 3224 Domi·

134 3289 186 3332 nus
207 3270 258 3331 his
281 3269 381 3337 verbis
397 3269 499 3330 docet:
524 3269 618 3332 Pater
633 3288 824 3349 mensusque
839 3271 925 3331 modo
943 3278 1101 3347 operatur,
1126 3276 1155 3328 et
1169 3282 1220 3344 eqo
1237 3265 1362 3344 operum

135 3373 217 3444 Quod
242 3371 297 3444 si„
314 3379 348 3431 ut
369 3371 496 3449 putatis,
520 3370 630 3431 idcirco
653 3369 745 3431 Filius
767 3372 861 3432 sactus
885 3360 946 3441 est,
970 3377 1068 3439 ntea,
1091 3387 1165 3446 quae
1187 3365 1360 3445 pastillum

134 3475 271 3545 existunt,
295 3472 485 3551 produceret,
509 3482 539 3533 et
561 3473 625 3551 ipse
648 3481 746 3533 tamen
768 3473 856 3533 Pater
876 3480 947 3550 post
964 3470 1073 3532 editum
1089 3469 1195 3530 Filium
1211 3475 1384 3554 operatur,-

134 3592 314 3655 superracua
337 3593 407 3634 sane
431 3584 477 3634 est
500 3574 669 3635 huiusmodi
689 3572 753 3634 Filii
777 3574 956 3652 procreatio.
1000 3573 1157 3633 Praeterea
1174 3588 1227 3630 cur
1241 3585 1364 3646 quaeso,

135 3696 196 3738 cum
227 3695 286 3736 nos
315 3694 416 3736 creare
443 3675 545 3747 vellet,
582 3676 790 3736 intermedium
819 3675 944 3754 aliquem
973 3672 1121 3752 quaesivit
1147 3670 1365 3742 administrum,

136 3778 216 3858 qnasi
240 3777 355 3838 scilicet
376 3795 435 3837 nnn
459 3779 609 3838 sufficeret
631 3778 695 3838 eius
718 3777 854 3838 voluntas
877 3776 913 3837 ad
944 3794 977 3835 ea
1006 3772 1174 3845 efficienda,
1206 3789 1283 3856 quae
1303 3769 1366 3849 ipse

136 3876 286 3941 soluerit?
309 3877 440 3939 Clamant
461 3880 571 3959 quippe
588 3879 774 3958 Scripturas:
801 3879 910 3940 Omnia
931 3895 1133 3958 quoecumque
1160 3873 1259 3935 coluit
1279 3874 1362 3952 fecit,

137 4033 231 4082 canter.
258 4031 365 4081 Felrlrm.
386 4031 408 4080 l.
427 4041 450 4081 et
469 4033 491 4081 4.
510 4026 605 4079 πολλοὶ
624 4021 725 4097 ἇρχάγ-
812 4047 834 4092 g.
853 4032 952 4091 Segncr.
971 4025 1084 4094 γέγονεν
1101 4020 1166 4081 υἱός.

135 4097 204 4164 ydor
221 4093 269 4147 καὶ
287 4090 406 4162 ἄγγελοι.
441 4101 485 4149 dlii
506 4109 529 4149 nt
547 4100 619 4149 editio
632 4103 725 4149 Corum.
813 4100 836 4148 h.
855 4092 991 4146 cloriahcst
1002 4099 1031 4145 ab
1046 4097 1135 4155 initio.
1163 4095 1214 4142 ltux
1228 4093 1332 4142 lelchm.
1344 4090 1368 4141 4.

136 4163 226 4216 πολλοὶ
246 4159 367 4230 ἄγγελοι.
779 4175 802 4215 ot
820 4169 919 4226 sepnor.
939 4161 1028 4213 attur
1052 4157 1123 4230 ἡμᾶς
1146 4156 1244 4209 κτίσαι.
1283 4160 1327 4208 dlii
1345 4167 1370 4208 et

167 4253 186 4285 e.
206 4241 308 4297 Sequor.
335 4236 391 4295 ling.
417 4234 514 4284 Gohie'r.
535 4235 640 4283 Felrhrn.
662 4235 683 4283 l.
703 4233 727 4283 l.
780 4234 836 4283 editi
854 4229 944 4281 θέλων
961 4238 1053 4280 κτίσαι

136 4299 342 4369 οι5.γὶνισθαι.
373 4303 452 4352 Ceteri
472 4312 494 4351 et
513 4304 569 4351 editi
587 4297 726 4365 γενέσθαι.
814 4304 829 4351 i.
855 4304 954 4360 Seqrrrr.
982 4302 1036 4361 neg.
1064 4298 1161 4350 Gohlrr.
1181 4304 1204 4344 et
1221 4294 1326 4344 Felclm.
1346 4293 1368 4342 1.

136 4372 206 4421 Panlo
233 4381 291 4435 post
308 4375 409 4427 Sequor.
429 4371 526 4420 Gohler.
546 4379 569 4418 et
589 4369 727 4418 iniciunt.
780 4361 816 4416 ἂν
833 4360 915 4434 αὐτῷ.
952 4368 1099 4417 Editictrdii
1117 4358 1166 4413 ἐὰν
1184 4355 1265 4428 αὐτῷ.
1295 4362 1369 4410 Panlo

136 4431 214 4494 αὐτὸς
230 4434 289 4508 γὰρ
307 4426 372 4487 dns.
400 4439 444 4486 ath
460 4447 482 4488 et
495 4439 551 4486 cdni
563 4429 645 4490 αὐτὸς
662 4426 726 4487 εἷπε.
798 4447 835 4486 nst
855 4442 954 4500 sequen.
974 4429 1097 4493 lucique·
1115 4426 1161 4480 καὶ
1181 4430 1218 4496 τῷ
1235 4426 1290 4496 γὰρ
1309 4431 1371 4493 βου·

164 4511 181 4560 t.
199 4511 304 4572 Sequor.
323 4515 348 4558 et
364 4507 472 4556 deletu.
492 4498 667 4565 iduvum.
804 4498 887 4571 'para
916 4504 1128 4556 Gchler.l'elchm.
1143 4501 1163 4551 l.
1175 4500 1232 4550 etl.
1245 4491 1369 4559 ruitqu-
