2948 5092
406 266 515 310 orario
531 266 570 309 rr.
586 267 703 310 conrna
717 268 853 311 asianos.
937 305 941 312 .
1174 256 1238 319 623

101 440 126 482 ιε
147 418 252 481 eodem
286 417 377 478 modo
401 435 520 496 semper
542 423 597 478 est.
641 415 779 496 Alioquin
807 418 1011 497 imperfectum
1040 429 1069 480 et
1100 422 1324 483 mutabilerces.

102 521 261 582 rideretur.
308 517 340 578 Si
364 517 442 579 enim
465 517 544 595 quod
567 524 640 589 erat,
664 516 693 577 id
714 526 819 597 postea
843 518 908 591 erit,
931 520 1015 599 quasi
1038 541 1115 581 num
1134 541 1192 593 non
1209 522 1238 583 id

101 642 110 683 l
133 630 231 692 esset3
253 618 344 697 igitur
365 636 446 680 nuuc
466 636 527 678 non
550 617 697 696 estquod
720 627 784 679 erat
806 628 836 680 et
857 619 923 680 erit.
968 621 1041 682 llem
1060 622 1168 683 clarius
1184 642 1236 684 ex·

146 723 177 784 Si
207 720 320 782 iubeo
351 727 437 780 antea
464 726 529 779 erat
556 726 586 778 et
607 726 712 798 postea
732 737 839 781 rursus
862 721 936 793 erit,
969 717 1158 802 perspicuum
1181 733 1238 799 est,
1266 748 1271 755 ·

101 844 140 885 un
162 840 240 883 rrunc
261 821 291 881 in
313 820 375 882 lleo
397 836 459 881 nou
481 836 559 880 esse.
604 818 712 880 Verum
735 819 927 883 revincuntur
941 822 996 884 hac
1009 823 1127 884 Domini
1150 842 1237 887 voce:

101 931 126 987 'n
147 924 240 985 Patre
263 933 290 984 et
313 921 406 985 Pater
427 924 461 984 in
482 939 529 982 nae
550 929 607 982 eet.
651 920 702 981 Sic
724 920 804 981 enim
825 940 907 984 nnnc
920 932 990 1021 est,
1012 924 1056 985 uti
1078 925 1133 985 init
1155 944 1237 987 sem·
1250 982 1266 1009 ,

117 1026 150 1087 Si
171 1042 263 1103 porro
285 1042 364 1083 nunc
387 1029 434 1087 est
455 1020 499 1083 uti
520 1020 577 1083 luit
598 1039 736 1101 semper,
758 1039 818 1083 non
841 1023 932 1102 igitur
953 1024 1111 1104 aliquando
1133 1026 1237 1106 gigne-

119 1136 150 1189 ct
170 1123 328 1203 aliquando
351 1141 412 1184 nou
434 1122 625 1201 gignebatur,
658 1142 713 1184 nec
734 1111 803 1184 it'em
827 1124 985 1203 aliquando
1007 1127 1038 1187 in
1060 1128 1121 1190 Deo
1144 1128 1237 1190 silen-

107 1238 136 1290 et
159 1228 242 1307 quies
265 1226 327 1298 luit,
350 1224 506 1303 aliquando
530 1234 627 1285 aulem
652 1225 728 1286 idem
751 1225 868 1287 locutus
891 1234 953 1299 est3
976 1229 1028 1289 sed
1051 1248 1170 1310 semper
1191 1239 1239 1292 εει

121 1339 152 1392 ει
172 1327 265 1389 Filius
289 1328 353 1388 eius
376 1326 516 1400 Verbum,
540 1326 590 1404 qui
611 1326 705 1389 Filius
726 1345 788 1389 uon
814 1326 880 1388 solo
899 1329 1023 1391 nomino
1038 1324 1165 1393 Verbum
1182 1340 1238 1403 est,

101 1431 217 1494 lerbum
240 1428 419 1508 cogitatione
441 1436 487 1489 est
507 1427 615 1499 Filius,
648 1428 702 1489 sed
727 1426 809 1491 Patri
836 1429 1099 1492 consubstantialis
1128 1431 1237 1503 existit,

101 1534 137 1595 lle
158 1538 281 1611 propter
303 1548 359 1590 nos
383 1537 429 1590 est
451 1528 586 1607 genitus,
615 1529 667 1591 sed
697 1548 755 1592 nos
782 1515 907 1611 propter
928 1530 1102 1594 illum-lacti
1122 1552 1238 1595 sumus.

101 1635 171 1715 oqui
194 1633 220 1693 si
242 1639 365 1711 propter
386 1649 442 1692 nos
466 1631 583 1709 genitus
605 1641 666 1704 εει,
696 1638 726 1693 ει
745 1648 804 1709 nos
826 1639 912 1706 tunc,
946 1652 1012 1695 cum
1043 1643 1091 1696 est
1112 1635 1238 1713 genitus,

101 1748 238 1806 sumus,
263 1732 387 1811 eiusque
410 1742 478 1792 ortu
502 1733 681 1794 constitutae
704 1741 775 1796 sunt
793 1752 845 1797 res
860 1742 986 1806 creatae,
1009 1754 1044 1797 ac
1065 1736 1172 1798 deinde
1187 1755 1238 1797 re-

101 1835 192 1917 ;ipse
213 1842 246 1896 ut
267 1834 307 1894 sit
328 1835 407 1912 qnod
429 1834 512 1913 prins
537 1844 616 1908 erat,
645 1835 774 1914 primum
801 1835 872 1921 inde
894 1836 1038 1909 efficitur,
1068 1846 1101 1898 nt
1122 1838 1239 1917 genitus

102 1955 202 1999 snon
225 1943 392 2014 generetur.
436 1934 510 1995 Nam
533 1935 558 1996 si
582 1954 648 1997 enm
670 1934 834 2016 procedere
853 1936 952 2017 ipsum
968 1944 1017 1999 est
1039 1937 1129 2018 gigni,
1152 1939 1241 2018 igitur

104 2038 281 2111 revertitur,
316 2037 393 2117 gigni
423 2037 543 2098 desinit.
593 2037 757 2116 Postquam
784 2038 864 2101 euim
892 2040 931 2101 ad
951 2039 1046 2101 Deum
1073 2041 1239 2114 reverterit,

114 2159 219 2202 rursus
241 2139 347 2200 silebit.
391 2139 478 2217 Atqui
501 2138 525 2199 si
550 2138 659 2211 silebit,
683 2138 741 2201 erit
761 2140 841 2219 quod
863 2159 898 2201 eo
915 2139 1021 2202 silente
1037 2150 1110 2216 erat,
1133 2161 1241 2223 nempe

101 2274 115 2313 ,·
130 2260 191 2302 non
213 2248 311 2301 antem
333 2258 432 2301 rerum
455 2240 576 2312 creatio,
599 2258 675 2318 quae
696 2239 822 2320 proinde
843 2241 931 2302 linem
948 2241 1077 2303 habebit
1121 2242 1193 2303 llam
1209 2251 1243 2304 nt

104 2343 191 2403 deute
213 2339 312 2400 Verbo
334 2341 427 2401 laetae
449 2348 519 2401 sunt
541 2348 571 2400 ot
592 2333 754 2403 extiterunt
773 2360 824 2403 res
844 2349 976 2403 creatae:
1006 2341 1048 2402 ita
1068 2350 1242 2404 recurrente

101 2463 110 2502 a
138 2443 195 2503 iam
223 2461 283 2502 non
313 2441 439 2521 amplius
469 2442 597 2503 existent
625 2461 675 2503 res
703 2440 828 2504 creatae.
884 2442 962 2514 Quid
991 2443 1080 2521 igitur
1104 2462 1154 2505 eas
1176 2444 1241 2505 lieri

111 2524 176 2616 toit',
200 2544 224 2602 si
248 2561 317 2603 esse
339 2542 499 2604 desinent?
543 2542 594 2604 Vel
610 2561 701 2620 quaro
720 2542 838 2604 locutus
862 2551 908 2605 est
923 2544 1011 2615 bens,
1035 2551 1068 2604 nt
1084 2544 1242 2623 posthaec

103 2643 138 2707 t?
182 2645 241 2705 Cur
269 2663 339 2705 vero
368 2644 492 2722 protulit
519 2663 606 2722 quem
636 2644 743 2706 deinde
770 2643 913 2707 revocati
957 2644 1016 2705 Cirr
1048 2664 1115 2707 eum
1138 2646 1241 2725 gignit,

124 2745 346 2824 generationem
374 2747 464 2806 linem
495 2745 589 2806 voluit
610 2744 743 2807 heberei
788 2745 935 2808 Incertum
958 2754 1056 2808 autem
1079 2756 1140 2819 est,
1170 2747 1239 2826 quid

101 2867 118 2908 n
141 2847 207 2907 erit.
259 2847 311 2907 l'el
332 2846 411 2906 enim
434 2864 553 2924 semper
575 2846 716 2908 taciturus
739 2846 864 2919 estrei
885 2866 990 2909 rursus
1014 2855 1065 2908 est
1085 2848 1239 2927 geniturus
1247 2863 1324 2907 eoae.

101 2968 141 3027 ¹ue
170 2967 219 3008 res
249 2948 391 3009 creandas
422 2947 621 3026 cogitaturus3
654 2967 710 3009 nec
740 2950 819 3011 enim
849 2949 968 3010 easdem
997 2957 1046 3009 est
1069 2950 1239 3020 effecturus,

101 3070 122 3110 e
152 3068 226 3128 quas
249 3051 339 3110 lactas
362 3049 566 3129 permansisse
588 3049 681 3110 sotius
704 3048 827 3122 linisset,
858 3050 910 3110 sed
938 3049 1011 3110 alias
1041 3049 1240 3128 producturus

101 3169 164 3229 quas
187 3149 298 3210 delebit
321 3149 458 3209 simibter
480 3149 611 3228 aliasque
634 3149 743 3211 iterum
764 3149 915 3235 cogitabit,
939 3148 1027 3228 idque
1049 3149 1172 3211 induite.

101 3254 147 3315 13.
192 3251 282 3311 Forte
305 3259 403 3311 autem
425 3251 598 3312 huiusmodi
621 3251 723 3329 opinio
746 3270 783 3313 ex
803 3250 1096 3335 Stoicorum-seboin
1120 3269 1241 3311 emana-

101 3352 138 3432 qui
161 3370 267 3431 nempe
290 3352 381 3412 berun
404 3360 509 3431 putant
531 3352 665 3413 contrahi
687 3371 854 3432 rursusque
876 3370 942 3413 cum
964 3351 1056 3412 rebus
1073 3351 1178 3412 creatis
1194 3352 1241 3412 di·

119 3454 291 3532 insaniaeque
314 3453 479 3531 quiescere.
525 3453 614 3526 Quod
629 3454 708 3516 euim
722 3454 870 3526 dilatatur,
893 3461 1076 3515 contractum
1095 3453 1242 3523 dilatatur,

101 3556 149 3614 rod
178 3554 362 3627 extenditur,
396 3563 580 3616 contractum
610 3557 793 3628 extenditur,
824 3564 911 3633 atque
940 3555 1019 3615 idem
1044 3554 1163 3632 quidem
1187 3560 1243 3625 est,

107 3664 205 3717 antem
228 3656 304 3716 aliud
327 3665 444 3733 praeter
467 3657 653 3718 allectionem
676 3657 821 3735 quandam
843 3655 963 3736 patitur.
1008 3654 1110 3732 ltaque
1126 3654 1152 3714 si
1168 3638 1241 3714 [liii-

101 3824 129 3858 co
148 3803 202 3872 [Vd.
221 3809 289 3856 Tom.
302 3809 329 3855 ll.
349 3824 371 3870 p.
383 3809 424 3856 55.
443 3809 480 3856 ed.
500 3805 570 3869 lien]
656 3809 682 3858 ld
701 3816 738 3858 est
754 3809 864 3858 ldondcm
880 3823 932 3857 nero
945 3808 1067 3870 tripliciter
1085 3807 1177 3855 dicant:
1193 3807 1243 3867 pri-

101 3876 602 3937 tolrornmsonteutiamsicexplicatllio-
655 3893 692 3926 mo
711 3880 785 3940 ipsum
804 3877 888 3935 benni,
915 3877 1036 3924 uniuersae
1059 3875 1173 3922 essentiae
1188 3887 1244 3934 pro-

103 3945 212 3992 Laertius
231 3945 253 3991 in
273 3943 378 3999 Zenone,
396 3952 469 4005 prout
488 3943 545 4003 legit
564 3945 603 3991 ln·
654 3945 731 4008 priam
748 3947 883 4006 effectorem,
903 3943 1017 4005 quisnam
1031 3941 1184 4003 eorrtqilionis
1203 3954 1244 3986 rc·

105 4013 171 4074 psius
190 4011 356 4071 l'bpsiologiae
372 4012 508 4059 Stoicorum
523 4010 562 4059 lib.
573 4010 603 4058 ll.
653 4027 708 4075 pers
727 4018 761 4059 est
771 4012 925 4072 elingeuitnn
946 4010 1035 4057 ordinis
1050 4015 1071 4056 et
1084 4008 1245 4069 dispositionis

101 4079 177 4127 atl'l.
191 4073 302 4142 λέγουσι
319 4072 348 4125 δὲ
366 4071 472 4142 κόσμον
491 4075 603 4142 τριχῶς·
656 4094 733 4127 rernm
750 4080 838 4141 opifer,
857 4092 898 4140 per
917 4083 1124 4138 certostemporom
1135 4074 1245 4136 periodus

113 4159 144 4195 τε
163 4140 212 4192 τὸν
229 4140 297 4193 θεὸν
315 4140 366 4193 τὸν
383 4145 431 4204 τῆς
442 4135 605 4203 ductorem·
656 4147 787 4195 solomone
805 4148 830 4192 in
856 4147 955 4207 seipsum
973 4146 1095 4191 absumens
1113 4142 1244 4199 essentium,

101 4207 243 4269 δωποιὸν,
269 4204 299 4266 ὃς
325 4208 357 4271 di,
378 4207 527 4278 ἄφθαρτός
544 4205 626 4261 ἐστι’
659 4214 664 4225 ’
800 4226 830 4260 ec
846 4214 922 4274 seipso
936 4212 1039 4287 piqnena.
1074 4208 1161 4258 Saldae
1175 4207 1247 4255 babet

101 4277 230 4340 νίννηεος,
251 4275 419 4345 δημιουργὸς
434 4272 603 4339 ὢντῆςδια-
654 4278 676 4327 d
730 4270 805 4339 ,noi
822 4271 872 4325 τὸν
890 4269 997 4335 &neom
1014 4285 1059 4326 ete
1096 4274 1122 4323 ln
1140 4274 1245 4323 editione

101 4360 179 4404 σεως,
198 4345 269 4396 κατὰ
283 4345 397 4429 χριόνων
414 4343 495 4401 ποιὰς
512 4343 603 4412 περιό·
655 4346 754 4397 llemtoi
778 4347 894 4408 Stephani
919 4361 941 4394 a.
961 4343 1035 4393 1570.
1060 4340 1176 4393 mendose
1201 4341 1245 4389 lra-

101 4408 250 4466 ἰναλὶσκων
266 4431 412 4469 sacrantes
429 4411 480 4474 τὴν
492 4407 604 4463 ἅπασαν
655 4414 728 4464 betur
739 4407 791 4463 τὸν
807 4407 836 4462 ἐκ
854 4410 902 4472 τῆς
921 4405 1028 4470 ἁπάσης
1045 4401 1140 4461 ericius
1152 4400 1242 4484 nqedr,

101 4501 124 4543 v,
147 4479 196 4535 arai
217 4477 301 4534 πάλιν
326 4479 355 4541 ἐξ
372 4478 470 4533 ἑαυτοῦ
486 4482 600 4549 γεννῶν.
655 4483 692 4532 rel
711 4490 737 4533 ut
755 4483 779 4531 ia
797 4483 861 4532 uotis
879 4470 1110 4532 emendatorium
1125 4488 1216 4524 πεεεν.
