2948 5092
240 257 266 303 s.
282 258 438 303 emesae
452 258 677 304 esasmrtscom
693 260 809 304 conrse
824 258 1051 304 aracusiam.
1149 250 1152 259 '
1196 242 1255 308 861

32 414 112 480 Item
135 430 217 475 num.
237 414 286 475 12.
310 413 390 494 quod
417 412 451 473 de
471 416 683 493 quaternitate
706 411 833 492 leqitur,
863 432 951 494 qnam
972 433 991 474 o
1016 411 1176 474 Catholicis
1196 425 1344 492 pronora.

34 515 185 580 Ymmtate
214 515 319 575 induci
339 513 582 575 criminabantur
605 511 850 594 Apollinarium,
874 516 976 576 eadem
998 518 1147 576 sententia
1171 514 1262 575 hobe-

33 629 88 683 tur
103 618 200 697 Epist.
211 617 251 677 od
261 615 439 695 Epictetum.
482 614 527 675 IVe
541 614 646 686 multa,
669 618 699 676 si
719 619 768 676 cui
789 616 879 678 libeat
901 617 976 677 duos
1000 616 1149 679 aduersus
1166 614 1261 696 Apol-

32 720 181 784 linarium
204 717 300 779 libros
324 717 467 794 conferre
490 735 556 777 cum
577 717 647 779 aliis
663 716 822 779 Athanasii
836 718 978 798 operibus
994 722 1179 799 maximeque
1194 736 1261 779 cum
1282 710 1289 716 ’
1358 787 1363 793 ,

22 821 182 904 'Epistolis
205 820 253 880 od.
267 818 450 898 Epictetum,
474 819 514 878 ad
534 817 712 898 Adelphium
734 830 763 879 et
785 821 824 881 ad
847 819 1027 889 Maximum,
1051 830 1096 881 tot
1119 818 1170 880 ille
1194 818 1260 880 loca

33 922 237 1006 deprehendet
267 923 349 981 inter
379 938 411 980 se
439 919 565 999 affinia,
599 929 634 981 ut
661 921 697 993 pb
728 921 827 982 eodem
845 923 989 1002 prosecta
1011 924 1162 1001 scriptore
1183 919 1262 983 nihil

32 1025 175 1105 enbiqat.
220 1022 353 1083 Secundi
375 1020 449 1082 libri
468 1040 556 1102 quom
575 1025 672 1101 primi
690 1018 863 1106 γνησιότης
884 1028 984 1085 minus
1006 1027 1038 1084 in
1061 1025 1261 1102 suspicionem

34 1131 126 1197 oenit,
149 1124 203 1186 sed
224 1132 332 1185 neuter
355 1140 465 1183 revera
488 1124 605 1185 dubius.
674 1102 680 1117 ⁸

120 1225 172 1288 III.
218 1223 298 1286 Sane
316 1227 479 1304 permistis
498 1226 620 1306 pridem
641 1225 803 1288 Athanasii
822 1225 910 1289 libris
932 1245 986 1288 nec
1008 1245 1064 1288 suo
1087 1226 1152 1288 loco
1172 1231 1259 1306 posi-

34 1334 75 1395 tio
108 1326 266 1409 difficilius
299 1327 362 1405 suit
389 1345 549 1404 qermanos
578 1345 597 1388 a
626 1330 741 1408 spuriis
764 1331 981 1391 internoscere.
1027 1326 1092 1389 Iam
1113 1339 1187 1389 oero
1208 1327 1262 1389 ubi
1329 1319 1331 1322 ’

10 1448 230 1527 quaecunque
252 1427 440 1507 Apollinarii
451 1437 598 1509 spectant
620 1428 760 1490 haeresin
783 1441 999 1512 consequenter
1021 1427 1178 1500 locontur,
1201 1431 1260 1490 mi·
1309 1490 1319 1504 ‚

33 1530 123 1597 narie
157 1548 209 1593 res
238 1539 284 1591 est
310 1533 431 1608 neqotii.
478 1529 630 1609 Continqit
658 1534 738 1593 enim
759 1548 891 1611 semper,
928 1548 993 1592 uem
1015 1548 1095 1592 nova
1117 1532 1260 1592 emoritur

33 1633 180 1702 meets,
204 1647 285 1692 nova
306 1614 377 1693 item
399 1632 493 1692 oerba
513 1650 666 1712 nouasque
688 1637 852 1694 sententias
875 1637 957 1694 inter
979 1633 1178 1710 disceptantes
1199 1649 1258 1692 usu

31 1739 150 1799 uenire.
198 1732 303 1805 Quare
323 1731 370 1792 nil
390 1736 511 1805 mirum,
535 1735 563 1794 si
583 1736 615 1794 in
634 1738 799 1817 postremis
824 1734 902 1795 hisce
914 1744 1023 1795 contra
1035 1732 1260 1812 Apollinarium

33 1834 217 1901 tractatibus
241 1834 386 1914 quaedam
408 1834 573 1896 insolenter
592 1835 672 1896 dicto
693 1839 900 1916 reperiantur.
950 1834 1035 1907 Quae
1057 1845 1156 1895 tamen
1179 1833 1260 1895 houd

21 1918 77 2001 ¹ita
97 1935 197 1998 multo
219 1945 301 1996 sunt.
346 1935 385 1996 Iit
407 1940 437 1996 si
455 1939 542 1997 initio
562 1940 660 2016 premi
679 1947 789 1998 contra
811 1936 1036 2017 Apollinarium
1059 1935 1133 1997 libri
1152 1953 1260 1997 occur-

29 2047 110 2103 Μ
138 2035 305 2107 nonnulla,
335 2055 409 2118 quae
438 2037 599 2100 Athanasii
630 2040 768 2118 sortasse
797 2039 954 2101 dictionem
981 2042 1082 2100 minus
1111 2039 1259 2117 reserant,

28 2138 122 2219 nulla
154 2139 222 2201 hinc
255 2139 393 2213 νοθείας
422 2144 608 2201 coniectura.
651 2138 875 2202 Advertenduno
902 2143 982 2202 enim
1003 2141 1191 2201 adonicum
1213 2138 1261 2200 hic

10 2224 233 2322 ¹s'tesponderi,
262 2244 314 2320 qui
334 2259 406 2302 suas
430 2259 497 2301 cum
518 2239 749 2321 Apollinaristis
772 2243 992 2320 disputationes
1015 2240 1181 2302 Athanasio
1203 2257 1257 2301 re-

26 2353 214 2418 meran
243 2360 337 2422 quare
366 2341 538 2404 rescribens
561 2343 662 2404 eadem
683 2343 719 2404 de
741 2362 775 2404 re
795 2342 982 2405 Athanasius
1005 2360 1066 2404 non
1082 2360 1154 2404 suas
1168 2342 1258 2403 modo
1304 2364 1313 2373 ·

25 2445 149 2525 tibique
170 2441 358 2522 familiares,
389 2444 442 2505 sed
463 2445 554 2504 amici
573 2463 689 2525 quoque
711 2453 740 2505 et
762 2443 1058 2524 Apollinaristarum
1080 2461 1166 2505 voces
1188 2461 1259 2505 sen-

24 2548 203 2625 tentiasque
230 2553 380 2623 usurpat,
408 2546 488 2625 quod
515 2541 582 2623 sere
610 2545 647 2624 fit
674 2549 756 2607 inter
779 2547 979 2626 disputantes.
1023 2543 1060 2605 Id
1082 2554 1181 2606 autem
1204 2543 1259 2605 sub

22 2648 156 2710 mittum
183 2654 302 2719 tontum
331 2655 501 2724 comparet‚·
530 2651 563 2708 in
586 2647 835 2728 subsequentibus
859 2649 936 2708 enim
957 2662 1059 2716 nemo,
1090 2650 1140 2707 cui
1160 2645 1259 2723 stylus
1366 2650 1372 2656 '

23 2747 197 2813 Athanasii
215 2755 307 2808 notus
330 2749 380 2820 sit,
404 2763 466 2808 non
490 2747 659 2829 loquentem
680 2748 881 2811 Athanasium
903 2748 1054 2808 advertat.

117 2846 166 2909 tv.
213 2847 351 2910 Ceterum
365 2866 461 2928 quom
484 2854 569 2910 oarie
592 2853 674 2911 circa
691 2849 805 2913 Christi
820 2867 988 2930 personam
1009 2858 1152 2911 errorent
1166 2846 1261 2928 Apol-

25 2950 205 3021 linaristae,
228 2968 373 3031 quamque
392 2968 505 3029 porum
526 2951 586 3011 sibi
604 2961 710 3014 mutuo
735 2935 920 3021 constarent,
944 2950 1026 3012 haud
1047 2948 1140 3011 semel
1161 2949 1207 3010 his
1228 2953 1261 3011 in

23 3052 122 3117 libris
151 3060 278 3112 erearrat
306 3050 501 3115 Athanasius.
546 3051 608 3113 Alii
634 3057 713 3114 enim
745 3051 869 3114 Verbum
894 3051 1045 3132 putabant
1073 3050 1140 3113 sola
1165 3055 1261 3131 specie

22 3169 158 3219 cornert
179 3155 368 3239 assumsisse,
391 3152 448 3213 alii
469 3170 592 3215 carnem
607 3153 762 3217 caelestem
777 3164 806 3216 et
819 3156 987 3216 increatam
1001 3153 1114 3233 sibique
1130 3152 1260 3214 consub-

23 3253 210 3321 stantialem
235 3239 361 3315 Verbum
383 3255 528 3316 induisse.
574 3253 701 3316 Mentem
723 3273 796 3317 oero
820 3255 982 3317 umanum
1003 3264 1109 3333 utpote
1125 3257 1258 3334 peccatis

21 3354 181 3435 natisque
209 3356 440 3433 capitationibus
470 3357 631 3417 othomam
658 3374 678 3416 a
704 3355 797 3418 Verbo
825 3368 991 3419 assumtam
1017 3359 1138 3418 minime
1157 3357 1256 3435 tuisse
1363 3400 1366 3407 -

18 3456 226 3541 puqnabant;
273 3475 348 3537 quae
387 3458 449 3535 suit
485 3456 779 3536 Apollinaristarnrn
815 3459 973 3522 haereseos
1010 3461 1099 3540 quasi
1133 3467 1257 3520 tessera.

21 3556 244 3642 Apollinarius
268 3568 380 3628 tamen,
407 3557 511 3620 Vitalis
534 3570 563 3619 et
585 3560 688 3641 siqui
708 3560 764 3622 alii
786 3560 876 3623 huius
899 3571 995 3623 sectae
1018 3561 1168 3635 homines,
1193 3578 1259 3621 cum
1328 3552 1333 3562 ’

23 3678 97 3728 sese
127 3658 332 3722 acatholicis
361 3664 472 3739 urqeri
499 3672 672 3732 cernerent,
702 3680 824 3723 carnem
848 3662 965 3724 Christi
983 3672 1109 3724 nostrae
1130 3661 1257 3722 similem

23 3781 97 3828 esse
119 3774 209 3842 atque
232 3779 270 3822 eu
291 3759 393 3823 Maria
415 3773 580 3824 assumtam
600 3763 795 3842 fatebantur,
819 3766 877 3824 imo
900 3767 1031 3824 animam
1052 3778 1181 3843 qnoque,
1204 3762 1347 3824 sednon.

22 3872 151 3928 tantum
174 3865 359 3936 sensitivam,
385 3863 434 3923 vel
453 3873 488 3924 ut
510 3867 553 3926 ait
575 3862 685 3925 Snidas
708 3867 839 3925 animam
860 3863 981 3924 vitalem
1004 3867 1037 3924 in
1062 3862 1180 3926 Christo
1204 3863 1259 3924 ad-

23 3965 201 4029 mittebant.
246 3961 400 4025 Hactenus
429 3965 463 4025 de
486 3963 574 4025 libris
598 3975 705 4027 contro
728 3963 968 4044 Apollinarium,
998 3982 1072 4046 quos
1091 3968 1257 4045 postremis
1285 3978 1287 3983 ’

22 4067 195 4131 Athanasii
215 4069 294 4127 vitae
316 4071 407 4128 annis
431 4070 619 4147 conscriptos
639 4075 797 4146 putamus,
817 4084 898 4128 anno
923 4061 1137 4136 circiter372.,
1160 4076 1258 4145 atque,

22 4178 64 4234 nt
84 4176 180 4249 patet,
201 4178 273 4246 post
294 4167 461 4247 Epistolam
484 4168 524 4228 od
538 4166 714 4248 Epictetum,
738 4171 770 4229 in
793 4187 851 4250 qna
873 4186 996 4230 errores
1012 4168 1160 4228 eiusmodi
1172 4170 1262 4246 qnasi
1295 4155 1300 4159 ⁵

26 4271 179 4334 hactenus
212 4269 366 4330 inauditos
396 4278 529 4331 recenset
552 4270 747 4330 Athanasius.
792 4268 856 4332 Hoc
886 4271 919 4331 de
949 4287 983 4331 re
1010 4268 1112 4347 sosius
1142 4273 1173 4331 in
1195 4272 1258 4330 vita

23 4373 194 4437 Athanasii
216 4371 258 4450 [p.
274 4370 468 4434 LXXXVIII.
493 4371 549 4434 col.
568 4371 622 4447 2.].
707 4393 712 4403 ·

602 4550 611 4564 ἱ
