2948 5092
504 213 849 259 connumeratam
864 214 986 263 anea-r.
1233 260 1236 277 ¹
1294 204 1355 268 8η
1425 198 1428 209 ’

128 370 304 427 meretur
322 371 355 426 ct
374 381 495 426 carnem
515 363 628 443 peceati
650 363 819 444 inmunem
831 363 998 438 exhiberet,
1014 364 1110 446 'qaam
1125 384 1192 431 cnm
1208 344 1243 431 ex
1259 369 1440 450 primaeua.

126 467 310 529 ternadena
330 465 423 527 balam
443 466 555 545 peccati
579 472 730 546 expertem
750 465 920 540 habuisset,
944 485 980 528 ex
1001 469 1252 546 praevaricatione
1275 472 1354 535 ibaar

127 567 243 646 peccati
270 585 409 646 capacem
438 568 523 640 lecit,
556 586 591 629 ac
616 567 647 627 in
674 568 896 647 conamtimem
925 577 955 630 et
985 577 1110 631 mortem
1133 571 1273 651 delapsus
1294 583 1353 637 ast.
1406 618 1439 649 „

126 669 215 731 llanc
236 669 371 730 Christus
404 668 530 731 suacitm
561 672 666 730 natura
692 667 929 748 impeccabilem,
963 678 997 731 ιιι
1021 672 1163 734 ostendat
1190 683 1354 737 creatorem

126 788 193 833 non
212 789 285 833 esse
308 789 427 832 oausam
448 771 569 851 pemati,
594 770 680 832 etad
701 769 871 850 primariam
893 771 971 832 illam
993 774 1200 835 formationem
1215 777 1354 855 propriae

127 880 259 934 naturae
281 890 345 934 eam
368 873 509 945 restituit,
532 881 566 934 ut
585 871 652 951 ipse
666 878 749 934 meet
762 872 1015 953 impeccabilitatis
1027 874 1191 959 lapmimen.
1234 877 1356 940 Frustra

126 973 221 1053 igitur
243 974 362 1036 erronei
385 974 426 1035 illi
448 973 711 1036 comminiscuntur
730 981 818 1053 attpre
836 974 942 1036 elimat
961 994 999 1036 ex
1021 976 1102 1038 cado
1113 975 1223 1039 Christi
1246 995 1354 1059 eorpus

124 1092 211 1137 csse.
254 1074 342 1154 Atqui
371 1076 450 1154 quod
473 1075 565 1136 Adam
595 1091 631 1137 ex
653 1074 733 1145 caelo
753 1075 786 1137 in
809 1084 916 1138 terram
939 1077 1059 1151 detulit,
1088 1078 1158 1140 lton
1179 1078 1354 1143 christeae

125 1183 211 1236 terra
237 1174 268 1236 in
296 1176 410 1238 caelum
437 1177 555 1246 erexit,
584 1185 615 1238 et
632 1177 844 1256 quotidem,
867 1196 934 1239 cam
956 1179 1041 1259 prius
1064 1181 1174 1259 peccati
1197 1197 1303 1260 expers
1320 1191 1356 1245 et

122 1276 202 1339 nulli
224 1277 407 1338 damnationi
429 1277 576 1339 obnerius
591 1285 685 1352 esset,
702 1278 738 1340 ia
754 1279 976 1358 corruptionem
990 1289 1022 1342 et
1036 1281 1254 1344 damnationem
1270 1302 1353 1345 mor·

122 1377 170 1439 tis
187 1371 309 1451 deiecit,
332 1378 362 1440 id
385 1379 481 1458 ipsum
491 1377 631 1441 Christus
651 1379 879 1459 incorruptibile
900 1401 979 1455 asse,
1001 1381 1064 1443 imo
1083 1402 1102 1444 a
1119 1384 1353 1447 momeliberare

122 1479 277 1553 nstenalit3
296 1481 339 1541 ita
361 1488 595 1559 estpotestatem
614 1480 774 1557 babentia
793 1490 875 1543 terra
895 1489 1019 1560 paenas
1038 1457 1218 1559 dimitteridi,
1241 1505 1277 1548 er
1300 1504 1352 1548 aa·

122 1580 235 1660 palera
257 1581 514 1661 incorruptionem
538 1581 713 1656 exhibendi,
738 1582 771 1644 in
793 1602 920 1644 ascemu
938 1596 977 1644 cx
1000 1584 1117 1646 interno
1138 1595 1266 1658 mortem
1288 1586 1353 1649 sel·

126 1681 217 1743 saun
243 1692 274 1744 et
301 1684 552 1745 resurrectionem
581 1682 722 1746 omninno
745 1685 955 1747 annuntiandi.
999 1686 1076 1758 Ouia
1098 1685 1178 1748 Deus
1201 1687 1353 1749 bominem

121 1783 240 1846 croam
266 1783 298 1845 in
328 1783 596 1864 incorruptionem,
626 1795 656 1846 et
682 1785 840 1865 imaginem
869 1787 1053 1848 aeternitatis
1074 1806 1149 1849 suae
1171 1786 1251 1849 illum
1275 1789 1352 1851 lecit.
1378 1824 1382 1831 ·

125 1884 252 1948 Invitae
272 1895 372 1948 satem
394 1886 508 1949 diaboli
526 1905 613 1949 mora
635 1890 765 1949 r'atraoa't
781 1892 819 1949 aaa
840 1889 1001 1960 mandam
1022 1906 1110 1967 quern
1131 1889 1238 1951 mortis
1257 1889 1352 1969 impa-
1406 1872 1433 1949 ’,

125 1985 176 2046 rio
207 2004 386 2066 oppressum
408 1989 438 2048 ia
461 1987 683 2066 corruptionem
704 2000 770 2051 nort
789 1988 917 2067 neglexit
939 1989 1020 2068 ipae,
1044 1991 1138 2051 lactus
1157 1990 1269 2063 bomo,
1291 2007 1353 2054 aon

126 2107 234 2150 versus
268 2090 298 2151 in
330 2089 459 2151 hominia
492 2091 633 2163 formam,
667 2109 764 2170 neque
799 2090 968 2170 despiciens
996 2091 1128 2152 bominis
1154 2091 1352 2154 substantiata
1363 2113 1438 2158 esea

121 2190 215 2268 quaesi
242 2209 296 2270 per
324 2190 460 2252 umbram
491 2200 521 2252 et
543 2190 672 2270 speciem
695 2199 808 2255 tantum
832 2210 900 2252 sese
924 2191 1072 2262 ostendit,
1101 2191 1154 2252 sed
1173 2191 1227 2271 quii
1249 2201 1354 2254 natura

122 2290 209 2354 Deus
232 2301 278 2354 cst
298 2293 390 2354 bomo
413 2292 555 2365 nascitur,
578 2300 612 2354 ιιι
630 2293 707 2354 baec
723 2291 814 2356 ambo
836 2292 898 2353 sint
920 2310 1015 2364 unus,
1039 2292 1069 2353 in
1092 2293 1231 2354 omnibus
1253 2295 1353 2373 perle-

124 2401 211 2466 ctus,
240 2392 290 2472 qai
319 2393 484 2456 naturalem
512 2403 544 2455 et
566 2393 753 2456 verissimam
774 2393 956 2455 nativitatem
979 2393 1107 2455 exbibet.
1150 2394 1221 2466 ldae
1243 2395 1353 2457 ιιιοιιωι

123 2503 191 2556 est:
212 2495 252 2557 Bt
274 2496 353 2557 dedit
372 2495 424 2557 illi
443 2511 559 2566 nomem
583 2496 670 2576 quod·
683 2506 730 2558 est
745 2514 840 2577 nuper
863 2514 949 2558 omae
970 2514 1087 2568 nomeu,
1110 2503 1144 2556 ut
1163 2504 1300 2574 regnaret
1323 2495 1354 2559 ita

125 2595 218 2657 caelis
241 2605 271 2656 et
292 2604 471 2676 potestatem
492 2597 615 2658 baberet
635 2596 779 2659 retldeadi
799 2596 912 2658 iudicii.

213 2800 244 2864 b
286 2799 360 2860 Nam
383 2798 528 2871 Verbum,
556 2799 637 2881 quod
664 2798 763 2861 omnia
790 2799 916 2870 crearit,
946 2799 1025 2859 lilius
1047 2797 1178 2860 bominis
1199 2800 1351 2878 apparuit,

118 2917 190 2961 saon
212 2899 342 2974 alienam,
371 2901 424 2962 sed
448 2901 594 2963 secundm
616 2900 839 2973 lactrtsbdam,
861 2907 895 2962 ut
916 2917 952 2961 ex
974 2901 1039 2978 ipso
1063 2900 1183 2961 nomiae
1205 2918 1351 2980 agrroaca·

118 3001 383 3063 musteritatem.
427 3002 586 3081 ipsumque
605 3002 741 3082 priorem
757 3020 826 3064 esse
837 3001 1058 3081 Protoplastum
1069 3001 1232 3080 Apostolus
1247 3011 1351 3064 osten-

125 3101 182 3176 dit,
204 3101 253 3164 ubi
275 3103 404 3183 primum
426 3103 552 3165 animale
575 3112 730 3177 memorat,
753 3104 861 3164 debinc
881 3102 1045 3181 spirituale.
1084 3102 1157 3163 Cant
1171 3110 1268 3165 eutem
1284 3103 1352 3165 ani·
1452 3149 1457 3157 ,

124 3204 204 3266 nala
226 3213 257 3266 et
278 3205 432 3286 spirituale
453 3205 542 3279 dicit,
564 3223 625 3266 uon
646 3205 771 3268 alterum
794 3214 824 3266 at
845 3205 969 3266 alterum
993 3221 1102 3282 corpas
1126 3203 1275 3277 ostendit,
1298 3203 1351 3267 sed

123 3305 207 3368 idem
229 3307 328 3386 ipsum
350 3324 475 3386 cerpus,
504 3309 638 3386 primum
656 3307 775 3386 quidam
799 3307 829 3368 in
851 3305 983 3385 potentia
1006 3316 1037 3366 et
1058 3313 1163 3367 natura
1183 3307 1299 3368 animae
1321 3314 1353 3368 ct

122 3416 286 3487 propterea
308 3409 450 3480 animala,
474 3407 606 3471 secunde
629 3418 728 3470 autem
748 3408 781 3470 in
802 3409 936 3488 potentia
958 3415 988 3469 et
1009 3414 1113 3469 natura
1135 3398 1281 3488 Spiritus,
1304 3408 1352 3470 itl-

126 3510 208 3570 eirco
232 3509 395 3588 spirituale.
440 3511 570 3590 Spiritus
601 3512 681 3573 enim
703 3519 750 3573 ast
770 3510 851 3576 Deua
874 3509 1013 3570 Verbum.
1057 3509 1099 3571 lta
1121 3510 1199 3571 eninr
1222 3520 1252 3571 et
1273 3508 1353 3588 quud

124 3611 165 3673 de
188 3611 276 3672 nobis
298 3612 406 3674 dicitur
426 3613 649 3692 intelligendum
672 3621 730 3687 ast,
753 3631 820 3675 cum
840 3613 883 3674 ait
903 3611 1072 3692 Scriptura:
1102 3610 1281 3691 spiritualis
1303 3615 1353 3672 iaa-

127 3714 209 3775 dimt
238 3717 355 3787 omnio,
384 3714 525 3776 mnam
559 3726 659 3778 eatam
680 3713 751 3780 'aas
775 3718 907 3795 percipit
935 3731 985 3786 aa,
1015 3731 1089 3793 qaae
1111 3722 1184 3773 aaut
1206 3711 1351 3790 Spiritus.

127 3901 208 3948 manni
229 3879 389 3963 timeatque
414 3901 438 3948 in
464 3900 517 3948 alais
543 3910 567 3950 et
593 3902 617 3949 ia
635 3901 714 3951 aditis.
766 3902 789 3950 in
808 3902 908 3962 Segner.
926 3899 1139 3948 etlettaGraeeo
1157 3897 1226 3947 deest
1244 3888 1257 3944 d
1277 3891 1349 3953 θεός,

127 3967 193 4017 lnlra
211 3969 310 4028 Segnea.
329 3959 358 4014 ἔκ
376 3981 404 4015 τε
423 3960 521 4032 τάφου.
764 3977 789 4017 et
807 3969 842 4017 sie
861 3969 917 4029 legit
935 3967 1049 4016 Naeuius.

161 4037 184 4083 d.
204 4036 303 4097 Seguer.
321 4034 420 4085 Gobler.
439 4035 713 4096 tetelmtmtngtie.
800 4038 816 4085 l.
842 4037 867 4084 ln
886 4034 956 4085 editis
975 4035 1043 4083 deest
1060 4026 1155 4097 λόγος,
1181 4032 1224 4081 aad
1250 4032 1351 4081 babetur

125 4095 171 4151 lut
188 4093 346 4168 ἀφθαρσίᾳ.
381 4103 442 4152 Editi
467 4118 522 4153 vero
540 4094 584 4151 lat
602 4093 714 4220 ἆφθαῖ-
765 4107 789 4154 ia
808 4103 906 4164 Seguer.
926 4102 1024 4153 Gobler.
1042 4109 1066 4151 et
1084 4101 1189 4150 Felclm.
1201 4099 1225 4149 l.

127 4165 197 4221 σίαν.
234 4172 294 4221 lbid.
311 4172 402 4232 anglic.
422 4173 520 4223 Gobler.
538 4180 562 4220 et
576 4171 680 4221 Folclrm.
798 4187 820 4233 g.
840 4171 865 4221 ln
883 4171 988 4220 belcam.
1010 4169 1030 4217 l.
1050 4167 1148 4218 anler.
1166 4176 1190 4218 et
1207 4168 1305 4230 Segusa.
1323 4157 1353 4216 lv

125 4232 172 4287 καὶ
189 4231 283 4294 εἰκόνι,
304 4240 374 4288 male.
765 4239 841 4296 deest,
860 4240 903 4288 sed
923 4237 993 4294 male,
1013 4236 1127 4286 stridere
1145 4244 1183 4285 est
1195 4236 1218 4284 in
1230 4243 1348 4300 sequentt.

160 4322 181 4355 e.
201 4310 242 4358 Sic
259 4309 399 4368 Segnerian.
418 4307 515 4358 Gobler.
535 4315 558 4356 et
575 4306 672 4355 retctm
692 4305 713 4355 l.
800 4308 823 4355 b,
843 4306 868 4356 ln
888 4307 987 4361 Searrer.
1007 4304 1075 4353 deest
1094 4298 1135 4354 rai.
1172 4303 1353 4366 bloredititpu-

127 4375 187 4425 Editi
216 4391 271 4426 uero
296 4371 404 4439 γένεσιν
427 4377 517 4424 omisso
536 4375 603 4423 artie.
640 4372 713 4423 Paulo
760 4368 840 4439 χικὸς
857 4368 887 4422 δὲ
905 4364 1068 4436 ἄνθρωπος,
1094 4372 1136 4421 aad
1162 4361 1312 4437 ἄνθρωπος
1328 4371 1353 4421 in

125 4452 182 4507 post
200 4445 224 4494 in
243 4445 314 4493 editis
334 4434 408 4508 αὐτῷ
426 4434 440 4490 d
459 4436 523 4496 θεὸς
541 4430 637 4508 ὄνομα.
664 4441 713 4492 Sed
765 4445 864 4505 Seguer.
884 4439 1170 4493 coalescentium.
1189 4455 1239 4491 non
1257 4441 1351 4504 legiter.
