2948 5092
444 290 578 337 -oaamo
593 290 613 334 n
630 277 746 335 eonrria
759 288 895 336 munos.
1226 245 1291 343 aar

70 443 181 524 largitor
206 441 300 505 bomo
327 440 427 503 nostri
454 441 560 504 similis
588 443 628 504 sit
658 443 791 505 effeetus.
836 441 972 504 Ceterum
995 443 1059 522 ipse
1081 443 1215 505 Salvator
1237 458 1376 507 sento.

68 546 158 626 ipsum
178 543 356 617 humiliavit,
378 562 446 606 cum
464 552 601 607 nostnrm
622 543 734 625 humile
757 562 866 623 corpus
887 545 999 624 aceepit
1012 537 1149 625 servique
1164 546 1290 609 formam

68 647 171 719 holuit,
200 664 268 709 eum
297 663 436 720 earnem,
466 664 541 726 quae
567 655 689 726 peceato
716 645 881 725 mancipata
909 654 986 717 erat,
1015 646 1167 708 assumsit.
1212 646 1290 708 Nihil

66 746 258 828 autem'ipse,
279 766 340 828 quo
362 747 468 809 melior
488 746 584 822 fleret,
606 767 622 809 a
644 747 734 809 nobis
756 747 869 820 habuit,
891 747 1036 826 siquidem
1051 749 1129 810 nulla
1152 767 1185 809 re
1208 749 1289 810 indi-

65 859 116 929 qet,
138 848 196 911 sed
216 847 339 929 plenum
361 856 392 910 et
410 848 576 927 perfeetum
597 856 646 911 est
665 848 717 911 Dei
735 848 874 910 Verbum.
909 848 1017 910 Verum
1040 869 1095 910 nos
1118 850 1166 912 ille
1187 850 1288 929 potius

64 951 155 1014 effecit
174 949 331 1013 meliores.
374 949 448 1012 Naro
476 950 543 1030 ipse
564 950 613 1012 lux
637 959 714 1024 est‚·
734 969 809 1031 quae
831 949 975 1012 illuminat
998 970 1115 1013 omnem
1137 953 1288 1014 bominem

62 1053 227 1115 uenientem
248 1051 282 1112 in
303 1050 456 1121 mundum.
498 1049 621 1112 Frustra
640 1069 733 1131 porro
755 1051 855 1113 Ariani
877 1052 1085 1113 ooniunctione
1106 1055 1219 1115 t‘doireo
1238 1052 1289 1114 ni·
1297 1066 1375 1113 etta.

61 1164 173 1229 turtur,
194 1152 246 1215 ubi
268 1152 410 1229 nimirum
432 1152 472 1214 eit
493 1152 619 1214 Paulus:
642 1153 761 1217 ideireo
784 1164 813 1216 et
826 1153 908 1215 Deus
931 1153 1079 1215 enoltouit
1100 1153 1199 1215 illum.
1227 1153 1291 1216 Neo

61 1255 136 1317 euim
157 1254 245 1317 hisee
266 1253 368 1315 verbis
389 1253 554 1334 praemium
575 1254 692 1317 virtutis
714 1254 760 1316 vel
780 1253 994 1317 incrementum
1010 1255 1042 1316 in
1065 1255 1170 1317 melius
1193 1255 1289 1334 signi·

61 1357 172 1433 boarit,
199 1356 256 1419 sed
282 1356 381 1417 nostri
409 1374 497 1418 eausa
525 1356 630 1418 laetam
661 1355 879 1418 exaltationem.
923 1357 1001 1429 Quid
1023 1376 1094 1418 vero
1117 1356 1186 1418 illud
1209 1357 1288 1418 aliud

60 1467 121 1529 est,
151 1476 242 1538 qnam
265 1475 349 1530 eum,
377 1456 480 1536 quiin
502 1458 597 1519 torma
619 1456 673 1519 uei
695 1466 775 1531 erat,
803 1458 1041 1539 nobilissimique
1063 1459 1159 1521 Patris
1181 1458 1288 1519 Filium

60 1560 193 1639 seipsum
214 1557 401 1632 humiliasse,
423 1566 453 1619 et
473 1559 572 1621 nostri
593 1559 657 1621 vioe
678 1578 713 1621 ao
727 1569 851 1639 propter
865 1579 922 1620 nos
938 1579 1057 1622 serrum
1074 1578 1140 1622 esse
1154 1557 1288 1621 laetum?

58 1661 121 1723 lissi
143 1661 227 1724 enim
248 1659 394 1722 Dominus
416 1659 507 1721 homo
528 1660 638 1722 luisset
658 1661 769 1733 laetus,
795 1679 945 1740 nunqnam
968 1651 1025 1722 n'os
1047 1682 1064 1723 a
1085 1662 1214 1742 peccatis
1236 1680 1289 1723 re·

59 1762 130 1825 dimi
151 1762 200 1825 rel
221 1781 238 1823 a
260 1761 387 1823 mortuis
410 1761 530 1844 excitari
551 1763 771 1842 potuissemus,
801 1763 854 1824 sed
883 1764 992 1825 mortui
1021 1763 1077 1825 sub
1106 1773 1214 1825 terram
1236 1782 1289 1825 re-

57 1862 289 1937 mansissemus,
312 1882 409 1943 neque
428 1882 556 1943 unquam
572 1864 603 1924 in
625 1863 724 1925 caelos
746 1863 908 1926 fuissemus
931 1865 1033 1938 evecti,
1057 1865 1109 1927 sed
1132 1866 1162 1926 in
1185 1864 1292 1927 inieris

58 1965 265 2029 iaenissemus.
308 1963 554 2046 ltaquepropter
575 1984 632 2027 nos
655 1974 686 2027 et
705 1984 761 2045 pro
782 1965 871 2027 nobis
892 1966 963 2028 illud
984 1966 1094 2028 dictum
1118 1979 1178 2029 est:
1201 1966 1291 2031 euol-

57 2071 137 2130 tooit
158 2076 191 2128 et
212 2054 348 2129 domoit.
414 2072 422 2082 ”

142 2273 198 2333 44.
242 2268 328 2330 lluno
350 2287 405 2347 ego
421 2286 544 2330 sensum
560 2268 648 2330 huius
664 2268 722 2331 loci
738 2288 817 2342 esse,
843 2270 1028 2352 eundemque
1049 2272 1176 2334 maxime
1192 2272 1290 2335 ecole-

56 2370 211 2434 siasticnm
234 2368 374 2432 arbitror.
416 2369 482 2431 atto
505 2379 604 2431 tamen
625 2357 716 2431 modo
740 2371 793 2432 sed
815 2372 878 2450 pari
899 2368 1044 2436 sententia
1060 2375 1139 2436 idem
1161 2375 1201 2435 ita
1223 2375 1293 2436 lieet

56 2472 265 2552 interpretari,
288 2481 322 2532 ut
343 2488 449 2550 nempe
472 2471 532 2533 illis
554 2471 653 2533 verbis
675 2491 735 2534 non
758 2473 919 2547 indicetur,
943 2475 1071 2538 Verbum
1095 2477 1191 2555 ipsum
1215 2495 1290 2554 qua-

55 2585 146 2637 tenus
168 2581 216 2635 est
237 2573 365 2634 Verbum
388 2572 524 2645 exaltari3
546 2592 626 2646 nam,
648 2581 679 2635 ut
701 2574 789 2652 paulo
811 2583 879 2636 ante
902 2583 948 2636 est
969 2575 1089 2649 dictum,
1112 2575 1290 2636 altissimum

56 2676 216 2755 simileque
244 2674 341 2737 Patris
364 2683 420 2736 est
464 2675 572 2736 Verum
601 2675 772 2738 huiusmodi
802 2676 880 2737 dioto
909 2677 1089 2738 resurreetio
1118 2696 1133 2737 a
1162 2675 1291 2737 mortuis

56 2777 243 2858 signilioetur
263 2785 387 2857 propter
414 2777 574 2838 humanam
602 2777 639 2838 eb
668 2797 705 2839 eo
727 2787 890 2840 assumtam
918 2786 1063 2840 naturam.
1106 2779 1182 2840 lliuo
1203 2786 1291 2857 post·

56 2898 146 2961 quam
168 2879 259 2940 dixit:
289 2879 458 2941 humiliavit
480 2884 670 2959 semtipsum
691 2899 784 2960 usque
805 2881 846 2941 od
865 2891 1010 2953 mortem,
1043 2880 1141 2942 statim
1163 2879 1292 2941 addidit:

55 2984 172 3044 ideirco
195 2980 361 3054 enoltooit,
396 2980 504 3059 quihus
526 2981 628 3059 utique
649 2980 748 3043 verbis
770 2981 830 3042 vult
854 2979 1028 3055 ostendere,
1052 3001 1134 3056 eum,
1158 2981 1293 3062 quamvis

57 3090 204 3162 quatenus
228 3080 320 3142 bomo
343 3078 390 3142 est
411 3074 547 3142 mortuus
570 3101 639 3144 esse
662 3081 784 3155 dicitur,
812 3089 842 3142 at
864 3090 1010 3160 quatenns
1035 3090 1082 3144 est
1104 3083 1162 3144 rita
1185 3102 1291 3145 resur·

56 3184 191 3245 rectione
212 3181 370 3244 exaltatum
392 3182 503 3256 tuisse;
525 3201 593 3244 nam
616 3186 669 3264 qui
685 3185 847 3254 deseendit,
869 3187 934 3264 ipse
955 3194 1000 3246 eet
1023 3197 1052 3248 et
1073 3189 1126 3265 qui
1146 3185 1291 3247 aseendit.

56 3284 212 3364 Siquidem
235 3302 362 3362 eorpore
384 3284 553 3358 descendit,
582 3285 747 3346 resurrexit
767 3303 855 3358 vero,
883 3284 951 3363 quia
980 3286 1045 3364 ipse
1068 3285 1147 3346 Deus
1176 3294 1238 3346 erat
1260 3285 1293 3346 io
1320 3345 1334 3367 ·.

56 3403 200 3466 sorpore3
222 3385 354 3464 haecque
376 3404 480 3447 rursus
503 3404 592 3447 eausa
613 3395 671 3465 est,
695 3404 748 3448 eur
763 3405 799 3447 eo
816 3404 908 3448 sensu
923 3387 1162 3449 coniunctionem
1177 3389 1292 3449 idcireo

57 3486 240 3558 adhibuerit,
271 3505 345 3566 quae
374 3505 429 3548 neo
450 3487 569 3548 uirtutis
591 3506 648 3549 neo
670 3488 844 3549 incrementi
868 3488 991 3549 alieuius
1020 3488 1187 3550 mercedem
1210 3486 1292 3548 indi-

57 3597 152 3662 caret,
182 3588 238 3650 sed
261 3607 380 3650 oausam
403 3588 580 3662 declararet,
608 3598 733 3670 propter
761 3609 849 3669 quam
870 3591 944 3651 lacta
967 3599 1015 3651 est
1035 3589 1232 3661 resurreetio,
1262 3595 1295 3650 et

57 3709 146 3768 quare
176 3689 228 3751 alii
256 3689 374 3769 quidem
401 3689 539 3751 homines
567 3690 604 3752 ab
626 3691 718 3753 Adam
746 3692 783 3752 ad
813 3692 871 3752 hoo
897 3710 993 3770 usque
1025 3699 1142 3771 tempus
1164 3697 1292 3750 mortem

58 3792 186 3854 obierint
209 3790 378 3871 mortuique
399 3792 578 3867 manserint,
607 3792 691 3854 solus
719 3812 790 3855 vero
819 3792 868 3853 ille
896 3793 1010 3871 integer
1032 3812 1068 3853 ex
1090 3791 1216 3852 mortuis
1239 3808 1290 3850 re·

58 3892 233 3956 surrexerit.
278 3892 359 3956 llaec
379 3903 478 3956 autem
500 3914 588 3957 oausa
610 3895 658 3959 illa
681 3905 742 3970 est,
773 3913 861 3974 qnam
889 3894 956 3974 ipse
983 3894 1067 3974 prius
1095 3912 1152 3954 nos
1181 3890 1292 3962 docuit,

56 4055 81 4095 at
97 4055 122 4098 et
139 4047 252 4098 Nunnius
271 4046 339 4109 legit
371 4048 416 4097 ttti
434 4048 649 4099 eteditioComm.
701 4047 774 4098 basil.
784 4043 882 4128 κατέβν
901 4060 941 4095 σω
965 4044 1072 4103 moade,
1092 4037 1190 4104 ἀνέστη
1209 4034 1278 4091 dt‘
1258 4055 1295 4093 ort·

56 4107 180 4163 πάθ’
166 4107 507 4193 ομοιῶσειπατρόςυῖόν.
701 4108 779 4172 θεός
801 4129 844 4162 on
863 4129 877 4162 ο
896 4116 967 4168 dee.
1014 4117 1058 4164 dlii
1086 4130 1141 4164 vero
1170 4122 1192 4161 et
1220 4111 1293 4158 editio

87 4198 108 4231 e
125 4180 221 4249 μικρῷ
244 4175 370 4248 πρόσθεν
392 4183 460 4232 abest
479 4201 492 4234 a
511 4184 608 4234 Gobler.
627 4192 651 4234 et
702 4185 820 4233 commet.
839 4175 937 4243 ἀνίστη
957 4174 1021 4232 dt⁰
1006 4197 1050 4231 οτι
1067 4176 1138 4234 θεός
1174 4172 1229 4243 γάρ
1248 4192 1292 4225 au-

57 4248 160 4300 Felekm.
172 4254 195 4301 l.
231 4251 294 4300 lbid.
312 4251 412 4313 Sequor.
431 4259 454 4301 et
464 4251 520 4314 Reg
533 4242 651 4313 ὕψιστος
702 4258 748 4300 tem
775 4251 814 4300 alii
835 4267 919 4301 ornnes
938 4260 961 4301 et
980 4266 1039 4301 mss.
1059 4260 1081 4301 et
1099 4249 1155 4299 editi
1173 4254 1229 4310 post
1246 4256 1295 4291 tto-

58 4329 150 4396 ομοιος
168 4309 209 4367 ὢν
227 4317 276 4382 τῷ.
312 4319 410 4368 Gobler.
428 4320 484 4369 item
504 4327 528 4369 et
544 4320 650 4369 telchin.
701 4314 763 4382 τίβη
783 4319 879 4368 bahent.

59 4385 80 4460 2.
97 4377 137 4433 air
155 4388 256 4436 addant
291 4386 355 4436 Editi
373 4387 462 4451 aliique
479 4377 651 4449 νψιστοςκαὶ
736 4403 758 4447 g
777 4389 878 4449 Sequer.
902 4381 947 4434 καὶ
969 4379 1000 4435 ἓν
1010 4384 1050 4464 τῆ
1065 4381 1178 4464 διανοίᾳ
1196 4375 1291 4449 ταύτῃ.
1343 4352 1347 4363 ¹
1394 4386 1397 4392 ’

58 4465 151 4516 ΨΜ
167 4468 208 4520 W
226 4453 322 4521 naam.
701 4455 767 4506 tuem
786 4456 859 4519 paulo
877 4463 934 4520 post
952 4444 1023 4503 dt'‘'
1006 4469 1040 4513 ην
1058 4444 1216 4504 ἀνάστασις.

85 4522 303 4575 Lfelekmanb.
325 4511 407 4573 ω’
389 4513 521 4581 sumtis·
553 4522 646 4575 lhidem
735 4523 759 4572 b.
777 4525 878 4586 Sequor.
894 4517 943 4570 set
959 4523 1055 4573 omittit.
