2948 5092
460 250 569 297 omrro
585 251 606 294 1.
623 245 740 295 conum
753 250 888 297 manos.
1219 240 1278 303 191

50 404 169 485 genitus
189 401 405 489 convenienter
426 401 544 482 etipse
565 401 686 465 alterius
707 402 741 464 iit
760 412 855 481 pater,
880 417 945 464 eam
968 402 999 464 in
1021 403 1122 485 seipso
1145 405 1367 468 virtutemnon.

50 514 173 589 epatre
193 503 321 580 habeas,
343 523 381 567 ex
402 522 459 584 qna
480 502 597 582 etipse
618 505 712 567 factus
735 512 792 566 est
835 503 912 566 Hinc
933 505 963 566 ia
986 505 1045 567 illis
1066 524 1128 568 aon
1146 504 1192 570 est
1205 526 1280 587 pro-

52 609 114 689 prie
135 614 223 689 pater
243 606 291 669 rel
311 605 437 688 proprie
458 604 548 677 finus,
570 623 627 668 nec
648 604 763 668 stabilis
786 605 833 668 vcl
854 614 995 669 constans
1016 616 1063 669 est
1076 609 1169 690 patris
1186 617 1215 670 et
1229 609 1282 671 tilii
1397 662 1401 673 .

53 709 193 773 conditioss
237 708 322 771 idem
349 707 459 789 qrrippe
487 714 517 768 et
537 706 615 770 filius
637 714 669 769 et
688 716 774 787 pater
794 708 842 781 iit,
871 708 949 770 iilius
979 709 1099 789 inquam
1127 711 1282 790 genitoris,

53 821 133 893 pater
154 818 256 875 antem
277 809 360 885 eius,
388 809 438 890 qui
466 827 502 873 ex
530 809 596 889 ipso
619 808 758 889 gignitur.
801 810 911 872 Verum
933 810 962 871 iu
985 810 1138 874 divinitate
1159 830 1221 874 non
1242 813 1283 875 ita
1349 816 1355 833 '

55 932 86 975 se
105 932 156 977 res
179 912 281 975 habet.
323 909 386 974 Nec
398 910 477 972 euim
491 909 647 973 homiuum
669 910 776 973 similis
800 919 846 973 est
859 910 950 985 Deus,
973 930 1028 973 nec
1042 913 1130 975 Pater
1144 933 1180 976 cr
1194 923 1280 995 patre

55 1024 108 1089 est,
128 1013 211 1079 unde
231 1032 289 1078 nec
308 1021 424 1094 patrem
446 1010 613 1092 geniturum
635 1011 744 1093 gignit,
766 1030 822 1074 nec
842 1012 1003 1103 Fiiiusest
1025 1033 1060 1075 er
1082 1016 1199 1078 effluvio
1221 1017 1281 1079 Pa·

56 1118 122 1191 tris,
143 1135 202 1180 uec
223 1136 261 1179 ex
282 1115 384 1197 genito
405 1115 494 1177 Patro
514 1114 632 1194 genitus
654 1123 717 1191 est,
740 1115 868 1196 ideoque
889 1133 946 1177 nec
966 1116 1096 1195 gignitur
1117 1126 1151 1180 ut
1171 1119 1280 1199 gignat

57 1219 126 1281 iiiuc
147 1219 180 1281 in
201 1219 268 1282 sola
288 1217 446 1280 liirinitate
467 1217 555 1293 Pater
575 1217 698 1298 proprie
720 1225 805 1298 pater
826 1226 872 1279 est
894 1225 925 1279 ct
938 1217 1030 1280 Filius
1048 1220 1169 1300 proprie
1191 1222 1280 1297 filius,

57 1328 138 1399 amne
159 1320 191 1382 in
212 1320 262 1383 bis
284 1319 358 1382 solis
379 1326 522 1381 constans
546 1318 688 1398 firmaque
710 1327 758 1381 est
778 1319 872 1399 patris
894 1327 925 1381 et
945 1319 997 1381 iiiii
1019 1321 1161 1395 conditio,
1186 1323 1226 1385 ita
1248 1331 1283 1386 ut

58 1420 139 1483 Pater
159 1421 200 1484 sit
221 1439 342 1501 semper
362 1430 447 1501 pater
468 1427 498 1482 et
517 1419 611 1483 Filius
633 1439 753 1501 semper
774 1421 861 1483 filius.

135 1932 188 1995 22
235 1928 293 2001 Qui
316 1928 406 2008 igitur
427 1927 562 2007 inquirit,
591 1946 643 1990 cur
669 1927 763 1989 Filius
790 1928 843 1989 tilii
871 1928 946 1991 alius
974 1929 1113 2009 gignendi
1139 1929 1198 2011 vim
1219 1923 1282 1993 uor‘r

60 2030 167 2106 habeat,
189 2030 270 2093 idem
291 2030 431 2110 inquirat,
453 2048 505 2092 cur
525 2030 614 2093 Pater
634 2048 696 2092 non
718 2029 855 2091 habuerit
874 2039 999 2110 patrem.
1031 2031 1138 2094 Verum
1162 2041 1280 2096 utrum·

59 2114 110 2211 qne
129 2132 351 2215 perabsurdmn
373 2142 419 2195 est
439 2132 648 2213 impietateqne
670 2131 750 2194 omni
772 2132 902 2212 plenum.
936 2133 973 2195 Ut
995 2133 1075 2196 enim
1089 2135 1177 2197 Pater
1198 2154 1281 2198 scm-

58 2254 107 2314 per
130 2243 180 2298 est
204 2241 292 2316 pater
318 2252 376 2297 nec
403 2253 530 2314 unquam
560 2234 639 2297 tilius
666 2242 767 2314 potest
794 2253 879 2308 esse,
911 2233 949 2296 ita
971 2234 1063 2298 Filius
1095 2256 1214 2316 semper
1235 2246 1282 2300 est

58 2336 129 2399 tilius
150 2355 361 2418 necunquam
382 2346 467 2417 pater
488 2356 557 2399 esse
578 2344 694 2416 potest,
716 2355 775 2415 quo
791 2336 893 2416 utique
913 2337 1003 2399 modo
1026 2338 1152 2400 maxime
1175 2346 1280 2400 osten-

58 2438 129 2503 ditur
149 2439 247 2519 tigura
274 2447 305 2501 et
330 2438 427 2518 imago
449 2439 546 2500 Patris
576 2456 659 2513 esse,
687 2437 835 2500 manendo
858 2437 938 2518 quod
960 2446 1008 2500 est
1029 2439 1281 2517 mutationemque
1333 2494 1336 2499 .

57 2541 160 2602 nullam
184 2536 362 2614 subeundo,'
375 2540 429 2602 scd
450 2547 599 2629 acceptam
621 2559 636 2602 a
651 2540 739 2602 Patre
754 2540 899 2602 servando
915 2539 1189 2602 immutabilitatem.
1218 2540 1279 2602 lta-

58 2661 108 2724 que
135 2642 163 2705 si
186 2641 277 2705 Pater
305 2650 450 2717 mutatur,
484 2643 549 2704 eius
578 2660 697 2723 quoque
724 2641 821 2720 imago
849 2650 989 2704 mutetur.
1033 2641 1083 2703 Sic
1109 2643 1189 2703 euim
1211 2660 1281 2720 erga

58 2746 220 2822 genitorem
243 2763 278 2807 se
299 2743 390 2806 habet
411 2745 474 2806 cius
496 2752 526 2806 et
547 2744 644 2824 imago
667 2752 698 2806 et
719 2743 870 2822 splendor.
912 2744 951 2804 At
973 2744 999 2804 si
1021 2743 1213 2806 immutabilis
1236 2750 1283 2805 est

58 2845 137 2909 Pater
159 2854 192 2909 et
213 2846 256 2920 io,
278 2846 358 2926 quod
380 2847 447 2927 ipse
469 2854 525 2921 est,
547 2852 691 2926 perpetuo
714 2856 823 2919 manet,
845 2844 886 2906 ita
908 2863 1030 2907 necesse
1053 2853 1100 2907 cst
1121 2845 1188 2907 eius
1203 2845 1281 2906 ima·

58 2948 150 3026 giuem
173 2948 215 3023 id,
238 2948 319 3028 quod
340 2947 405 3028 ipsa
428 2957 485 3021 est,
506 2947 643 3010 similiter
663 2966 840 3030 permanere
860 2965 917 3008 uec
938 2936 1056 3008 mutari.
1087 2946 1174 3027 Atqui
1188 2947 1282 3009 Filius
1392 2984 1417 2995 ·-

59 3060 159 3113 estex
180 3049 287 3123 Patre3
308 3068 370 3111 non
392 3049 482 3130 igitur
503 3049 582 3112 alind
604 3050 654 3111 fiet
674 3068 762 3129 qnam
784 3049 864 3128 quod
885 3056 933 3111 est
946 3048 1043 3111 Patris
1065 3056 1187 3110 naturae
1206 3066 1281 3128 pro·

58 3152 161 3230 prium
205 3151 310 3231 itaque
330 3153 439 3215 trustra
461 3161 491 3214 et
512 3151 592 3214 istud
614 3151 696 3213 stulti
714 3150 872 3213 commenti
888 3158 968 3226 sunt,
991 3151 1148 3231 imaginem
1162 3170 1179 3213 a
1194 3151 1282 3213 Patre

61 3253 205 3333 capientes
227 3253 410 3327 abstrahere,
433 3261 466 3317 ut
479 3252 588 3315 Filium
608 3253 700 3316 rebus
722 3253 807 3316 iactis
821 3271 925 3334 parem
941 3255 1081 3316 iacerent.
1117 3252 1195 3315 Hinc
1209 3270 1365 3333 ergonm.

62 3354 154 3417 turni
173 3354 257 3417 iilum
278 3355 310 3416 in
331 3372 432 3416 rernm
453 3355 597 3417 factarum
619 3374 744 3418 numero
772 3374 807 3416 er
829 3355 952 3418 Eusebii
974 3355 1106 3417 doctrina
1129 3374 1281 3436 reponen-

64 3462 113 3529 tes,
133 3455 282 3535 utcmque
296 3474 366 3518 esse
380 3456 689 3537 arbitrantes-qualia
710 3476 786 3537 quae
809 3457 845 3519 ab
867 3463 933 3539 ipso
955 3466 1025 3521 suut
1039 3458 1124 3532 iacta,
1146 3459 1283 3538 procula

66 3559 181 3620 veritate
199 3557 384 3632 discessere,
407 3559 617 3639 fallacibusque
638 3559 696 3622 sibi
719 3560 896 3640 comparatis
918 3560 1041 3634 voculis,
1065 3579 1132 3621 cum
1153 3560 1283 3640 primum

67 3654 165 3723 hancce
184 3661 348 3723 formarent
369 3661 533 3734 haeresim,
566 3661 756 3725 circumcirca
777 3662 1006 3735 concursabant,
1040 3661 1101 3723 imo
1119 3646 1217 3723 'etiam
1246 3659 1284 3722 ad

71 3867 206 3951 ἇμφότερα
221 3874 293 3948 μετὰ
308 3874 398 3942 πάσης
411 3875 576 3946 interficiar·
595 3876 643 3938 ὥς·
695 3876 710 3964 ᾗ
736 3875 817 3933 εἰκών
840 3875 932 3932 ὅέστι
948 3878 1080 3951 διαμένει
1118 3884 1180 3934 Editi
1200 3891 1224 3933 et
1241 3882 1282 3933 aiii

71 3956 112 4013 περ
129 3942 185 4018 γὰρ
202 3941 219 3999 ὅ
237 3942 329 4018 πατέρ
354 3959 400 4001 etc.
441 3951 486 4001 Hic
515 3958 593 4002 rotem
618 3955 642 4002 iu
695 3944 810 4012 ηεὶκών
833 3943 871 4005 cir
894 3943 954 4000 ἐστὶ
971 3947 1102 4019 διαμένει.
1141 3952 1283 4004 sterteret

71 4018 166 4079 ungine
181 4018 282 4069 cotors
298 4018 366 4081 Regii
389 4019 448 4068 hacc
465 4026 573 4070 exstant:
600 4009 644 4069 ὅτι
693 4021 800 4071 Felckm.
821 4019 843 4071 l.
860 4015 944 4085 μένει.

70 4076 107 4130 rat
124 4078 196 4135 mi
213 4078 247 4137 τὸ
255 4078 303 4166 μὴ
319 4083 421 4150 γεννᾶν
439 4077 453 4134 ὅ
471 4079 539 4143 υἱός,
538 4101 643 4222 m
728 4103 751 4152 g.
770 4089 911 4167 §eguerim
925 4088 1024 4141 Gobier.
1044 4097 1070 4166 ct
1086 4087 1190 4138 Feiekm.
1212 4088 1234 4136 l.
1252 4079 1282 4136 ἐκ

69 4146 644 4289 ῧὲπῖιιώῖοδτῗίᾶῗῖῗαξιωᾳιαιωυῖ
693 4168 845 4275 wiffam.
863 4230 888 4274 et
899 4223 1003 4275 nereum.
1015 4224 1038 4274 5.
1056 4222 1203 4287 γεννητοῖς.
1216 4222 1284 4298 ,tior

69 4300 106 4337 tor
120 4290 206 4353 styrie,
224 4292 302 4355 uere
319 4297 342 4342 et
358 4292 434 4354 irrogo
451 4292 527 4343 Patria
543 4294 644 4344 marimo
694 4293 795 4354 chuer.
805 4291 913 4373 ‚notter
930 4299 956 4342 et
972 4291 1078 4342 Feicim.
1091 4292 1113 4342 i.
1131 4285 1161 4341 ἰν
1177 4297 1283 4342 touton·

69 4358 192 4410 emmer.
571 4396 577 4407 ,
693 4359 764 4424 γοῦν
781 4360 881 4413 αυτοῖς.

93 4424 108 4472 t.
130 4425 170 4477 Sic
186 4426 290 4491 Seguer.
308 4426 343 4475 iic
360 4463 367 4476 .
386 4426 483 4479 Gobier.
502 4427 607 4481 Feieicm.
620 4429 643 4479 l.
729 4431 745 4479 i.
769 4429 841 4480 florii.
867 4419 999 4496 συμφυρνῖ

67 4492 121 4543 es.
152 4492 217 4547 turn
239 4502 323 4547 roten
357 4507 436 4550 recor·
472 4495 527 4549 Ιοι
543 4496 645 4561 saror.
696 4490 951 4565 συμφρονήσαντες.

1001 4391 1104 4482 onnes.
1139 4396 1245 4480 Feickm
1258 4425 1283 4479 o.
