2948 5092
350 260 354 268 ·
458 264 603 307 neronom
617 264 637 306 1.
653 265 689 306 an
706 264 901 310 ssmrronsn.
1221 253 1282 317 683

63 421 212 481 daeorum
239 423 270 479 in
298 421 500 497 captiuitatem
521 420 553 477 in
575 418 690 478 oa'sione
710 419 742 478 in
765 416 883 498 Spiritu
906 417 972 479 Dei.
1017 418 1054 478 Et
1074 420 1151 499 apud
1173 421 1365 482 [lanio-eun

61 521 136 581 lem:
171 521 335 581 Susu'taou
357 519 439 581 Deus
462 517 611 599 Spiritum
630 529 767 581 sanctum
786 524 880 600 pueri
899 505 1044 591 iunioris,
1069 526 1153 583 cuius
1176 540 1284 584 nomen

61 622 192 695 Dam'el;
216 635 244 683 et
266 622 445 682 acclamavit
467 639 538 682 uoce
559 637 678 698 mapna:
702 620 833 682 Mundus
855 640 905 699 epo
929 641 995 682 aum
1017 640 1036 682 a
1057 627 1202 701 aanpuine
1226 623 1284 685 hu·

61 729 122 787 tua.
167 723 312 784 Michaeas
342 723 411 783 item
440 722 523 783 dicit:
556 721 669 783 Domus
698 720 786 783 Iacob
813 726 951 784 irritavit
977 722 1124 802 Spiritum
1151 725 1281 787 Domini.

62 826 101 887 Et
122 843 176 905 per
196 824 308 885 loelem
329 824 408 885 [leus
430 823 514 884 dicit:
543 822 581 883 tu
602 826 661 886 erit
679 835 749 903 post
772 842 822 895 ea,
846 826 998 905 effundam
1021 826 1056 886 de
1078 824 1196 906 Spiritu
1217 845 1282 889 meo

62 945 159 1006 super
188 945 303 988 omnem
331 945 460 988 carnem.
511 925 567 985 Per
594 925 760 986 Zachariam
794 925 930 987 similiter
965 926 1003 986 ita
1030 926 1161 1004 loquitur
1187 929 1282 989 Deus:

65 1029 276 1090 Verumtamen
306 1028 398 1090 oerha
424 1047 489 1088 meo
518 1037 546 1089 et
573 1027 703 1106 lepitimo
729 1046 793 1088 mea
821 1033 976 1108 suscipite,
1010 1046 1208 1110 quaecumque
1231 1048 1282 1110 epo

57 1134 217 1212 praecipio
239 1135 272 1190 iu
295 1128 412 1209 Spiritu
433 1147 497 1190 meo
521 1133 615 1191 seruis
640 1133 713 1190 meis
735 1127 905 1208 Prophetis.
950 1128 1113 1190 Comitem
1136 1129 1282 1209 Propheta

59 1231 207 1313 populum
228 1231 409 1309 increparet,
432 1230 519 1309 paulo
540 1239 610 1309 post
631 1231 686 1291 ait:
716 1231 753 1291 Et
777 1250 828 1293 cor
851 1251 939 1292 suum
962 1230 1145 1292 obstinatum
1168 1236 1282 1292 conati-

61 1345 200 1405 tuerunt,
223 1352 261 1394 ne
283 1334 424 1395 audirent
447 1333 534 1410 tepem
556 1351 650 1394 meam
672 1345 700 1394 et
722 1334 821 1404 aerio,
849 1351 924 1414 quae
945 1337 1026 1396 mitit
1047 1333 1194 1395 Dominae
1218 1351 1282 1394 om-

59 1440 204 1516 nipotetu
232 1440 264 1496 in
293 1434 410 1515 Spiritu
438 1453 493 1495 auo
518 1453 576 1514 per
601 1452 724 1496 manum
750 1432 973 1514 Prophetarum
996 1439 1148 1514 priorum.
1204 1435 1284 1497 llaec

59 1556 156 1616 pauca
179 1555 214 1597 ex
235 1548 335 1597 vetere
357 1536 545 1597 Testamenta
567 1535 746 1616 collegimus.
838 1555 841 1558 ’

149 1947 179 2007 6.
223 1943 283 2003 lam
306 1961 360 2002 vos
384 1941 535 2021 Evangelia
558 1950 587 2003 et
608 1960 683 2021 quac
704 1941 837 2021 Apostoli
859 1942 1118 2022 conscripserunt,
1142 1944 1168 2005 si
1189 1944 1365 2018 lubentius.

59 2044 225 2118 consulite,
255 2054 340 2123 atque
363 2044 421 2104 illic
442 2045 528 2105 etiam
550 2045 677 2105 audituri
699 2045 787 2118 estis,
817 2064 883 2106 cum
911 2046 1036 2125 plurima
1061 2047 1102 2106 sit
1123 2046 1281 2124 spirituum

57 2147 241 2218 differentia,
276 2146 427 2225 speciatim
455 2154 552 2205 tamen
574 2146 715 2224 Spiritum
739 2154 872 2207 sanctum
900 2165 960 2207 non
989 2146 1162 2225 simpliciter
1183 2148 1279 2226 Spiri-

57 2260 134 2319 tum,
159 2248 212 2308 scal
235 2267 301 2308 cum
322 2257 485 2308 memorata
508 2247 705 2308 additamento
729 2248 884 2308 nominari.
928 2249 1028 2328 ltaque
1046 2267 1112 2310 cum
1128 2249 1281 2322 Dominus,

58 2360 92 2412 nt
115 2349 297 2429 supradixi,
320 2334 489 2410 humanitus
511 2349 715 2427 baptizaretur,
737 2352 860 2438 propter
882 2359 1043 2410 assumtam
1065 2368 1183 2410 carnem
1205 2352 1280 2411 dici-

46 2448 109 2512 tur
131 2470 220 2528 super
242 2469 308 2511 eum
332 2450 520 2512 descendisse
543 2450 670 2529 Spiritus
694 2460 824 2524 sanctus,
848 2469 936 2530 quem
950 2450 1015 2528 ipsc
1038 2470 1104 2511 cum
1126 2451 1280 2531 discipulis

58 2552 145 2614 daret
166 2551 295 2641 dicebat:
328 2555 457 2632 decapite
479 2552 628 2631 Spiritum
650 2565 795 2614 sanctum.
839 2552 899 2613 Eos
922 2552 992 2612 item
1014 2552 1152 2613 docebat:
1181 2551 1281 2614 Poro-

59 2653 166 2725 clitus,
189 2654 325 2735 Spiritus
347 2666 486 2726 canctus,
511 2673 593 2734 quem
614 2657 710 2717 mittet
731 2653 824 2718 Pater
846 2658 877 2715 iu
899 2657 1018 2715 nomine
1039 2672 1123 2729 meo,
1151 2655 1202 2716 ille
1226 2675 1280 2718 oos

58 2757 176 2818 docebit
198 2761 307 2818 omnia.
354 2755 591 2835 Etpastpauca
615 2756 777 2818 decadem
807 2755 939 2817 subiicit:
972 2755 1044 2816 Cum
1075 2762 1193 2818 venerit
1221 2757 1301 2819 Pa·-

57 2857 203 2930 raclitus,
236 2878 320 2938 quem
343 2876 392 2936 epo
415 2863 532 2919 mittam
554 2859 637 2920 vobis
659 2877 678 2919 a
700 2858 806 2928 Patre,
835 2857 984 2938 Spiritum
1006 2862 1157 2929 veritatis,
1189 2864 1241 2940 pai
1261 2877 1280 2920 a

57 2959 152 3022 Patre
174 2960 323 3039 procedit,
354 2958 404 3020 ille
432 2964 633 3022 testimonium
657 2961 826 3038 perhr'lehit
848 2960 882 3018 de
904 2976 959 3017 me.
1003 2957 1040 3018 tu
1061 2959 1182 3020 iterum:
1213 2960 1281 3022 Nou

57 3066 138 3123 enim
160 3079 213 3122 uos
236 3064 318 3132 estis,
343 3065 395 3141 qui
416 3062 578 3141 loquimini,
601 3063 653 3122 sed
675 3061 810 3142 Spiritus
827 3059 928 3120 Patris
946 3063 1050 3129 uestri,
1073 3065 1126 3139 qui
1146 3062 1282 3143 loquitur

56 3167 90 3224 in
113 3162 207 3223 aoht's.
252 3162 287 3222 tt
308 3163 396 3241 pa'ula
418 3170 502 3242 post:
533 3162 568 3224 Si
587 3176 686 3227 auton
708 3182 758 3243 epo
782 3167 814 3222 iu
836 3161 957 3240 Spiritu
978 3160 1036 3222 llei
1056 3164 1138 3224 eiicio
1162 3165 1282 3227 doemo-

56 3271 125 3335 nia,
153 3268 248 3344 ipitur
267 3269 409 3344 peruenit
430 3270 462 3325 in
484 3283 537 3325 oos
560 3284 690 3344 reanum
707 3265 772 3326 Dei.
817 3263 989 3325 Universam
1011 3262 1080 3367 item
1103 3264 1281 3344 theologiam

54 3480 126 3553 ματί
142 3499 196 3550 γοα
215 3486 303 3534 hahent
321 3486 412 3546 lirul
432 3486 530 3545 chuer.
548 3487 643 3536 Gahler
729 3488 744 3534 l.
765 3488 804 3535 Sic
824 3486 879 3547 [leg
903 3487 922 3535 l
942 3495 965 3536 et
983 3489 1085 3548 Seguer.
1120 3486 1165 3535 alti
1184 3494 1206 3536 et
1225 3488 1282 3537 aditi

55 3555 163 3604 Felclam
184 3554 205 3601 l.
229 3563 252 3602 et
271 3556 375 3604 Graecus
393 3555 480 3630 Script
500 3564 584 3608 textus
604 3556 643 3602 alii
694 3546 783 3615 ἔλεγεν
801 3555 918 3604 omittunt
955 3557 1045 3605 lhidem
1065 3570 1108 3619 pra
1126 3546 1183 3631 μετ’
1203 3546 1282 3619 ὀλίγα

55 3634 78 3671 et
98 3622 156 3671 editi
175 3623 294 3671 omittant.
330 3621 389 3669 lhid
409 3612 453 3669 ὅτε
472 3631 494 3669 et
514 3637 567 3670 max
584 3636 634 3685 μετ
695 3623 792 3671 Gohler.
811 3623 968 3671 ctFelelam.l
1000 3616 1193 3672 haheutrariiw.
1221 3625 1280 3672 ltum

55 3682 137 3753 ὀλίγα
156 3690 265 3738 desunt
261 3705 284 3738 m
304 3690 399 3738 Gohler.
421 3697 443 3737 et
463 3689 566 3738 Felclam
588 3691 608 3738 l.
695 3690 753 3738 haee
770 3682 875 3737 verha⁰
860 3705 927 3737 οταν
945 3683 1009 3757 ἔλθῃ
1021 3700 1064 3740 ete
1077 3692 1190 3754 usquead
1204 3684 1280 3756 παρὰ

90 3808 112 3840 c
132 3791 171 3838 Sic
190 3791 245 3850 lleg
266 3790 285 3838 l.
306 3790 366 3838 et2
386 3792 484 3850 Seguer
505 3791 642 3840 Gohleriau.
694 3755 742 3812 ‘⁰¹3
760 3770 865 3821 ''mm‘'
891 3760 978 3808 h³b⁰¹¹¹
997 3762 1053 3821 ¹³⁰⁸·
1073 3760 1092 3807 ¹·
1113 3761 1211 3818 5⁰8¹¹⁰¹
1231 3763 1280 3807 ⁰⁰·

54 3859 163 3909 Felclam.
184 3859 205 3906 1.
225 3860 330 3907 Graccus
349 3860 434 3919 Seupt.
454 3865 537 3906 leatus.
565 3858 643 3908 Ceteri
693 3825 745 3940 ἵξῃ
748 3826 966 3943 “nedfelgffim'l
977 3828 1076 3887 huilli
1095 3828 1279 3883 ⁰¹¹¹¹ll¹¹t¹lter⁰

55 3937 79 3977 et
98 3928 156 3976 editi
176 3938 233 3972 nou.
588 3948 592 3953 .
936 3913 948 3941 e
1003 3894 1280 3972 incuruiceruicum

12 4006 18 4020 ,
693 3954 739 4005 καί
756 3969 810 4008 ante
831 3954 860 4006 τὸ
878 3960 985 4026 πνεῦμα
1003 3976 1051 4020 της
1068 3953 1202 4018 ἀληθείας,

90 4030 115 4078 d.
133 4029 217 4077 Sicllr
206 4042 239 4087 eg.
253 4027 272 4074 l.
283 4029 380 4087 Segirer
396 4027 492 4076 Gallae.
504 4027 608 4102 Fclcltm.
623 4027 647 4076 l.·
728 4044 749 4087 g.
770 4029 824 4089 hag.
841 4030 860 4076 l.
874 4030 937 4077 usi
928 4045 1008 4105 «parer
1029 4023 1077 4093 οὐχ
1094 4041 1177 4106 optas
1217 4029 1280 4077 llaec

52 4105 80 4148 At
100 4098 156 4157 lleg.
177 4095 200 4144 2.
224 4089 270 4141 καὶ
287 4093 343 4141 τῶν
360 4087 524 4173 εὐαγγελίων
541 4089 586 4141 καὶ
605 4109 644 4141 ων
694 4106 772 4143 autem
798 4098 868 4145 rerha
892 4091 938 4143 καὶ
960 4090 1053 4143 πάλιν
1079 4087 1110 4142 οὐ
1132 4091 1195 4173 γὰρ
1205 4087 1280 4159 ὑμεῖς

55 4175 101 4215 etc.
140 4163 222 4212 Ottoh.
234 4156 263 4210 ἐκ
281 4160 336 4240 ταῖν
351 4155 522 4243 εὐαγγελίων
532 4157 579 4209 καὶ
596 4177 643 4211 ων.
694 4171 739 4210 etc.
758 4178 834 4242 usque
853 4166 881 4213 ad
900 4167 1025 4228 sequentia
1049 4157 1062 4222 ἡ
1089 4158 1212 4225 βασιλεία
1232 4162 1279 4211 τοῦ

25 4238 29 4245 ”
53 4234 100 4282 Alii
120 4240 143 4281 et
162 4232 217 4281 editi
244 4245 306 4295 περι
319 4245 380 4281 πων
397 4225 575 4295 εὐαγγελίων,
605 4215 643 4278 ὦν
693 4230 784 4279 θεοῦ
779 4248 801 4280 m
827 4248 884 4281 mus
903 4233 959 4293 lleg.
977 4233 997 4282 l.
1016 4234 1114 4291 Segusa.
1141 4232 1237 4281 Gohler
1257 4240 1281 4281 et

53 4310 100 4352 ete
696 4300 798 4351 feteam.
810 4302 830 4348 l
843 4309 993 4378 exstautpos
983 4301 1069 4353 tista,
1088 4315 1148 4374 αααα
1167 4300 1280 4348 inlrase-

88 4385 110 4418 e.
128 4363 181 4432 μίν
200 4369 267 4415 ahest
291 4382 303 4414 a
332 4369 429 4418 Gololer.
454 4377 476 4416 et
496 4369 598 4416 Felrlm.
622 4368 642 4416 l.
694 4377 807 4431 quantur,
825 4381 870 4415 naa
889 4367 936 4414 rori
955 4361 1034 4430 ἁγίου
1052 4359 1212 4430 πνεύματος.

52 4439 94 4514 qni
112 4438 185 4484 iidem
205 4437 276 4513 paulo
286 4430 481 4515 Ιγίνειείίίδαααε
499 4432 528 4483 δὲ
546 4431 641 4501 λέγων,
729 4437 750 4485 h
771 4437 878 4495 Siclleg.
896 4437 994 4495 Seguer.
1014 4435 1094 4484 octat.
1121 4434 1181 4484 Editi
1201 4443 1279 4484 autem

51 4499 85 4553 τὸ
104 4500 213 4569 πνεῦμα
231 4498 262 4550 τὸ
281 4518 368 4568 αγιον.
404 4517 487 4553 aratro
507 4511 551 4553 etc.
695 4511 719 4553 ct
736 4496 807 4553 alii‘
794 4502 871 4568 aperio
