2948 5092
474 270 581 313 omero
597 270 639 312 nr.
657 270 771 312 conrm
784 271 920 316 munos.
1225 263 1287 325 567

58 422 199 484 differret
222 421 363 500 tempus?
393 421 416 481 E
439 422 586 481 contrario
610 429 706 482 autern
728 422 794 500 quis
817 423 866 482 illo
890 424 1024 501 ignorato
1048 444 1106 485 non
1130 446 1163 488 se
1186 430 1370 507 quoti-nne

60 525 113 584 die
137 525 243 585 debeat
263 522 391 602 parare?
424 523 652 583 Hine‘sobdidit
674 523 819 584 Salvator:
855 525 976 604 Vipilote
999 546 1080 606 erpo,
1104 533 1173 609 quic
1195 546 1370 611 nequeuntis.

59 646 120 688 vos
142 631 255 697 nostis,
278 645 337 706 quc
360 624 436 686 bora
457 625 605 685 Dominus
628 636 728 686 uester
749 637 897 687 venturus
920 631 975 696 sit,
998 635 1042 687 et:
1066 650 1124 711 qnia
1146 650 1207 692 non
1228 652 1288 712 pn-

62 731 137 789 nm‘s
162 729 240 788 horn
260 727 344 807 filius
369 727 496 787 hominis
518 730 627 787 veniet.
671 726 771 805 ltaque
801 727 838 787 ob
868 727 1037 801 utilitatem,
1068 749 1141 809 qnae
1170 752 1205 793 ex
1232 735 1287 795 hac

62 829 165 890 oritur
188 828 367 908 ignorantia,
397 829 436 888 ita
460 835 507 888 est
527 828 653 889 locutus.
697 827 750 889 His
773 830 851 889 enim
873 830 971 889 verbis
995 849 1050 891 nos
1073 832 1226 908 hortatur,
1255 843 1288 895 ut

63 950 186 1010 semper
207 932 300 1011 parati
324 932 428 992 simus.
473 931 533 990 vos
557 930 651 1002 enim,
674 930 783 1009 inquit,
807 932 948 1005 nescitis,
972 952 1026 1011 ego
1050 953 1120 994 vero
1142 934 1286 997 Dominus

62 1033 134 1094 novi
158 1034 275 1112 quando
298 1042 438 1093 venturus
461 1051 542 1105 sum,
565 1032 697 1110 quamvis
719 1033 818 1094 Ariani
841 1053 903 1107 me,
935 1035 983 1114 qui
1006 1035 1102 1096 Patris
1125 1056 1190 1098 snm
1212 1039 1285 1098 Ver-

63 1134 148 1208 bum,
171 1153 232 1195 non
255 1140 419 1214 expectent.

152 1342 205 1402 50.
229 1338 278 1398 Sic
301 1356 370 1416 ergo
393 1337 547 1408 Dominus
572 1336 713 1414 quiquid
736 1335 822 1399 nobis
838 1339 989 1417 expediret
1005 1340 1110 1400 melius
1127 1358 1213 1418 quam
1227 1357 1284 1401 nos

60 1449 197 1511 neverat,
221 1458 293 1500 suos
315 1438 476 1517 discipulos
498 1438 625 1498 firmarit
645 1456 679 1499 ac
693 1438 826 1510 munivit,
850 1440 949 1519 illique
965 1440 1136 1503 huiusmodi
1150 1440 1286 1502 instructi

61 1541 268 1603 admonitione
297 1541 525 1602 emendaverunt
554 1538 834 1602 Thessalonicenses
865 1561 899 1602 ea
928 1543 957 1603 in
990 1562 1022 1603 re
1051 1543 1179 1621 ahoquin
1203 1561 1285 1603 erra·
1382 1551 1391 1575 ³

60 1651 160 1705 turos.
195 1642 319 1715 Quando
342 1662 412 1703 vero
435 1661 529 1720 neque
552 1641 600 1702 his
623 1642 730 1703 cedunt
745 1642 853 1704 Christi
877 1644 992 1718 hostes,
1016 1645 1133 1706 tametsi
1154 1663 1216 1705 non
1238 1663 1286 1706 me

60 1746 153 1825 fugit,
184 1745 289 1806 durius
312 1744 369 1805 illis
393 1762 444 1804 cor
467 1763 534 1806 esse
556 1743 825 1823 quechburaoni,
855 1745 949 1823 placet
971 1754 1068 1807 tamen
1091 1746 1156 1808 ihos
1179 1745 1286 1808 iterum
1313 1820 1315 1830 Ι
1347 1789 1353 1810 ,

61 1867 96 1910 ea
119 1847 157 1909 de
180 1865 213 1908 re
235 1847 429 1925 interrogare.
472 1846 550 1907 Deus
574 1846 604 1906 in
625 1846 767 1907 Paradiso
790 1856 1011 1925 percunctatur:
1042 1847 1136 1910 ddum
1156 1850 1211 1910 ubi
1230 1847 1287 1910 es?

61 1950 186 2011 Caluum
210 1968 327 2029 quoqne
350 1949 414 2028 ipse
438 1949 614 2027 interrogat:
653 1947 709 2011 Ubi
727 1958 772 2010 est
794 1949 868 2010 Abel
887 1950 990 2028 frater
1012 1948 1109 2012 tuus?
1139 1950 1215 2022 Quid
1238 1949 1287 2010 hic

60 2051 161 2132 itaque
183 2048 397 2130 respondetis?
419 2050 490 2110 Nam
513 2050 538 2110 si
561 2069 628 2111 eum
649 2051 766 2111 nescire
789 2050 972 2123 existimatis,
997 2052 1155 2113 etidcirco
1179 2051 1285 2112 scisci·

60 2153 134 2232 tari,
171 2173 237 2215 cum
267 2152 442 2214 blanicbaeis
471 2154 605 2231 proiecto
639 2152 831 2224 consentitis,
867 2153 916 2232 qui
944 2152 1078 2214 videlicet
1099 2153 1155 2214 ista
1178 2153 1287 2213 audent

59 2254 180 2318 docere.
213 2255 266 2315 Sin
289 2263 387 2315 autem
409 2255 504 2326 veriti,
527 2273 565 2314 ne
580 2254 739 2315 Manichaei
762 2255 857 2332 palam
879 2254 1015 2327 audiatis,
1040 2254 1085 2315 rel
1107 2254 1187 2315 inviti
1210 2272 1284 2315 con-

60 2357 166 2420 ceditis
195 2375 263 2417 eum
291 2357 432 2418 scientem
465 2357 667 2434 interrogare,
701 2356 770 2435 quid
804 2375 915 2434 quaeso
948 2355 1108 2417 absurdum
1137 2365 1188 2418 ant
1214 2356 1284 2435 quid

58 2461 170 2522 mirum
192 2459 277 2520 robis
299 2459 430 2531 videtur,
454 2457 479 2519 si
502 2458 609 2530 Filius,
637 2457 668 2518 in
691 2477 750 2537 quo
774 2466 843 2518 tunc
864 2458 943 2519 Deus
967 2457 1183 2536 interrogabat,
1206 2457 1284 2538 idem

58 2562 181 2642 inquam
203 2561 269 2639 ipse
284 2560 375 2620 Filius
398 2579 485 2621 earne
508 2560 705 2621 circumdatus
728 2560 890 2638 discipulos
913 2568 1060 2637 tamquam
1077 2559 1167 2619 bomo
1190 2558 1283 2625 inter-

56 2661 170 2743 roget?
192 2662 249 2723 nisi
273 2664 348 2722 sorte
370 2663 531 2723 Manichaei
552 2662 610 2722 iam
636 2662 704 2723 sacti
728 2662 810 2723 iilum
827 2662 995 2740 Scripturae
1009 2661 1116 2734 locum,
1138 2661 1189 2721 ubi
1204 2660 1283 2722 Deus

56 2766 203 2827 hdamum
225 2764 403 2843 interrogat,
427 2766 521 2826 velitis
544 2764 779 2843 reprehendere,
808 2764 897 2842 idque
919 2783 955 2825 eo
979 2772 1091 2824 tantum
1113 2763 1229 2834 animo,
1251 2769 1285 2823 ut

58 2887 135 2929 nova
159 2866 295 2945 improbe
318 2868 490 2945 excogitetis
514 2876 544 2927 et
565 2866 709 2927 audeatis.
745 2867 821 2927 ldinc
844 2867 922 2927 enim
945 2866 975 2926 in
998 2864 1134 2926 omnibus
1159 2861 1283 2925 convicti

58 2968 160 3031 Lucae
182 2968 271 3028 rerba
294 2968 350 3028 iarn
374 2968 587 3041 insusurratis,
619 2987 694 3047 quae
722 2968 841 3048 quidem
871 2976 950 3029 recte
979 2976 1047 3029 sunt
1068 2966 1160 3039 dicta,
1191 2965 1244 3027 sed
1266 2984 1283 3026 a

57 3071 145 3133 robis
167 3088 308 3149 perverse
332 3070 542 3149 intelliguntur.
578 3070 728 3142 Quaenam
750 3078 847 3131 autem
872 3069 918 3130 illa
940 3069 1009 3141 sint,
1032 3071 1139 3130 afferre
1161 3084 1283 3129 neeesse

58 3181 117 3247 est,
138 3181 173 3233 ut
194 3173 249 3233 bac
270 3172 358 3233 etiam
381 3172 496 3233 ratione
517 3181 624 3253 pateat,
647 3191 734 3252 quam
757 3179 925 3251 corruptam
947 3172 988 3232 ilii
1003 3171 1131 3233 habeant
1144 3176 1283 3230 mentem.

144 3482 197 3543 51.
240 3476 320 3538 Haec
341 3475 431 3556 igitur
453 3486 524 3539 sunt
545 3477 642 3539 Lucae
663 3451 829 3538 verbazdt
851 3477 937 3539 lesus
958 3475 1139 3555 proficiebat
1160 3477 1304 3565 sapien--

60 3585 104 3645 tio
124 3591 154 3643 et
175 3590 271 3640 aetate
293 3590 322 3640 et
343 3583 444 3658 pratia
466 3581 547 3659 opud
568 3580 666 3641 Decem
687 3591 715 3641 et
737 3579 880 3640 homines.
914 3576 969 3638 Hie
989 3576 1107 3655 inquam
1129 3575 1282 3659 illelmus

57 3767 160 3830 Segner.
178 3757 208 3813 tv
224 3764 262 3829 τῷ
280 3759 447 3844 παραδείσῳ.
467 3765 545 3814 Ceteri
556 3774 577 3814 et
587 3765 645 3814 editi
686 3753 755 3814 ¹editi
777 3757 1011 3828 περιβαλλόμενος.
1046 3763 1137 3812 ibidem
1163 3760 1234 3810 dasii.
1259 3768 1283 3809 et

56 3828 87 3885 ἕν
103 3829 133 3883 δὲ
152 3832 191 3898 τῷ
208 3829 374 3898 παραδεισῳ.
410 3834 499 3882 ibidem
520 3833 646 3894 bechet
696 3832 802 3881 Fetehm.
820 3832 844 3882 5.
870 3845 916 3896 pro
944 3828 999 3877 τῶν
1026 3827 1161 3895 μαθητῶν
1194 3828 1283 3878 habent

10 3944 12 3953 .
56 3905 159 3966 segnem
176 3897 345 3951 censumar
363 3894 377 3948 ὃ
395 3895 460 3953 θεὸς
476 3896 571 3963 λέγων.
600 3901 645 3949 stit
696 3891 795 3948 αὐτῶν.

56 3980 81 4022 et
97 3971 158 4020 editi
178 3963 349 4020 πυνθάνεται
371 3961 385 4016 ὃ
409 3962 474 4021 θεὸς
498 3966 546 4017 τοῦ
561 3959 645 4034 'Adime
731 3982 761 4016 m.
780 3968 820 4017 Sic
837 3967 893 4029 Reg.
907 3967 937 4024 l.,
957 3974 983 4016 nt
999 3973 1022 4015 et
1040 3964 1193 4015 emendatum
1211 3971 1247 4015 est
1257 3963 1283 4017 in

127 4053 153 4086 ν.
695 4035 793 4097 Segner.
828 4035 857 4085 dt
873 4035 914 4084 alii
932 4042 957 4084 ct
973 4034 1030 4083 editi
1047 4025 1181 4091 deiicere.

89 4109 114 4157 b.
133 4107 174 4157 Sic
191 4106 282 4169 beni.
300 4105 479 4168 Semeruobt.
500 4112 524 4153 et
539 4103 644 4153 Felehm.
709 4118 753 4161 ,m
777 4103 818 4152 Sic
841 4104 939 4165 Segner.
964 4102 1063 4153 Gobler.
1088 4110 1111 4150 et
1134 4099 1239 4150 Feichm.
1257 4099 1281 4151 1.

55 4175 79 4226 1.
117 4177 146 4224 ht
164 4174 205 4223 atii
223 4181 247 4223 et
266 4174 323 4223 editi
339 4169 426 4237 λέγων
442 4172 496 4221 ποῦ
514 4182 559 4222 ete.
696 4172 724 4220 dt
742 4171 799 4231 neg.
820 4169 842 4221 t.
859 4163 1027 4234 vendedisse·
1060 4169 1151 4229 anglie.
1168 4160 1282 4216 ὑποτον-

89 4243 267 4305 ismenian.
291 4251 316 4292 et
339 4243 395 4304 fleg.
414 4241 438 4290 2.
460 4232 644 4295 πυνθάνεσθε,
695 4231 831 4303 decidere.
867 4239 955 4302 Regius
971 4237 995 4288 2.
1012 4235 1160 4303 θορυβεῖτε.
1195 4234 1240 4285 sni
1259 4241 1282 4284 et
1392 4274 1397 4285 .

52 4310 183 4363 mendose.
697 4308 769 4357 editio
788 4307 903 4356 Commet.
922 4300 1086 4370 θορυβίζετε.
1123 4303 1183 4354 ibid.
1200 4290 1283 4353 nobo

87 4381 117 4437 k,
132 4379 191 4440 hes.
204 4379 225 4430 l.
243 4379 343 4440 Seguer.
361 4377 459 4428 Gobler.
472 4387 494 4428 et
507 4377 611 4428 Felehm.
623 4376 646 4433 1,
697 4375 765 4424 deest
783 4376 805 4424 in
826 4377 882 4438 Reg.
898 4376 919 4424 l.
937 4375 1037 4436 chuer.
1056 4371 1152 4424 Gobler.
1163 4378 1186 4421 et
1197 4368 1282 4421 rern-

48 4439 192 4498 'rme
536 4488 541 4493 .
696 4443 778 4494 manni
797 4443 820 4493 t.
856 4445 914 4493 hem
932 4443 1020 4492 ibidem
1039 4441 1072 4491 Re
1089 4440 1132 4490 .1.
1148 4431 1225 4505 παρὰ
1243 4434 1281 4504 τῷ

53 4545 59 4557 ·
88 4512 171 4577 ΝΒ
186 4513 244 4577 neg.
256 4515 279 4564 1.
298 4521 322 4565 et
337 4513 452 4577 Senum
471 4513 516 4564 stit
534 4521 614 4564 sutem
624 4519 648 4563 et
697 4508 797 4575 Δουκᾷ.
835 4510 939 4563 Feletn.
957 4511 982 4560 b.
1000 4509 1058 4559 ibin.
1073 4453 1121 4557 bu
1139 4496 1154 4555 t
1170 4501 1279 4565 anm.
