2948 5092
516 291 660 335 nrrsronn
676 292 695 335 1.
712 293 747 335 so
764 293 959 336 sensatorum.
1274 278 1335 342 689

107 445 148 506 Et
170 463 294 505 rursus:
322 444 454 520 Quanto,
474 448 602 525 putatis,
627 444 772 505 deteriori
792 445 947 524 afficietur
970 446 1133 526 supplicio,
1156 449 1208 526 qui
1228 447 1422 509 retunsae.

107 546 418 633 Dec'·eonculcaocrit
440 557 469 606 et
491 550 665 626 sanpninem
688 550 859 606 testamenti
874 546 1027 624 pollutum
1050 549 1187 619 ducerit,
1215 553 1248 609 in
1280 567 1337 628 quo

108 648 322 727 sanctificatus
346 659 397 718 est,
422 660 450 708 et
471 647 605 727 Spiritui
623 652 741 725 pratiae
757 646 966 708 contumelium
986 647 1120 727 fecerit?
1163 648 1200 708 lit
1214 649 1337 710 iterum:

108 749 150 811 Si
171 753 252 809 enim
275 752 396 826 sanpuis
421 758 584 810 taurorum
607 758 634 809 et
656 748 810 809 hircorum
832 757 861 808 et
884 753 958 810 cinis
982 749 1095 810 vitulae
1123 763 1267 831 aspersus
1290 756 1339 812 in-

107 853 256 932 quinatos
279 849 451 929 sanctificat
479 851 518 914 ad
540 849 777 912 emundationem
799 854 917 922 carnis,
953 863 1065 931 quanto
1094 855 1186 930 mapis
1215 855 1339 931 sanpuis

110 951 240 1021 Christi,
264 955 316 1031 qui
332 970 390 1030 per
412 950 562 1031 Spiritum
584 955 797 1030 sempiternum
820 956 1009 1032 semetipsum
1034 952 1142 1015 ohtulit
1164 953 1339 1014 immacula-

107 1064 178 1115 tum
200 1051 274 1122 Deo,
299 1053 470 1115 emundabit
493 1056 701 1115 conscientiam
724 1064 864 1127 nostram
885 1053 921 1115 ah
945 1054 1084 1133 operibus
1105 1051 1261 1116 mortuis?
1303 1053 1341 1114 Et

106 1153 148 1216 ad
173 1153 476 1215 Thessalonicenses:
499 1154 539 1214 Et
560 1163 630 1214 tunc
653 1154 839 1215 revelabitur
861 1154 913 1216 ille
933 1159 1065 1236 iniquus,
1087 1175 1171 1236 quem
1192 1154 1340 1217 Dominus

103 1256 201 1320 Iesus
225 1255 386 1335 interficiet
409 1255 529 1335 Spiritu
552 1259 614 1316 oris
637 1258 687 1315 sui
707 1267 735 1318 et
757 1256 894 1326 destruet
908 1258 1039 1318 adventu
1052 1261 1241 1336 praescntiae
1256 1274 1339 1318 suae.

201 1664 231 1724 7.
276 1659 350 1721 Ecce
374 1679 432 1739 qua
462 1669 547 1740 pacto
573 1660 699 1740 Spiritus
722 1670 843 1723 sanctus
865 1679 919 1740 per
940 1680 1045 1723 ornnes
1068 1660 1182 1723 divinae
1204 1660 1338 1739 Scriptu-

101 1782 161 1826 ree
185 1762 311 1842 paginas
335 1763 488 1823 indicatur.
534 1763 611 1836 Quid
635 1782 705 1842 ergo
727 1781 781 1824 ros
803 1763 851 1823 his
874 1763 971 1828 simile
994 1764 1023 1824 in
1039 1763 1186 1842 Propheta
1205 1761 1338 1823 animad-

101 1862 272 1928 vertistis?
315 1864 375 1924 Nec
403 1865 481 1925 enim
510 1866 561 1926 rel
586 1865 672 1926 eliam
702 1865 856 1927 articulum
886 1861 1055 1927 adiunctum
1084 1865 1172 1926 habet
1202 1869 1338 1945 spiritus,

101 1969 143 2031 de
169 1985 233 2046 qao
257 1966 305 2026 ille
326 1965 468 2051 loquitur,
492 1974 524 2027 ut
545 1966 650 2028 saltem
672 1966 768 2046 aliqua
791 1967 875 2028 robis
897 1967 972 2029 ratio
993 1968 1142 2029 subesset.
1185 1967 1246 2027 Vos
1267 1982 1339 2027 sero

101 2086 271 2151 perperam
298 2068 383 2130 vobis
413 2068 487 2147 ipsis
517 2077 621 2148 tropos
644 2070 755 2148 fingere
776 2069 908 2143 audetis,
938 2088 993 2131 uec
1021 2069 1163 2132 veremini
1192 2086 1338 2143 asserere,

101 2175 270 2252 spiritum,
293 2170 343 2247 qui
366 2170 460 2230 creari
483 2171 597 2243 dieitur,
622 2171 721 2250 ipsum
743 2190 811 2232 esse
835 2171 979 2250 Spiritum
1002 2180 1145 2244 sanctum,
1168 2170 1300 2250 quamvis
1323 2187 1340 2231 a

101 2271 219 2354 peritis
241 2271 312 2330 viris
336 2272 492 2350 spirituum
516 2273 711 2333 differentiam
730 2262 946 2335 rohis'diseere
960 2273 1071 2335 liceret.
1115 2273 1187 2333 Nom
1203 2280 1233 2333 et
1246 2272 1340 2351 ipsius
1407 2258 1409 2262 ¹

101 2393 233 2456 quoque
256 2373 385 2432 hominis
410 2374 533 2452 spiritus
556 2374 672 2447 dicitur,
694 2375 736 2436 uti
759 2375 836 2436 canit
852 2375 957 2436 David:
981 2374 1074 2437 Nocte
1091 2395 1157 2437 cum
1173 2374 1339 2435 cordemeo

101 2475 294 2544 meditabar,
319 2487 346 2535 et
369 2479 468 2536 tristis
492 2486 559 2536 erat
581 2481 708 2556 spiritns
729 2496 822 2539 mnes.
866 2477 979 2538 Berueh
1001 2477 1070 2537 item
1093 2476 1140 2537 his
1155 2475 1252 2536 verbis
1267 2493 1340 2555 pre-

101 2587 211 2641 oetur:
242 2581 347 2637 Anima
376 2581 408 2638 in
437 2583 584 2656 anqustiis
615 2590 643 2640 et
673 2583 801 2658 spiritus
831 2584 941 2641 annius
972 2578 1082 2640 clamet
1108 2579 1148 2639 ad
1170 2587 1206 2639 tc.
1250 2575 1287 2636 Et
1308 2575 1339 2636 in

101 2679 224 2760 hymno
249 2677 337 2737 triurn
359 2697 536 2757 puerorum:
565 2680 731 2743 Benedicite
762 2685 890 2760 spiritus
913 2691 941 2741 et
963 2684 1079 2740 animae
1100 2683 1254 2741 iustorum
1275 2677 1340 2738 llo-

101 2786 205 2842 rrsino.
253 2778 293 2838 lta
316 2780 404 2841 etiarn
428 2781 532 2842 scribit
553 2781 729 2861 Apostolus:
760 2784 830 2863 lpse
853 2782 989 2861 Spiritus
1021 2784 1221 2842 testimonium
1243 2779 1342 2839 reddit

101 2884 244 2964 spiritui
263 2882 387 2954 noslro,
419 2885 499 2963 quod
526 2903 629 2945 sumus
650 2884 713 2965 filii
733 2883 798 2946 Dei.
842 2883 878 2945 Si
904 2893 1002 2957 autem
1029 2881 1101 2962 filii,
1131 2891 1160 2942 et
1188 2880 1339 2941 haeredes.

101 2981 146 3045 Et
172 3000 297 3043 rursus:
328 2983 420 3045 Nemo
449 2989 505 3044 seit
527 3004 600 3064 quae
622 2995 694 3046 sunt
717 2985 859 3055 hominis,
889 2989 952 3047 nisi
971 2987 1099 3066 spiritus
1124 2982 1266 3052 hominis,
1290 2983 1343 3060 qui

101 3089 140 3147 iss
166 3088 238 3164 ipso
261 3095 315 3145 est.
359 3084 396 3144 Et
418 3084 550 3164 Epistola
572 3086 608 3146 ad
631 3085 911 3147 Thessalonicenses
939 3086 1013 3146 haee
1033 3091 1185 3165 precatur:
1219 3082 1341 3161 lnteper

101 3190 247 3269 spiritus
276 3187 376 3248 vester
405 3199 433 3247 ct
461 3191 562 3246 amma
590 3200 619 3249 et
648 3206 760 3267 corpus
783 3191 847 3249 sine
868 3186 991 3268 querela
1013 3190 1045 3248 in
1068 3187 1198 3248 adventu
1220 3183 1344 3246 Domini

101 3291 219 3350 nostri
239 3286 309 3348 lesu
334 3288 449 3348 Christi
468 3300 618 3351 servetur.
662 3288 775 3350 Dicitur
798 3289 885 3350 etiarn
908 3296 1064 3350 veniarum
1087 3287 1223 3368 spiritus,
1253 3284 1341 3346 sicuti
1408 3278 1441 3342 's

101 3435 216 3522 'iherus‘
229 3430 263 3515 ἱἕν
280 3433 319 3517 'arpi
334 3456 354 3518 pr
372 3434 445 3518 λόγῳ
463 3438 521 3517 ¹⁰⁵3,
536 3431 700 3519 deaurando:
753 3444 815 3508 apud
833 3443 927 3492 latinas
950 3445 984 3492 sia
1007 3449 1082 3491 restat
1106 3443 1142 3490 hia
1160 3442 1225 3490 loeus
1242 3442 1267 3487 in
1284 3455 1340 3489 cou-

101 3505 320 3573 ιλλακαιπαρα
340 3507 477 3573 Pupiniam
489 3522 560 3554 ουτω
572 3509 657 3557 κεῖται
669 3524 701 3556 ιο
753 3517 818 3560 textu
847 3513 938 3559 diuinae
966 3511 1104 3573 Scripturas.
1149 3510 1243 3558 Aliunde
1269 3521 1338 3570 porro

120 3570 198 3638 quire
217 3567 314 3653 ἱε’νητῴ
338 3568 403 3655 s‘icptp
421 3575 698 3655 flii,¹9⁸{‘1iissi“92{li·
725 3582 730 3590 “
751 3579 1093 3655 maenumhthanasiumhunc
1111 3577 1186 3626 locum
1197 3575 1341 3652 intellecicse

119 3661 178 3722 pcc!
197 3638 227 3690 de
255 3657 305 3719 arc¹
323 3657 428 3724 aarum(
451 3657 535 3691 aaron
554 3658 601 3692 rou
621 3640 701 3724 dprou
754 3648 781 3696 de
799 3649 849 3724 ipso
867 3653 946 3695 sancto
965 3647 1067 3723 Spiritu,
1092 3660 1139 3693 non
1157 3650 1231 3693 aulem
1249 3644 1277 3691 de
1295 3643 1341 3691 alr·

101 3723 269 3788 πνευματοξ
279 3724 309 3789 tq
320 3707 403 3791 heptas:
416 3707 528 3790 «ζμὲγας
543 3711 702 3790 Afisrpatos
753 3729 798 3778 quo
817 3715 916 3787 alconem
934 3719 1063 3789 spsmtuam.
1278 3775 1282 3784 ι

101 3777 234 3837 ἐδέξατο,
255 3775 301 3825 att
323 3794 370 3827 oon
387 3792 430 3827 eur
449 3794 523 3832 τινος
541 3793 596 3826 των
613 3777 701 3828 αλλων
788 3796 808 3829 e.
826 3782 867 3829 Sre
886 3781 960 3841 Regis,
979 3780 1059 3828 ottob.
1079 3786 1102 3828 et
1114 3778 1214 3840 Seguer.
1248 3774 1340 3823 lhrdern

101 3839 285 3912 πνευμάτων.
322 3849 380 3897 Nota
406 3851 464 3897 lcunc
488 3850 563 3897 locum
586 3852 619 3898 ita
642 3866 702 3899 rrunc
754 3849 851 3898 Gobler.
877 3856 899 3895 el
925 3847 1072 3895 teletus.
1098 3847 1157 3895 haec
1174 3843 1243 3892 verbo
1261 3834 1338 3905 παρὰ

101 3935 152 3970 uon
176 3923 270 3965 restore
285 3918 346 3979 opud
355 3918 494 3979 Apostolum,
516 3918 563 3975 sed,
585 3916 701 3965 [lominus
753 3916 802 3963 τοῦ
825 3907 973 3981 προφήτου
990 3906 1137 3980 λεγόμενον
1154 3910 1203 3959 νῦν
1221 3911 1340 3958 orniltunt.

100 3985 241 4038 interficiet
259 3984 348 4045 Spiritu
376 3985 426 4031 oris
450 3984 495 4031 sni.
536 3985 626 4032 Videtur
649 4000 701 4032 cero
753 3984 831 4032 hliist
850 3983 907 4032 editi
926 3974 1075 4030 aiathuri
1095 3971 1275 4045 r'e'pipori'pp.

101 4058 148 4135 bus
170 4067 254 4111 uoces,
276 4052 342 4129 lesus
362 4052 485 4129 chrislus,
504 4054 581 4100 nascio
601 4067 646 4114 qua
662 4067 703 4100 ra·
788 4050 811 4099 d.
836 4051 892 4112 Bag.
913 4050 934 4099 1.
959 4041 989 4098 ἐν
1006 4049 1045 4114 τῷ
1061 4042 1162 4128 durtii
1178 4042 1340 4160 yfppurttut.

101 4132 182 4181 tuone,
204 4121 235 4168 ah
253 4119 369 4182 aliquoius
387 4128 483 4169 resectos
497 4135 553 4168 esse.
583 4121 648 4174 Quod
661 4135 704 4168 ou-
755 4118 825 4170 Gobl.
851 4118 995 4167 etFelclrm.
1017 4114 1229 4173 l.ncuAarn1.
1266 4113 1341 4164 lrdstn

101 4199 151 4243 tem
179 4191 216 4237 ita
240 4189 268 4236 oh
289 4189 356 4236 initio
376 4190 493 4251 scripserit
510 4189 643 4250 Apostolus,
664 4203 704 4235 ar·
754 4201 809 4236 mox
827 4178 842 4232 ὁ
860 4179 890 4234 δὲ
908 4177 1072 4238 ἀπόστολος·
1092 4176 1213 4232 uiciate.
1249 4180 1341 4229 lbidern

101 4263 220 4323 mento
247 4262 300 4304 sunt
323 4261 371 4303 tum
393 4272 452 4320 quae
469 4257 506 4303 iic
524 4272 537 4303 a
555 4262 633 4304 sancto
658 4257 703 4304 isto
755 4255 1019 4316 RegiietSeguerisn.
1039 4249 1298 4305 centensimum.
1318 4247 1360 4310 1..

101 4328 177 4378 Patre
195 4331 251 4373 sunt
268 4325 338 4382 dieto,
357 4331 404 4371 tum
422 4325 484 4387 quod
502 4324 561 4372 hunc
578 4323 652 4372 laeum
671 4324 704 4370 si-
755 4313 882 4368 ai'rrh‘ro
905 4320 1019 4386 πνεῦμα.
1065 4320 1143 4372 Ceteri
1174 4325 1198 4367 et
1224 4315 1280 4365 ccliii
1308 4307 1341 4363 τό

101 4397 198 4447 militer
226 4395 347 4455 proferant
374 4394 440 4440 diuus
470 4392 643 4452 chrysostomus
677 4393 703 4440 in
754 4392 873 4440 omittunt.

101 4464 184 4530 Epist.
212 4461 244 4509 ad
263 4460 486 4530 Thessalonicenses,
506 4467 527 4507 st
544 4475 639 4521 mopnm
657 4459 703 4507 Bo·
788 4474 809 4506 e.
828 4458 869 4507 Sia
887 4458 942 4521 lleg.
958 4456 980 4506 l.
1000 4457 1098 4518 Segusr.
1117 4463 1141 4506 ci
1158 4452 1340 4505 GraecusScri-

101 4533 180 4583 sitia
199 4528 261 4578 lihra
276 4529 521 4592 princhsceticorum.
543 4527 703 4577 tumetium
753 4533 839 4590 ptume
857 4530 935 4577 textus
953 4526 979 4578 in
996 4524 1109 4576 omnihus
1127 4520 1251 4574 medii:
1262 4519 1338 4572 (ison.

140 4618 278 4661 humanu
291 4623 342 4663 uss.
354 4624 425 4658 noar.
441 4624 489 4656 sss.
1105 4608 1140 4660 44
