2934 5078
589 276 764 323 ruarmo.
1254 270 1293 333 1¹1
1392 250 1395 255 ’

43 436 138 501 rentur,
159 428 196 489 in
218 428 279 490 hia
297 426 342 491 ad
367 426 560 491 sententiam
572 428 715 491 ecclesiae
737 428 916 508 explicandis
939 437 970 491 et
990 430 1184 495 defendendis
1207 452 1294 497 sum-

47 549 107 592 nau
127 530 210 593 nacti
235 536 361 592 essent
375 528 583 591 {autoritatem
604 537 693 610 atque
707 530 838 610 posteris
862 529 1077 611 exemplorum,
1100 552 1176 613 quae
1191 535 1293 598 imita·

48 642 144 704 reutm,
159 631 341 695 unicorum
359 630 430 692 loco
451 627 592 691 luissent.
637 628 707 693 lllos
722 631 806 693 enim
816 631 989 712 plerosque,
1004 631 1198 697 Athanasium
1215 636 1292 711 dico,

50 732 192 807 duilium,
218 732 422 812 Gregorius,
451 729 590 811 cyrillum
612 730 858 806 Alexandrinum,
888 733 1127 809 theodoretum,
1157 745 1292 800 extremo

51 835 101 897 locu
121 836 276 897 loannem
293 834 530 915 llamasoennm,
551 850 656 913 magna
669 833 829 914 reliquisse
845 853 968 915 operum
984 836 1144 909 uolumina,
1166 855 1293 916 quornm

54 936 184 999 Mones
215 935 375 999 meliores
403 941 530 1014 propter
557 934 707 997 rarimtem
737 944 767 997 st
788 934 894 1015 ingens
921 937 1049 1016 pretium
1071 938 1102 999 in
1128 956 1292 1017 paucorum

55 1056 143 1099 nanus
163 1037 318 1100 ueniant:
341 1036 375 1099 id
398 1035 480 1117 quod
496 1054 533 1098 eo
548 1036 640 1127 magis
655 1036 816 1099 dolendum
838 1045 896 1110 est,
919 1057 979 1118 quo
1001 1037 1135 1117 digniora
1158 1038 1292 1101 habean-

58 1148 93 1199 tu
110 1140 283 1219 praecipua
307 1137 478 1199 eoruudem
501 1137 659 1218 opuscula,
682 1157 789 1218 quaea
813 1139 960 1217 theologis
983 1139 1139 1220 diligenter
1164 1158 1291 1203 verson-

58 1250 93 1300 tur
118 1253 149 1302 et
175 1248 427 1319 cognoscantur.
472 1238 543 1299 lnde
573 1237 631 1300 iam
660 1239 868 1301 intellexerunt
900 1239 1046 1313 lectores,
1077 1239 1291 1303 Bibliothecam

59 1350 177 1403 rosham
200 1340 337 1402 minime
369 1339 545 1418 colligendis
567 1340 707 1402 omnihus
730 1342 840 1402 veteris
871 1340 1014 1402 ecclesiae
1034 1360 1158 1420 graecam
1180 1360 1291 1404 monu-

61 1441 168 1516 mentis,
199 1440 375 1520 inquibus
406 1441 542 1519 dogmata
569 1441 735 1522 theologica
764 1450 944 1514 tractantur,
973 1442 1149 1503 destinatam
1172 1462 1240 1505 esse
1262 1450 1294 1506 et

60 1554 194 1622 paratam,
220 1542 280 1603 sed
303 1542 383 1603 intra
406 1541 551 1603 arctiores
577 1543 654 1604 lines
682 1544 843 1617 contineri,
872 1552 906 1605 ut
926 1543 1046 1605 nonnisi
1075 1544 1293 1623 praestantiora

60 1663 211 1722 paucorum
229 1643 381 1705 ecclesiae
398 1642 479 1703 iilius
495 1643 647 1705 doctorum
663 1645 772 1725 scripta
788 1645 826 1706 de
841 1644 966 1707 summis
981 1644 1136 1724 religionis
1151 1646 1292 1707 christia-

60 1764 103 1807 nae
122 1744 283 1826 mysteriis
305 1744 342 1805 ad
366 1762 435 1805 eam
457 1744 633 1823 pertineant.
675 1744 877 1808 Excludentur
892 1746 971 1807 enim
986 1763 1047 1807 non
1070 1746 1168 1808 solum
1184 1766 1291 1808 omnes

60 1847 136 1909 tunm
160 1849 304 1928 priorum
327 1843 518 1906 saeculorum
540 1854 639 1924 patres
654 1846 877 1926 scriptoresque
900 1845 1103 1920 ecclesiastici,
1126 1847 1291 1909 sedetiam
1366 1860 1376 1881 ⁴

59 1947 134 2029 longe
156 1947 284 2029 plurimi
305 1945 497 2026 sequentinm
519 1947 721 2020 saeculorum,
744 1966 871 2026 quorum
893 1947 1003 2028 scripta
1031 1956 1080 2010 aut
1103 1947 1209 2009 merito
1229 1966 1290 2031 suro
1355 1952 1374 1967 ‘

61 2051 200 2111 minorem
224 2047 339 2109 hahent
360 2047 567 2110 anctoritatem
590 2057 621 2109 et
642 2067 740 2123 usum,
763 2058 814 2110 aut
836 2049 866 2110 in
887 2048 1081 2111 Bibliothecis
1103 2057 1220 2129 patrum
1242 2048 1291 2111 rel

62 2150 216 2230 separatim
250 2149 296 2211 sic
327 2149 409 2210 edita
443 2158 523 2224 sunt,
545 2158 578 2211 ot
605 2168 682 2230 opus
705 2168 766 2211 non
799 2148 838 2210 sit
865 2169 899 2213 ea
922 2169 1000 2212 nunc
1031 2150 1109 2232 typis
1140 2150 1291 2211 renouari.

61 2251 163 2315 duran
186 2250 258 2313 istis
280 2248 494 2312 abstinendum
517 2270 585 2313 esse
608 2258 792 2319 censeamus,
814 2250 861 2313 vir
877 2251 1157 2330 intelligentioribus
1173 2250 1290 2331 signiti-

61 2354 177 2415 ennam
200 2351 330 2413 videmr.
375 2350 522 2415 Nimirum
544 2352 580 2415 dc
601 2351 755 2432 patribus,
778 2351 918 2431 quiante
948 2354 1106 2415 concilium
1128 2352 1290 2415 Nicaenum

61 2455 236 2528 lenierunt,
266 2451 341 2515 satia
370 2453 524 2530 provisum
554 2462 617 2528 est,
647 2461 681 2515 ut
701 2471 739 2515 ne
761 2460 884 2532 propter
906 2454 1055 2516 raritatem
1079 2454 1290 2533 exemplarium

61 2557 253 2634 negligantur.
298 2553 331 2614 Si
354 2552 556 2634 Hippolytum,
579 2554 756 2628 Gregorium
780 2554 1032 2633 Tlraumaturgum
1055 2566 1085 2617 et
1106 2555 1289 2616 blethodium

62 2658 198 2736 excipias,
233 2655 353 2715 illorum
385 2653 517 2716 omnium
540 2656 687 2717 editiones
717 2674 796 2717 nunc
823 2664 942 2716 exstant
963 2666 993 2717 et
1014 2657 1086 2717 satis
1116 2655 1290 2717 emendatae

63 2756 281 2833 instructaeque
310 2763 341 2814 et
368 2751 486 2814 modico
521 2754 619 2830 pretio
649 2754 792 2833 emptoris
822 2756 980 2835 parabiles.
1047 2755 1162 2835 Scripta
1191 2764 1288 2815 autem

63 2858 193 2937 pleraque
216 2865 335 2934 patrum
358 2852 537 2934 posterioris
559 2856 673 2928 aetatis,
696 2875 772 2936 quae
787 2856 866 2917 inter
887 2858 984 2918 sorites
1000 2855 1167 2933 theologiae
1189 2855 1288 2915 histo·

64 2959 131 3020 nme
154 2959 331 3019 interiorem
353 2955 453 3015 lomim
475 2953 625 3029 obtinent,
655 2958 770 3019 etiamsi
800 2967 904 3019 nostra
932 2957 1075 3018 memoria
1104 2976 1165 3017 non
1189 2956 1288 3016 denuo

63 3061 130 3120 edita
170 3059 235 3120 sint
269 3065 300 3117 et
330 3065 457 3135 propter
485 3056 631 3117 uenalium
664 3059 865 3138 exemplorum
901 3057 1049 3119 raritatem
1082 3058 1210 3135 pretium
1234 3057 1290 3116 ba-

63 3160 159 3232 beant,
191 3176 255 3218 non
279 3166 377 3217 tamen
402 3173 580 3235 magnopere
602 3157 828 3230 desiderantur,
852 3160 990 3237 quoniam
1018 3159 1140 3219 nonnisi
1156 3178 1171 3219 a
1187 3157 1289 3237 paucis

63 3262 127 3320 airis
157 3258 256 3319 doctis
287 3257 492 3336 attinguntur,
526 3276 653 3337 quorum
689 3259 795 3321 sltidiis
824 3258 1023 3337 singularibus
1053 3257 1230 3337 exemplaria
1259 3256 1290 3318 in

63 3359 246 3420 bibliothecis
269 3358 396 3438 puhlicis
411 3360 543 3436 reposita
559 3361 621 3421 lere
638 3360 797 3421 sufficiunt.
842 3360 942 3439 ltaque
959 3360 988 3420 in
1005 3359 1176 3419 uuiversum
1198 3366 1289 3436 patet,

63 3470 87 3521 et
113 3478 312 3540 quorumnam
342 3458 523 3538 scriptorum
553 3460 646 3521 libros
676 3469 707 3522 et
733 3462 887 3522 cuiusnam
915 3460 1080 3539 argumenti
1110 3458 1290 3519 Bibliotheca

63 3563 281 3642 complectatur,
306 3561 397 3639 idque
419 3578 455 3620 ex
477 3578 541 3621 mea
566 3561 712 3623 sententia
743 3562 830 3623 etiam
854 3563 883 3621 in
905 3561 1100 3640 inscriptione
1128 3559 1290 3620 indicatum

64 3673 114 3723 est.
158 3663 293 3741 Namque
307 3659 432 3721 nomine
451 3671 578 3741 potrum
593 3662 659 3723 illos
682 3663 765 3724 solos
781 3662 943 3742 appellatos
959 3660 1049 3731 volui,
1072 3661 1120 3739 qui
1138 3659 1166 3719 id
1184 3659 1290 3720 eximie

64 3775 212 3826 merentur
240 3763 324 3844 quasi
352 3771 495 3841 parentes
517 3773 547 3823 et
575 3775 712 3825 auctores
744 3763 892 3842 dogmatis
915 3761 1122 3824 ecclesiastici:
1145 3759 1290 3840 quemad-

64 3867 179 3927 modum
201 3865 230 3926 in
254 3864 380 3926 ecclesia
404 3881 507 3941 graeca
528 3863 717 3936 Athanasius,
739 3863 883 3935 Basilius,
905 3862 1065 3940 Gregorius
1089 3862 1290 3923 Nazianzenus

65 3976 145 4045 atque
174 3966 411 4047 chrysostomus
442 3963 528 4025 titulo
558 3966 716 4029 doctorum
744 3965 885 4028 ecciesiae
914 3981 986 4041 prae
1019 3963 1127 4023 ceteris
1156 3960 1291 4041 patribus

68 4075 209 4128 ornantur
230 4080 260 4129 et
281 4064 482 4139 celebrantur,
508 4076 595 4147 atque
609 4085 687 4128 unus
703 4065 878 4127 Athanasius
899 4073 992 4144 poter
1007 4064 1207 4125 orthodoxiae
1228 4062 1292 4123 sive

69 4168 247 4231 orthodoxos
267 4170 344 4250 fidei
363 4167 529 4229 honorifice
550 4168 744 4247 praedicatur.
789 4166 855 4226 Pari
871 4166 961 4226 modo
977 4165 1065 4226 etiam
1082 4163 1161 4243 quod
1176 4160 1290 4223 Biblio-

17 4260 21 4351 Ι
68 4268 174 4329 thecam
207 4270 285 4330 hanc
319 4267 472 4330 nominavi
506 4272 715 4350 dogmaticam,
748 4267 871 4344 intelligi
896 4267 962 4328 rulo
986 4286 1022 4328 ex
1043 4264 1213 4344 angustiore
1235 4261 1292 4320 do-

18 4414 20 4483 q
68 4375 168 4445 pmotia
184 4370 318 4443 notione,
343 4370 506 4432 secundum
522 4389 609 4451 quam
624 4367 728 4447 religio
751 4368 909 4430 christiana
932 4387 993 4430 uno
1015 4375 1128 4428 tantum
1144 4361 1188 4421 vel
1213 4359 1291 4419 duo·

69 4466 120 4529 bus
141 4470 329 4549 dogmatibus
357 4470 416 4532 illis
445 4471 483 4533 de
511 4470 640 4533 trinitate
668 4479 698 4531 et
725 4469 928 4533 incarnatione
956 4470 1004 4530 dei
1027 4465 1195 4528 continetur
1224 4464 1293 4519 cta

1071 4582 1088 4629 n
