2948 5092
529 231 639 277 oacrio
654 232 699 275 ιιι.
715 233 833 277 consus
847 235 983 281 musas.
1285 232 1347 296 583

112 383 220 445 urendi
238 401 313 444 eom.
357 381 527 443 Perturbari
551 382 628 443 enim
652 383 750 444 carnis
772 385 927 464 proprium
951 396 1006 460 est,
1031 390 1083 451 sed
1099 401 1275 468 potestatem
1291 399 1432 463 bar-m

111 486 188 546 bere
210 484 339 546 animam
361 503 416 547 suo
439 484 560 544 arbitrio
583 485 711 563 ponendi
735 494 764 546 et
786 486 923 548 sumendi
945 488 975 549 id
990 490 1091 569 utique
1106 511 1166 553 non
1182 495 1346 574 bominum,

113 588 170 649 sed
194 587 346 666 potentiae
368 585 455 646 Verbi
478 586 632 664 proprium
656 595 710 647 est
753 586 815 649 Nec
837 589 915 649 enim
938 589 1029 652 bomo
1045 611 1099 654 sua
1113 603 1271 673 potestate,
1294 602 1347 664 sed

112 699 242 751 naturae
264 688 443 749 necessitate
465 687 634 765 invitusque
657 687 793 750 moritur.
816 676 875 749 'At
889 689 1044 766 Dominus,
1067 695 1117 772 qui
1139 696 1206 775 ipse
1228 701 1347 778 quidem

113 790 294 852 immortalis
324 798 383 862 est,
413 788 465 849 sed
496 788 649 849 mortalem
673 798 857 851 assumserat
880 809 1015 867 carnem,
1042 803 1220 874 potestatem
1243 802 1347 865 babuit
1377 826 1382 838 ·

112 902 150 955 ut
170 892 252 954 Deus
275 890 446 952 discedendi
468 909 484 950 a
507 908 633 969 corpore
655 890 785 970 illudque
807 892 915 954 iterum
938 896 1127 970 assumendi,
1150 917 1216 961 cum
1240 903 1343 964 rotue-

112 995 165 1055 rit
213 995 277 1066 Qua
300 994 337 1054 de
359 1011 392 1052 ro
416 993 453 1052 ita
477 991 582 1052 cecinit
603 991 709 1053 David:
738 992 810 1055 Non
832 995 1021 1078 dereb'rcpses
1044 1003 1176 1061 cetimum
1196 1021 1290 1064 meum
1313 1010 1345 1068 iu

112 1096 258 1174 insarno,
287 1113 380 1174 neque
400 1095 485 1191 dubis
508 1092 654 1155 Sanctum
677 1104 762 1156 tuum
784 1096 886 1156 videre
909 1103 1146 1179 corruptionem.
1191 1101 1345 1182 Siquidem

112 1195 241 1257 decebat
261 1214 394 1266 oarntrm,
417 1213 493 1274 quae
516 1194 700 1273 corruptioni
723 1202 787 1256 erat
808 1195 955 1271 obnoxia,
977 1218 1038 1261 nou
1060 1201 1186 1280 amplius
1208 1222 1264 1282 pro
1287 1224 1343 1267 na-

112 1307 181 1358 tura
206 1317 260 1359 sua
282 1298 434 1358 mortalem
459 1315 588 1369 manere,
613 1296 665 1356 sed
688 1306 812 1375 propter·
827 1299 966 1373 Verbum,
990 1302 1071 1380 quod
1094 1303 1172 1363 ibam
1196 1305 1342 1381 induerat,

112 1398 319 1476 corruptionis
342 1408 491 1476 expertem
514 1417 592 1458 esse.
637 1398 711 1459 Nam
734 1409 766 1461 ut
786 1398 851 1477 ipse
873 1411 979 1462 nostro
1002 1412 1123 1483 accepto
1139 1423 1267 1485 corpore
1282 1427 1341 1468 no-

112 1509 175 1562 stra
198 1509 245 1561 est
265 1499 411 1572 imitatus,
435 1500 475 1560 ita
498 1519 553 1559 nos
577 1507 718 1579 suscepto
741 1501 837 1561 Verbo
860 1502 1090 1566 immortalitatis
1113 1505 1246 1568 eiusdem
1268 1527 1341 1588 par·

114 1602 222 1682 tioipes
241 1603 399 1663 efficimur.
949 1666 952 1673 .

201 1705 253 1766 58.
296 1703 418 1763 Frustra
441 1721 512 1780 ergo
536 1702 706 1763 scandalum
728 1701 787 1782 pati
811 1703 952 1765 simulant
974 1714 1004 1767 et
1025 1707 1092 1768 vilia
1108 1707 1145 1769 de
1156 1710 1252 1771 Verbo
1269 1732 1342 1774 seu·

113 1806 193 1867 tiuut
214 1804 330 1877 Ariani,
364 1805 443 1882 quod
466 1805 565 1884 ipsum
588 1804 792 1883 perturbatum
815 1806 909 1866 fuisse
932 1816 962 1868 et
983 1809 1102 1871 flevisse
1124 1810 1268 1890 scriptum
1291 1815 1340 1877 sit.

112 1907 193 1969 Hinc
215 1906 293 1967 enim
316 1926 353 1967 ne
376 1892 536 1967 burrianum
559 1907 678 1985 quidem
702 1925 825 1968 sensum
847 1907 958 1969 babere
979 1909 1130 1985 videntur,
1160 1913 1269 1994 quippe
1291 1916 1343 1995 qui

110 2008 270 2070 bominum
297 2008 434 2087 ignorent
460 2016 595 2068 naturam
625 2015 655 2066 et
680 2008 897 2088 proprietates,
926 2010 964 2071 ob
992 2030 1066 2091 quas
1088 2022 1169 2074 certe
1192 2035 1227 2075 eo
1249 2018 1342 2096 magis

111 2109 302 2173 admirationi
325 2129 392 2171 esse
415 2110 526 2183 debuit,
549 2111 628 2189 quod
652 2108 780 2171 Verbum
802 2111 833 2171 in
854 2110 1025 2174 huiusmodi
1048 2133 1136 2193 carne
1158 2116 1262 2189 tuerit,
1287 2137 1342 2178 nec

108 2211 300 2292 prohibuerit
322 2211 523 2284 insidiatores,
546 2230 601 2272 nec
622 2211 830 2272 interfectores
853 2211 946 2274 ultum
969 2215 1026 2286 sit,
1048 2216 1182 2293 quamvis
1204 2217 1234 2279 id
1258 2218 1341 2279 sante

110 2313 160 2375 ilde
183 2313 349 2392 potuisset,
378 2313 427 2391 qui
450 2313 487 2373 ab
510 2311 574 2373 aliis
597 2320 724 2372 mortem
743 2311 883 2393 probibet
906 2322 936 2374 et
957 2322 1094 2376 mortuos
1117 2316 1152 2376 ad
1176 2317 1265 2379 ritem
1289 2339 1339 2380 re-

110 2398 207 2477 ro'cat
253 2415 360 2475 Verum
389 2432 497 2492 corpus
527 2433 612 2474 suum
643 2412 704 2490 pati
724 2413 878 2492 permisit,
906 2415 1161 2495 quandoquidem,
1190 2427 1222 2479 ut
1250 2439 1340 2499 supra

110 2515 184 2589 dixi,
206 2514 317 2576 ideirco
341 2525 476 2587 venerat,
501 2523 532 2575 ut
555 2532 643 2575 carne
665 2522 832 2593 pateretur,
862 2535 957 2594 eoque
980 2524 1066 2595 pacto
1089 2536 1158 2578 caro
1181 2517 1210 2578 iu
1231 2528 1427 2598 poste-neor,

108 2636 176 2680 rum
200 2617 393 2697 impassibilis
416 2617 590 2677 redderetur
606 2623 635 2675 et
650 2616 838 2690 immortalis,
861 2625 960 2697 atque,
984 2618 1232 2697 quemadmodum
1248 2639 1339 2701 saepe

109 2720 258 2794 dimmus,
288 2729 320 2780 ut
348 2719 470 2779 iniurius
501 2727 655 2797 ceteraque
678 2717 758 2778 velut
778 2718 829 2779 ilio
852 2719 983 2798 patiente
1005 2736 1038 2780 ea
1060 2720 1097 2781 ad
1120 2720 1259 2782 homines
1281 2723 1339 2785 iam

108 2840 172 2883 uon
195 2819 321 2900 amplius
345 2821 489 2882 auderent
511 2820 661 2890 accedere,
684 2820 737 2881 sed
760 2819 796 2880 ab
819 2820 886 2899 ipso
903 2820 1022 2900 penitus
1037 2819 1216 2895 delerentur,
1239 2822 1339 2901 ibique

108 2923 253 3003 deinceps
285 2930 431 3003 perpetuo
465 2920 628 2999 incorrupti
658 2928 796 3000 tanquam
828 2921 971 3002 templum
1000 2921 1087 2983 Verbi
1120 2931 1339 3002 permanerent.

109 3024 146 3117 Si
172 3025 249 3086 baec
275 3043 376 3085 secum
401 3024 510 3086 Cbristi
535 3010 643 3084 bostes
673 3020 871 3101 cogitassent,
894 3023 1193 3102 Ecclesiasticumque
1215 3045 1340 3106 scopum

109 3136 251 3206 tanquam
280 3126 347 3187 fidei
376 3125 534 3187 anchoram
556 3123 767 3204 agnovissent,
794 3124 967 3204 neutiquam
989 3125 1067 3187 circa
1088 3123 1176 3189 tidem
1198 3127 1341 3191 fecissent

108 3227 305 3307 naufragium,
329 3246 425 3306 neque
447 3228 520 3289 adeo
544 3235 645 3289 essent
667 3224 865 3305 impudentes,
889 3236 923 3288 ut
943 3226 990 3289 bis
1012 3225 1209 3301 resisterent,
1232 3227 1283 3307 qui
1305 3246 1339 3289 se

107 3331 213 3412 lapsos
242 3339 387 3391 conanum
415 3329 545 3408 erigere,
574 3346 630 3389 neo
656 3326 724 3389 ilios
747 3327 804 3391 sibi
828 3329 963 3390 intensos
986 3327 1145 3403 baberent,
1174 3329 1280 3409 quise
1303 3329 1340 3391 ad

108 3451 211 3497 reram
232 3432 373 3513 pietatem
396 3430 629 3510 amplectendam
652 3429 854 3493 cohortentur.
901 3431 1052 3503 Sedenim,
1076 3438 1109 3492 ut
1123 3429 1248 3505 ridetur,
1263 3431 1340 3494 mata

108 3535 246 3616 psfoieoto
273 3551 323 3594 res
352 3543 400 3594 est
426 3532 608 3605 haereticam,
637 3531 816 3613 penitusque
847 3541 1021 3613 corruptum
1044 3531 1132 3593 etad
1156 3532 1339 3614 impietatem
1452 3542 1456 3558 ¹

107 3797 165 3868 post
189 3789 290 3866 Regi.
308 3796 333 3866 ep
352 3789 496 3867 §eguerim
516 3779 578 3835 οὕτε
594 3779 699 3835 ἐκώλυε.
751 3785 858 3863 ιιιοιιιι.
877 3786 900 3836 δ.
924 3787 997 3864 'ibid
1020 3786 1078 3863 flag.
1098 3785 1119 3835 1.
1145 3794 1170 3863 et
1184 3786 1285 3862 degoen
1305 3775 1341 3859 df

107 3856 158 3975 Mb
174 3847 528 3989 ιΙιιιῗηι..Ἥεδέἐὲιιιρἐιυὲεδ.ιὰ
545 3920 627 3970 τοῦτο
643 3915 711 3987 γὰρ’
750 3848 1342 3985 κ.ξοῖοξιζιὶῗι.οὲιῗιιθξιοὲῒισζΐμᾙὲιῖ

105 3987 162 4043 “5¹
199 3994 226 4044 '¹¹
244 3993 300 4045 ‘¹¹³⁸
317 4004 341 4043 ⁶¹
358 3993 430 4043 ’Μ’
447 3986 502 4058 γάρ
516 3991 699 4070 inmundi
784 4016 802 4065 ι.
819 4002 925 4078 dieique
950 4014 1006 4076 [teg.
1032 4021 1056 4063 et
1072 4013 1213 4075 Segestica.
1231 4001 1281 4056 atr
1297 4019 1336 4057 τε.

104 4070 166 4142 2⁰⁸¹
184 4061 241 4125 ¹¹²⁸·
262 4061 284 4111 ¹·
309 4070 332 4111 ‘¹
354 4062 453 4124 ΜΨ·
478 4073 524 4107 “²⁴
540 4055 700 4136 ΜΨ
750 4082 795 4134 ιιι
814 4091 838 4133 ιι
855 4083 912 4133 ιιι
929 4075 980 4130 τὸν
994 4076 1033 4131 et.
1069 4079 1121 4130 ιιι
1139 4080 1197 4142 neg.
1211 4078 1234 4128 t.
1252 4083 1276 4127 ec
1291 4076 1340 4126 se·

105 4123 229 4260 ἓὲθήι.
266 4130 312 4180 stu
335 4137 360 4180 et
377 4130 435 4179 editi
451 4121 497 4175 καὶ
513 4120 611 4175 λοιπὸν
627 4139 699 4174 uuor-
750 4156 857 4214 mnan·
875 4143 1066 4215 &mmm
1101 4148 1146 4197 Am
1165 4155 1188 4197 a
1211 4144 1268 4196 edm
1285 4137 1339 4210 M.

162 4234 169 4249 ’
673 4259 685 4272 .
750 4230 867 4268 mma.
1328 4230 1336 4245 s

103 4265 339 4401 essen
362 4265 465 4383 naa
487 4254 526 4386 tt
548 4275 634 4380 cs:
651 4274 701 4378 :s
784 4310 808 4361 ι.
1050 4299 1121 4358 ιι.
1156 4302 1339 4357 ιιι

104 4403 167 4467 155,
751 4372 822 4431 οὖδέ.
914 4430 918 4435 ,

139 4472 168 4523 h.
184 4458 333 4539 ἄφθαρτοι
350 4430 449 4521 abens
467 4467 540 4519 uuit.
557 4468 615 4532 Reg.
632 4465 657 4517 2.
676 4474 700 4516 ct
743 4538 756 4557 .
784 4464 803 4516 Ι.
818 4466 919 4530 Seguer.
935 4452 1069 4529 πονηράν.
