2948 5092
138 240 201 305 628
535 254 968 301 ειτιεαεεαεαεετεεαοοη

52 399 234 472 amhae.
274 404 303 472 εί
323 406 383 490 μὲν
404 404 464 490 γάρ
488 397 545 470 οῦκ
567 403 656 471 ἔστιν
678 402 712 470 ἐκ
732 406 792 471 τοῦ
815 407 899 471 θεοῦ
922 398 941 469 6
961 402 1068 490 λόγος,
1091 405 1232 485 είκότως
1252 399 1292 473 άν
1308 402 1356 474 οῦ

137 505 196 575 τὸν
218 500 371 593 άρνοίντο
393 501 477 573 εἶναι
498 505 585 585 υἱόν,
611 505 640 573 εί
662 506 698 572 δὲ
720 504 755 573 ἐκ
775 509 834 571 τοῦ
857 508 943 573 θεοῦ
965 504 1052 585 ἐστι,
1082 507 1177 574 άιατί
1196 506 1242 592 μά
1269 532 1359 575 συνο

137 611 242 693 ρῶσιν
264 604 318 675 ὄτι
338 608 378 675 τὸ
400 609 435 676 ὄκ
455 631 545 687 τινος
559 603 706 693 ῦπάρχον
721 605 793 686 υἱός
808 606 901 676 ἐστιν
916 607 1050 695 ἐκείνου,
1073 606 1112 688 ίξ
1126 597 1167 674 οῦ
1181 609 1242 676 καὶ
1256 610 1358 693 ἕσσας

137 705 211 778 είτα
233 710 263 779 εί
283 715 342 778 τοῦ
364 710 462 797 λόγου
484 709 594 796 πατήρ
616 708 706 777 ίάτιν
728 703 746 774 6
767 708 860 790 θεός,
885 710 976 777 άιατί
996 709 1042 796 μὴ
1063 709 1121 777 καὶ
1143 707 1359 798 ὃλόγοςυὶὸς

138 807 180 880 ἂν
208 814 258 901 εἴη
284 816 343 879 τοῦ
372 813 489 880 ἑαυτοῦ
517 809 661 897 πατρόςς
697 810 807 897 πεσὴρ
835 810 897 897 γάρ
927 817 979 890 τίς
1000 811 1150 880 ἐστικαὶ
1173 805 1357 899 λίγεταιοῖτ

139 914 228 984 ἔστιν
257 912 276 982 6
304 913 390 995 υίός,
424 916 477 981 καὶ
506 912 649 992 υἱόςτίς
670 911 819 980 ἐστικαὶ
841 914 970 999 λέγεται
992 912 1134 995 ἐκείνου,
1169 904 1212 981 οῦ
1235 912 1355 984 ἔσται’

138 1015 258 1104 πατήρ.
306 1018 336 1084 εί
360 1022 470 1082 τοίνυν
496 1018 555 1080 τοῦ
577 1018 726 1101 Χριστοῦ
756 1009 818 1105 οῦκ,
843 1015 915 1083 ἔστι
936 1016 1047 1104 πατὴρ
1069 1011 1088 1082 6
1110 1015 1212 1099 θεός,
1249 1014 1353 1085 οῦόὲό

140 1118 237 1205 λόγος
258 1118 329 1199 υίὸς
351 1113 391 1185 άν
413 1118 473 1204 εἴη,
497 1117 527 1183 εἰ
548 1118 585 1197 66
606 1115 733 1205 ’πατὴρ
755 1113 774 1183 6
795 1115 887 1198 θεός,
912 1114 1046 1196 εἰκότως
1067 1111 1109 1184 άν
1131 1120 1185 1207 εἴη
1202 1123 1259 1187 καὶ
1275 1117 1353 1187 όλό

137 1245 196 1307 γος
217 1221 296 1301 υἱός.
335 1220 364 1289 εί
386 1221 422 1287 δὲ
444 1216 622 1304 ὄστερονμ
625 1220 659 1285 ὲν
681 1217 791 1305 πατὴρ
812 1221 866 1285 καὶ
888 1222 1022 1305 πρῶτον
1043 1217 1138 1299 θεός,
1162 1217 1351 1308 δἈρειυνόν

137 1325 198 1409 μὲν
219 1323 258 1389 τὸ
280 1322 448 1412 φρόνημα·
471 1319 631 1388 ί’πειτα’
609 1343 736 1387 ατυπον
757 1319 1081 1406 μεταβάλλεσθαι
1047 1346 1107 1388 τον
1128 1322 1229 1403 θεόν,
1254 1347 1351 1408 σωμα-

138 1425 229 1492 τικὸν
243 1426 321 1547 γάρ.
359 1424 389 1492 εί
410 1419 497 1491 66⁰
469 1448 577 1509 ωςντερ
600 1421 737 1511 ἐπὶ”της
757 1429 894 1501 κτίσεως
911 1418 1052 1510 ὄστερον
1073 1423 1231 1510 ποιητής,
1257 1426 1346 1493 ἱστία

139 1522 192 1594 ὄτι
212 1531 279 1594 τιῦν
300 1522 529 1612 γινομένων(
516 1522 652 1611 όστερόν
674 1521 803 1592 ἐστιν’
784 1552 805 1610 η
827 1524 1004 1613 μεταβολή,
1027 1518 1102 1609 οῦχὶ
1123 1529 1186 1592 τοῦ
1210 1531 1306 1595 θεοῦ.

226 1636 274 1698 16.
319 1628 419 1696 El
381 1654 441 1713 μεν
463 1617 521 1695 οῦν
542 1633 672 1715 ποίημα
692 1632 748 1695 καί
770 1623 809 1692 ¹¹6
831 1626 917 1708 υἱός,
940 1622 1092 1706 καλῶς
1065 1653 1112 1694 αν
1132 1624 1277 1716 ὕστερον
1296 1654 1350 1695 πο-

137 1730 197 1818 τὴρ
218 1729 274 1798 καλ
295 1725 347 1798 ἐπ’
371 1723 481 1811 αὐτοῦ,
506 1728 536 1796 εί
557 1724 651 1797 δὲ’
615 1753 652 1795 ου
675 1725 845 1817 ποίημα(
828 1752 845 1795 ο
868 1728 949 1809 υἱός,
973 1723 1069 1797 άεὶ”
1046 1754 1113 1816 αρα
1128 1755 1148 1797 ο
1136 1727 1290 1819 “παττ’γρ,
1309 1725 1363 1799 άελ.

137 1833 193 1901 καὶ
215 1830 233 1899 6
256 1833 336 1911 υἱός.
374 1832 404 1899 εί
425 1832 462 1899 66
484 1825 535 1898 άεί
556 1826 594 1897 ’6
615 1831 702 1912 υἱός,
736 1826 835 1911 αῦτὸς
857 1826 897 1898 άν
919 1831 969 1918 εἴη
993 1827 1011 1898 6
1032 1831 1140 1918 λόγος.
1181 1834 1215 1901 εἰ
1236 1829 1348 1921 γὰρμὴ

141 1936 210 2016 υίὸς
238 1936 287 2023 εἴη
317 1931 335 2001 6
362 1933 473 2020 λόγος,
503 1936 558 2000 καὶ
579 1933 677 2001 τοῦτό
698 1958 750 2013 τις
772 1929 974 2018 άποτολμῶν
996 1935 1103 2014 εἴποι,
1137 1930 1159 2023 ἢ
1182 1934 1349 2021 τὸνλόγον

138 2044 268 2125 πατέρα
293 2038 378 2123 λέγει
405 2030 427 2124 ἢ
453 2035 511 2101 τὸν
538 2035 609 2102 υἱὸν
637 2042 808 2122 κρείττονα
834 2038 893 2101 τοῦ
916 2035 1024 2121 λόγου.
1060 2038 1121 2102 τοῦ
1143 2036 1210 2123 γὰρ
1233 2038 1303 2105 υἱοῦ
1321 2035 1350 2104 ίν

98 2190 102 2195 -
138 2139 277 2219 κόλποις
306 2136 401 2218 ὄντος
428 2141 487 2204 τοῦ
516 2136 688 2224 πυρός’),
721 2134 841 2225 άνάγκνγ
870 2131 891 2222 ἢ
918 2136 963 2224 μὴ
991 2131 1077 2204 εἶναι
1097 2137 1169 2224 πρὸ
1192 2140 1283 2207 ὐἱοῦ
1302 2138 1349 2206 τὸν

138 2240 249 2327 λόγον,
274 2235 370 2308 οῦδὲν
390 2240 453 2327 γάρ
475 2238 545 2307 ἐστι
568 2240 635 2326 πρὸ
656 2242 715 2306 τοῦ
738 2236 834 2318 ὄντος
856 2237 890 2306 ἓν
911 2242 958 2325 τῷ
980 2246 1100 2325 πατρί,
1124 2234 1146 2326 ἢ
1169 2241 1202 2308 εί
1226 2236 1244 2308 6
1265 2241 1349 2326 λόγος

138 2340 237 2423 άλλος
259 2342 331 2411 ἐστὶ
352 2342 444 2429 παρὰ
467 2341 525 2408 τὸν
546 2340 627 2421 υἱόν,
652 2336 670 2406 6
692 2340 788 2428 λόγος
809 2334 849 2407 άν
872 2340 923 2426 ε’ίη
947 2335 965 2404 6
987 2339 1108 2428 πατήρ,
1132 2341 1169 2409 ἐν
1193 2333 1348 2430 ᾦέστινό
1382 2330 1385 2429 ᾖ

140 2446 217 2524 υἱός.
255 2446 285 2513 εί
313 2447 349 2513 66
378 2438 435 2512 οῦκ
457 2444 546 2511 ἔστιν
569 2438 588 2509 6
610 2443 705 2529 λόγος
725 2442 851 2529 πατήρ,
883 2436 966 2507 ἀλλὰ
987 2439 1099 2527 λόγος,
1130 2442 1228 2524 ἐκτὸς
1249 2439 1289 2529 άν
1307 2443 1377 2530 εἷς·

137 2546 156 2609 6
179 2549 274 2633 λόγος
295 2550 354 2614 τοῦ
378 2546 513 2633 πατρός,
538 2544 632 2624 ὄντος
653 2548 712 2611 τοῦ
733 2546 806 2611 υίοῦ
829 2544 863 2610 ἓν
884 2553 956 2621 τοῖς
976 2541 1116 2622 κόλποις
1137 2549 1200 2612 τοῦ
1223 2546 1347 2632 πατρός.

137 2644 175 2714 αι’·
203 2650 263 2736 γάρ
293 2645 480 2737 ἀμφότερα,
511 2646 577 2725 ὄ,τε
598 2646 694 2732 λόγος
714 2645 769 2714 καί
792 2643 810 2711 6
832 2644 916 2724 υἱός,
946 2644 979 2711 ἐν
1000 2655 1073 2723 τοῖς
1095 2644 1256 2730 κόλποις,
1288 2641 1345 2715 ἄλλ’

137 2754 194 2817 λ’να
216 2747 301 2817 είναι
323 2751 449 2817 δεῖκαὶ
471 2752 589 2815 τοῦτον
610 2748 668 2815 τὸν
692 2748 776 2829 υἱόν,
801 2744 837 2826 ὄς
859 2747 929 2813 ἔστι
951 2747 1138 2834 μονογενής.
1173 2754 1234 2818 καὶ
1256 2750 1345 2817 πάλιν
1382 2766 1385 2817 Ι

137 2853 166 2917 εἰ
188 2850 287 2930 άλλος
308 2850 417 2918 ’ἐστὶν
447 2847 464 2916 6
488 2850 583 2935 λόγος
604 2854 656 2917 καί
681 2849 781 2930 ἄλλος
802 2845 820 2916 6
842 2848 928 2928 υἱός,
958 2856 1114 2935 κρείττων
1137 2846 1345 2941 εὑρεθήσεται
1382 2836 1385 2881 ¹

137 2950 155 3016 6
180 2954 249 3032 υίὸς
270 2956 329 3018 τοῦ
352 2951 459 3038 λόγου,
485 2946 593 3033 οὐδεὶς
613 2952 674 3038 γὰρ
695 2952 847 3039 γινώσκει
867 2949 924 3017 τὸν
947 2957 1076 3037 πατέρα
1099 2951 1130 3019 εί
1150 2953 1198 3038 μὴ
1216 2950 1343 3031 όυίόςλ,

138 3049 195 3136 οὐχ
218 3049 235 3119 6
259 3053 362 3139 λόγος.
400 3046 553 3149 ἢτοίνυν
575 3050 633 3121 οῦκ
655 3048 743 3123 ολόεν
766 3048 785 3120 ό
806 3052 918 3139 λόγος,
940 3047 962 3139 ἢ
984 3052 1013 3119 εἰ
1035 3046 1141 3133 οἶδεν,
1172 3057 1296 3139 ψεῦδος
1312 3051 1342 3127 τό
1372 3080 1378 3097 ·

51 3168 127 3211 οων.
138 3152 245 3230 οὐδεὶς
272 3153 432 3238 γινώσκει.
475 3150 515 3219 τό
543 3148 624 3220 αότὸ
647 3155 683 3222 66
703 3158 759 3223 καί
779 3154 837 3225 66
857 3156 916 3221 τοῦ
938 3149 957 3219 ό
980 3154 1133 3240 ἑωρακώς
1154 3155 1214 3240 ἐμὲ
1237 3156 1341 3242 ἑόρακε

138 3253 194 3318 τὸν
216 3258 382 3338 πατέρα’),
405 3256 459 3318 καὶ
482 3250 544 3338 176
566 3259 620 3320 καὶ
644 3250 662 3321 6
683 3255 793 3345 πατὴρ
814 3257 849 3325 ἓν
870 3255 1005 3341 ἒσμενἾ,
1028 3258 1103 3323 υίοῦ
1125 3256 1190 3344 γάρ
1205 3259 1271 3327 είοι
1284 3282 1339 3346 ςαα

137 3360 205 3432 ναί,
238 3352 293 3420 καὶ
320 3349 356 3420 οό
386 3354 483 3439 λόγου
514 3350 581 3420 κατ’
607 3353 742 3439 αῦτοός·
775 3359 872 3444 δῆλον
900 3358 938 3424 66
966 3353 1035 3424 άπὸ
1057 3361 1127 3425 τῶν
1149 3354 1336 3448 εὐαγγελίων.

136 3453 239 3521 Ιικατόν
259 3455 319 3541 γὰρ
342 3454 399 3521 τὸν
418 3450 566 3544 Ἰωάννην
588 3459 739 3545 λέγοντος
757 3464 818 3527 τοῦ
839 3467 967 3546 κυρίου·
990 3458 1053 3544 ἐγώ
1074 3458 1133 3526 καὶ
1154 3457 1173 3526 6
1197 3460 1300 3548 πατὴρ
1310 3457 1334 3523 ἓν

137 3557 243 3641 ἐσμεν,
268 3556 453 3641 ἐβάστασαν
475 3559 593 3639 λίθους
616 3563 648 3627 οἱ
666 3556 828 3642 Ἰουδαῖοι,
850 3562 907 3628 ἵνα
921 3560 1112 3629 λιθάσωσιν
1127 3559 1240 3630 αὐτόν.
1270 3556 1332 3629 66-

136 3666 235 3748 κρίθη
258 3653 372 3739 αὐτοῖς
395 3656 412 3726 6
431 3655 567 3747 Ἰησοῦς·
591 3663 701 3731 πολλὰ
723 3664 801 3751 ἔργα
821 3662 905 3731 καλὰ
927 3662 1034 3742 ἔδειξα
1056 3658 1136 3746 ὑμῖν
1158 3664 1194 3731 ἐκ
1215 3666 1272 3731 τοῦ
1280 3666 1329 3729 πο·

134 3761 228 3849 τρός,
258 3761 315 3829 διὰ
343 3772 444 3830 ποῖον
465 3758 587 3829 ἱαὐτῶν
610 3765 703 3851 ἔργον
725 3762 782 3850 66
803 3764 975 3847 λιθάζετες
1009 3758 1244 3853 ἀπεκρίθησαν
1263 3756 1328 3842 οότῷ

135 3864 169 3930 οἱ
186 3858 358 3930 Ἰουδαῖοι·
381 3864 460 3952 περὶ
480 3867 579 3933 καλοῦ
604 3866 698 3952 ἔργον
720 3861 759 3933 οῦ
781 3865 961 3951 λιθάζομέν
984 3888 1029 3946 σε,
1054 3863 1140 3934 ἀλλὰ
1161 3865 1241 3953 περὶ
1253 3865 1325 3950 66⁰3·

134 3972 260 4052 φημίας
282 3969 356 4032 ικαὶ
381 3963 432 4034 ὄτι
454 3966 494 4033 σὺ
518 3966 700 4054 άνθρωπος
715 3963 760 4035 νῦν
775 3979 887 4048 ποιεῖς
902 3968 1038 4035 σεαυτὸν
1053 3967 1147 4036 θεόν.
1187 3964 1323 4050 ἀπεκρίθη

205 4155 228 4215 1)
246 4156 311 4205 Ιοεα
333 4158 355 4217 l,
376 4157 415 4205 18
485 4157 1009 4219 66661627.610211169.
1080 4156 1297 4219 4)1oan.10‚.30
1326 4159 1329 4165 '

167 4308 189 4342 ε.
207 4293 264 4354 fleg.
283 4306 307 4340 ει
299 4284 385 4340 666
403 4287 492 4371 πατὴρ
512 4287 525 4339 6
545 4288 614 4346 θεός.
800 4295 822 4343 6.
841 4296 881 4343 Sic
899 4295 954 4372 [leg
972 4294 1071 4358 Seguer.
1090 4305 1115 4345 εῑ
1131 4297 1227 4347 (ἰοίνΙει.
1259 4286 1322 4343 666
1382 4347 1385 4359 1

166 4361 190 4410 h
208 4360 279 4410 ΒοείΙ.
298 4368 321 4410 ει
337 4359 428 4424 Angue.
443 4352 580 4427 Ἀρειανόν
600 4356 651 4427 μέν
669 4370 713 4412 etc.
766 4370 790 4413 εί
807 4355 905 4412 edilis
895 4377 908 4408 ο
927 4363 1004 4412 deest.
1384 4416 1385 4429 γ

167 4446 187 4479 c.
205 4431 262 4492 Reg.
281 4428 380 4493 Seguer.
397 4428 473 4483 666.
491 4437 515 4480 et
531 4428 622 4491 Angue.
639 4443 713 4494 γινο·
798 4445 819 4479 ε.
839 4430 894 4509 ίίες.
913 4438 936 4479 ει
952 4431 1052 4509 Seguer.
1070 4420 1160 4481 666‘
1130 4423 1196 4485 υιάε.
1230 4426 1323 4482 caesia

129 4492 229 4563 μένων.
265 4495 311 4549 Alii
328 4511 382 4549 ιεεο
400 4504 424 4549 εί
441 4496 498 4551 εάίίί
514 4492 676 4564 γενομένων.
765 4488 854 4551 066²
839 4511 881 4547 αει
898 4488 912 4546 6
930 4490 995 4552 υἱός.
