2948 5092
460 271 605 314 aarsroca
620 271 657 314 av.
672 273 709 314 ao
725 271 920 316 samaronrra.
1234 259 1293 324 811

64 422 248 503 spiritualia.
293 422 374 495 Quot
395 422 472 482 enim
494 422 664 484 bominibus
687 441 794 502 corpus
816 424 889 484 satis
912 432 993 485 esset
1006 424 1043 486 ad
1058 443 1153 499 esum,
1176 436 1208 487 ut
1222 426 1293 488 illud
1302 443 1378 492 arlo.

65 526 169 587 totius
190 524 292 586 mundi
314 525 398 585 lieret
419 522 611 586 alimentum?
640 523 698 585 Sed
720 524 788 585 ideo
811 526 1141 588 meminitascensionis
1157 527 1221 588 Filii
1237 528 1294 588 ho-

64 627 166 688 minis
189 626 219 686 in
240 625 362 697 caelum,
386 633 415 686 ut
437 644 453 686 a
475 625 620 705 corporali
642 625 819 705 cogitatione
833 628 918 705 ipsos
933 629 1104 702 retraheret,
1127 637 1211 707 atquc
1227 629 1295 692 hinc

68 728 261 800 ediscerent,
293 746 409 788 carnem
433 726 469 789 de
491 745 548 805 qua
568 727 709 806 loquutus
731 729 841 801 luerat,
872 722 970 790 cibum
1000 729 1176 810 asapernis
1199 730 1295 792 caele·

65 838 152 893 stem
175 837 204 891 et
225 829 406 909 spiritualem
430 828 598 890 alimoniam
619 828 743 909 abipso
766 829 839 892 dari.
883 829 955 900 Nam
977 851 1052 912 quoe
1070 832 1212 913 loquutus
1228 851 1296 895 sitm

64 934 169 1003 vobis,
194 931 296 1011 inquit,
321 935 447 1012 spiritua
471 943 498 993 ct
521 935 583 993 vito
606 942 686 993 aunt.
732 930 818 1003 Quod
840 931 963 1010 perinde
986 940 1033 993 cst
1059 951 1093 993 ac
1121 934 1146 994 si
1168 933 1293 996 diceret:

66 1034 182 1113 „quod
204 1033 371 1095 ostenditur
394 1042 423 1093 et
444 1032 530 1093 datur
551 1050 605 1111 pro
628 1020 729 1094 mundi
752 1033 856 1106 saluta,
879 1051 947 1093 caro
971 1041 1031 1108 est,
1055 1053 1217 1114 quamego
1239 1054 1292 1114 ge·

66 1145 168 1211 „sto3
199 1135 251 1197 sed
283 1125 355 1196 bae'c
376 1134 461 1195 robis
485 1152 550 1195 eum
572 1133 637 1195 eius
660 1134 804 1213 sanguine
826 1154 843 1195 a
863 1153 911 1194 me
934 1134 1126 1214 spirituallter
1149 1155 1215 1197 esca
1238 1137 1291 1197 da·
1360 1208 1365 1217 Ι

64 1236 197 1311 „bitur,
231 1237 271 1297 ita
297 1246 329 1298 ut
356 1236 430 1297 baec
450 1235 642 1315 spiritualiter
662 1235 819 1314 unicuique
840 1236 1000 1310 tribuatur,
1035 1245 1064 1298 et
1091 1237 1141 1298 liat
1168 1238 1291 1317 singulis

10 1394 12 1401 .
69 1346 234 1412 „tutamen
257 1339 287 1398 in
309 1338 555 1399 resurrectionem
579 1337 654 1399 ritae
675 1342 844 1398 aeternae.“
888 1336 938 1398 Sic
959 1345 989 1399 et
1003 1336 1214 1400 samaritanam
1230 1339 1291 1400 llo-

64 1438 171 1501 minus
194 1439 369 1500 abstrahens
398 1457 415 1499 a
442 1437 631 1500 sensibilibus
655 1438 747 1498 [teum
770 1438 842 1500 dixit
864 1457 931 1500 esso
953 1439 1111 1518 Spiritum,
1143 1449 1176 1500 ut
1203 1441 1290 1502 dein·
1394 1434 1400 1447 '

10 1576 12 1581 ·
63 1559 142 1621 ceps
164 1541 212 1602 illa
233 1559 294 1602 non
316 1541 509 1619 corporaliter
531 1539 583 1601 sed
605 1539 796 1618 spiritualiter
824 1540 861 1600 do
885 1541 946 1602 [leo
975 1541 1124 1620 cogitaret
1169 1543 1218 1603 Sic
1238 1541 1289 1602 iti-

10 1686 14 1711 2
61 1641 87 1705 d
160 1642 308 1722 Propheta
330 1661 397 1703 cum
419 1642 512 1702 Deum
535 1658 653 1701 carnem
674 1642 781 1702 lactum
797 1640 1053 1722 contemplaretur,
1076 1643 1130 1703 ait:
1154 1643 1291 1722 Spiritus

10 1806 12 1813 ,
59 1744 103 1825 so
155 1747 306 1808 ’nostroe
323 1744 460 1806 Christus
481 1743 639 1817 Dominus,
662 1760 699 1803 ne
721 1743 788 1822 quis
811 1762 845 1804 er
868 1763 914 1815 eo,
937 1744 1016 1822 quod
1038 1744 1205 1824 apparebat,
1228 1743 1312 1805 llo··

59 1845 182 1907 minum
205 1864 271 1907 esse
293 1864 408 1906 merum
430 1844 580 1908 bominem
603 1843 798 1915 existimaret,
831 1845 884 1906 sed
906 1845 976 1906 dum
999 1845 1143 1926 Spiritum
1164 1847 1289 1920 audiret,

21 1950 27 1961 '
59 1944 162 2009 Deum
184 1956 358 2025 agnosceret
380 1964 447 2008 esse
469 1964 546 2017 eum,
570 1944 619 2023 qui
640 1945 818 2025 incorpore
841 1955 930 2008 esset.

152 2251 203 2313 20.
248 2232 368 2313 Planum
391 2251 489 2328 itaque
511 2258 670 2328 utrumque
691 2250 787 2321 luerit,
810 2269 888 2326 eum,
911 2254 960 2331 qui
976 2252 1131 2314 [lominum
1154 2251 1233 2313 videt
1249 2252 1370 2317 donni.

58 2369 98 2414 se
122 2351 339 2423 disserentem,
368 2353 393 2413 si
418 2360 529 2412 tantum
553 2349 717 2430 corporalia
740 2352 802 2412 eius
825 2362 939 2431 spectet
960 2363 991 2415 et
1011 2372 1072 2415 nou
1093 2353 1217 2415 medens
1240 2354 1287 2415 di-

58 2459 128 2515 cat:
156 2452 237 2516 Uatde
259 2454 328 2515 batia
349 2458 408 2515 a'ato
430 2450 602 2534 sapientiai?
630 2469 753 2539 peccare
780 2453 899 2532 quidem
921 2462 951 2516 et
971 2464 1108 2534 tanquam
1131 2454 1163 2514 in
1184 2454 1289 2515 Filium

57 2742 122 2792 aaaii
143 2741 173 2790 ad
196 2757 266 2791 suum
294 2756 376 2792 aerum
393 2743 549 2806 Aegyptiacae
565 2741 650 2791 Eccle·
678 2718 752 2791 0saraa
776 2742 912 2793 Editionem
935 2738 993 2808 [llil.
1013 2743 1100 2793 Pictor.
1125 2743 1187 2807 Opp.
1211 2742 1287 2794 Paris.

55 2810 112 2860 siae
131 2810 254 2859 immutata
271 2811 339 2860 fides
364 2818 407 2859 cst.
444 2811 529 2859 Verum
554 2825 606 2859 cnm
625 2808 649 2859 id
702 2808 789 2872 1693]
808 2826 871 2860 num.
887 2810 928 2859 57.
946 2818 970 2860 et
986 2825 1013 2867 se
1031 2810 1170 2863 uentibus,

55 2886 172 2928 notarum
192 2879 306 2928 harumce
324 2880 426 2928 brevitas
450 2893 498 2927 non
524 2880 599 2936 terat,
625 2884 649 2926 et
734 2894 754 2927 a.
774 2880 831 2941 Rag.
850 2886 874 2928 et
891 2880 1021 2940 Seguer.t
1062 2866 1191 2948 οῆανόν.

55 2944 152 3010 alioqui
169 2948 311 3010 saepissime
321 2961 361 2996 res
376 2947 462 3007 agitata
475 2947 554 3005 luerit,
574 2960 648 2996 unum
734 2948 756 2994 b.
775 2947 815 2996 Sic
829 2948 884 3027 lleg.
895 2948 994 3010 Seguer.
1006 2946 1104 2998 Gobler.
1115 2946 1251 2997 etFelcltm.
1264 2946 1285 2997 1.

54 3012 190 3063 alterumue
215 3015 319 3064 sultlriat
347 3029 375 3063 cx
398 3014 491 3063 isidoro
516 3028 647 3093 apponere.
697 3013 760 3063 Editi
778 3030 833 3064 aero
857 3008 923 3082 νπὲρ
948 3010 997 3061 roci
1013 3008 1117 3081 κόσμου
1136 3006 1286 3073 δοθήσεται

54 3081 167 3131 Primam
186 3096 213 3131 ea
231 3083 272 3131 lib.
286 3083 306 3131 l.
325 3083 401 3146 Epist.
417 3083 470 3132 109.
481 3076 526 3128 καὶ
544 3076 588 3130 sui
600 3079 648 3139 τῆς
697 3077 790 3146 τροφή
809 3084 906 3132 omissis
924 3083 1015 3131 multis.

53 3144 192 3215 τραπέζης
215 3149 410 3215 suspensuris
427 3145 477 3197 τὸν
494 3142 580 3228 ἄρτον
598 3143 648 3196 τὸν
731 3167 752 3200 c.
772 3150 870 3201 Gobler.
888 3160 912 3200 et
930 3150 1034 3200 Falclm.
1046 3150 1068 3200 l.
1086 3147 1282 3217 πνευματικαῖς-

52 3210 162 3270 κοινόν,
182 3216 263 3283 σῶμα
282 3212 370 3266 idrudv
387 3217 434 3277 τῆς
447 3209 530 3265 uiroc
544 3209 648 3282 capnit-
697 3218 752 3279 lleg.
766 3219 897 3280 etSeguer.
908 3215 1107 3282 πνευματικῶν,
1127 3216 1206 3266 minus
1219 3226 1285 3267 recto

55 3297 128 3338 σεως
146 3277 313 3351 ἀποφαῖνον.
357 3288 384 3336 Et
407 3290 432 3336 in
449 3288 546 3348 ltpstica
568 3301 648 3336 mento
696 3287 720 3334 ni
740 3286 819 3335 tollor.
860 3286 920 3337 lbid.
939 3286 996 3348 lleg.
1020 3286 1120 3348 Segacr.
1145 3286 1242 3336 Gobler.
1261 3292 1285 3336 ct

54 3362 199 3404 commum
228 3372 310 3419 panem
335 3359 453 3420 proprium
477 3356 646 3404 incarnationis
697 3353 801 3403 Felclm.
819 3353 839 3402 l.
859 3345 933 3407 ὕςῐε.
976 3354 1036 3404 Editi
1055 3362 1079 3404 ct
1096 3355 1169 3413 ceteri
1186 3345 1231 3406 adr.

54 3423 586 3555 aar‘nzutttuuatt,tttut
599 3422 647 3549 ta
731 3422 753 3540 l:
771 3420 1076 3552 tilitllltllltl·
1093 3414 1235 3541 {titt
1260 3490 1284 3539 ia

52 3551 410 3691 ttssttttttitt‘t
433 3555 645 3678 mittit?
695 3556 809 3691 {lilii
826 3557 888 3692 lli·
903 3557 1284 3680 ittltattlttatlitlt·

52 3642 647 3757 tionirpoeemiasiudcaeeonctificontea?educti
695 3692 802 3759 πνεῦμα
818 3639 980 3757 inpositaque
1009 3694 1069 3743 Editi
1084 3702 1107 3742 et
1122 3694 1162 3742 alii
1175 3691 1284 3758 πνεῦμα

52 3777 140 3825 corpus
158 3763 208 3810 siue
226 3764 369 3813 dubitatione
382 3767 516 3827 reperimus.
553 3765 644 3822 Quibus
695 3754 841 3827 npoooinov
859 3770 883 3812 et
894 3762 1043 3813 sicGraecus
1054 3762 1187 3810 Hieremiae
1198 3769 1284 3811 tentos.

52 3829 113 3894 qnid
133 3827 261 3892 apertius?
730 3832 747 3879 l.
766 3832 805 3879 Sic
824 3830 880 3879 editi
898 3830 1036 3894 etquidem
1055 3826 1245 3888 codd.racta‚li
1275 3862 1283 3875 .

35 3958 38 3963 ¹
88 3896 165 3946 Porro
185 3898 264 3946 minue
283 3906 347 3948 recte
361 3898 429 3947 dard.
443 3898 645 3947 Petroniusbanc
696 3913 751 3947 aero
770 3898 869 3958 Segoer.
888 3898 985 3948 (lobler.
1005 3905 1028 3946 at
1046 3896 1151 3946 Felclm.
1169 3895 1190 3944 l.
1208 3838 1283 3952 &a

51 3964 193 4014 Tractatum
217 3966 346 4015 athanasio
372 3966 526 4015 abiudicavit:
557 3981 583 4013 ex
607 3967 644 4014 bis
695 3960 794 4013 rodaco
820 3959 903 4024 δῆλον
925 3956 961 4013 ἂν
984 3957 1023 4023 tta
1053 3956 1149 4011 tamir
1177 3953 1285 4021 tumis

51 4033 135 4091 enirn,
162 4048 224 4096 quae
247 4034 270 4082 in
295 4035 383 4083 llonito
408 4034 522 4091 dirimas,
551 4041 645 4083 constat
696 4036 764 4083 deest
782 4034 805 4082 in
826 4032 922 4084 Gobler.
940 4032 1125 4091 etl’elclm.l.)
1143 4029 1201 4082 rain
1215 4027 1283 4076 πᾶσι

50 4101 107 4149 eius
132 4115 186 4150 esso
210 4116 352 4162 germanum
375 4104 458 4150 letrun.
485 4102 546 4159 ‚Qua
570 4101 600 4150 de
617 4114 645 4151 rc
695 4096 727 4149 ad
745 4095 792 4150 cdo
830 4094 919 4152 dania
970 4092 1036 4148 raia·
1061 4089 1105 4147 dre
1121 4092 1171 4147 τὸν
1187 4090 1283 4164 κύριον

49 4167 162 4218 eruditus
181 4183 252 4218 nemo
271 4171 317 4233 iam
334 4171 439 4231 ambigit.
695 4163 769 4234 ὁρῶν
785 4115 865 4229 aad
878 4180 931 4234 περ
966 4168 1073 4230 (Gobler.
1092 4175 1116 4217 et
1133 4166 1237 4216 Felclrm.
1259 4166 1281 4216 l.

87 4235 115 4285 la
133 4236 181 4286 boc
198 4244 277 4286 antem
297 4236 643 4301 upercSpirnasnouiueeti·
694 4229 972 4305 dadbspitiuuroai
990 4228 1189 4301 διαλεγόμενος.
1229 4233 1283 4284 idox

48 4303 175 4359 ainitatma
198 4304 287 4355 Christi
311 4318 385 4371 saepe
410 4304 522 4368 intelligit
545 4312 642 4353 sanctos
694 4306 751 4370 ltag.
769 4316 793 4357 et
811 4309 910 4371 Segaer.
928 4298 967 4359 cic
983 4299 1019 4353 τὰ
1031 4297 1181 4371 σωματικά.
1219 4301 1282 4352 ibid.

46 4371 153 4422 Ductor.
190 4374 258 4432 Quod
278 4373 306 4421 ab
318 4372 410 4424 tlila'rio
424 4376 529 4438 itemquo
547 4387 559 4422 a
579 4372 642 4421 mul·
693 4374 752 4437 ltag.
769 4376 869 4437 Sogaar.
887 4374 984 4426 Goblar.
1003 4373 1139 4423 atl'alclm.
1153 4372 1176 4421 l.
1215 4362 1282 4417 tirou

36 4441 82 4492 -tis
107 4439 190 4491 Patrib
247 4440 420 4506 antiquioribus
445 4443 577 4493 admissum
602 4455 642 4490 re·
694 4432 862 4509 ἀποβϋπων,
881 4436 928 4492 καὶ
964 4434 979 4453 ““
999 4433 1047 4508 (μή
1064 4441 1134 4492 deest
1150 4383 1214 4492 iad
1238 4444 1281 4489 ‚ct

45 4511 138 4588 taran}
147 4504 232 4560 bosri
249 4511 273 4559 iu
292 4508 441 4563 Praaiatioua
459 4511 489 4561 ad
500 4509 583 4562 llilarii
596 4522 643 4559 ao·
693 4506 776 4583 Sogdi
792 4522 897 4580 operm
942 4522 1024 4577 μενος
1039 4500 1154 4576 λαλήσῃ·
1176 4495 1215 4555 π’
1234 4518 1285 4567 οι,

75 4822 97 4865 0
