2948 5092
108 227 149 290 62
201 308 204 315 Ι
506 244 532 287 τ.
546 243 701 287 ετειιωειι
715 243 937 289 ιεεειεειτεοει

21 394 97 453 m.
106 393 200 470 θεοῦ,
224 384 292 457 ἀλλ’
317 386 362 469 ῶς
383 387 520 476 ἀργανον
543 391 717 479 ἑτεροφυές
730 394 784 459 καὶ
801 391 1008 477 ἑτεροούσιον
1023 391 1196 472 δείκνυται,
1220 393 1332 471 καλῶς

107 488 172 578 ἀρα
192 487 212 579 ἡ
235 491 371 571 σύνοδος
394 493 518 578 ’ἔγραψε
538 496 591 559 καὶ
614 493 761 580 νενόηκεν
785 487 907 578 όρθῶς.

192 599 241 660 24.
282 588 470 680 Ἔξηρήσθω
494 594 529 660 δέ
550 593 653 660 πάλιν
675 593 709 660 έν
731 592 863 673 τούτοις
882 596 969 672 ’πᾶς
996 593 1153 679 λογισμὸς
1180 617 1332 678 σωματι-

106 693 170 773 κός,
195 700 380 781 φαντασίαν
401 721 439 762 τε
459 695 569 783 πάσης
591 694 782 784 αἰσθήσεως
804 690 1015 781 ὑπερβάντες,
1038 697 1173 782 καθαρᾷ
1194 697 1235 782 τῇ
1252 695 1329 782 νοή-

108 817 160 861 σει
187 799 241 861 καί
267 794 358 882 μόνῳ
387 800 433 882 τῷ
462 799 507 881 νῷ
531 800 656 880 νοῶμεν
679 797 752 863 υἱοῦ
774 796 860 882 πρὸς
882 802 1011 881 πατέρα
1031 795 1071 861 τὸ
1092 796 1243 884 γνήσιον,
1274 799 1328 863 καὶ

107 893 204 980 λόγου
225 895 283 984 τήν
305 896 390 981 πρὸς
411 896 467 963 τόν
490 897 572 965 θεὸν
595 897 753 986 ἰδιότητα,
776 901 832 964 καί
854 896 912 984 τήν
935 893 1189 983 ἀπαράλλακτον
1213 892 1330 982 όμοιό-

104 1020 187 1083 τητα
207 1001 266 1063 τού
289 993 547 1084 ἀπαυγάσματος
568 998 654 1085 πρὸς
675 998 714 1064 τὸ
736 1003 824 1088 φῶς·
848 995 894 1076 ῶς
914 998 976 1085 γὰρ
997 997 1037 1064 τὸ
1057 1004 1199 1087 γέννημα
1221 998 1330 1065 καὶτὸ

105 1097 177 1177 υἱὸς
198 1094 255 1164 οάκ
278 1093 503 1187 ἀνθρώπινον,
528 1094 596 1166 ἀλλ’
622 1096 667 1179 ῶς
687 1104 760 1188 θεῷ
783 1106 915 1186 πρέπον
938 1098 1042 1180 ἐστίν,
1066 1102 1195 1187 ε’ίρηταί
1216 1104 1328 1167 τεκαὶ

106 1198 190 1279 έστι,
219 1199 276 1266 τὸν
305 1196 551 1287 αὐτὸντρόπον
574 1199 652 1289 1’τήν
674 1203 761 1281 λέξιν
782 1205 841 1268 τοῦ
864 1199 1043 1286 όμοουσίου
1066 1186 1256 1281 ἀκούοντες,
1285 1202 1329 1290 μή

104 1300 152 1379 είς
173 1301 232 1380 τὰς
254 1298 472 1387 ἀνθρωπίνας
494 1301 669 1388 αἰσθήσεις
690 1299 873 1382 πίπτοντες
886 1302 1067 1390 μερισμοὺς
1081 1308 1134 1370 καί
1151 1305 1330 1389 διαιρέσεις

103 1406 161 1489 τής
189 1405 350 1490 θεότητος
376 1401 601 1497 λογιζώμεθα·
632 1398 699 1470 ἀλλ’
725 1401 769 1483 ῶς
799 1404 856 1471 έπὶ
879 1399 1065 1490 ἀσωμάτων
1087 1405 1327 1490 διανοούμενοι,

104 1504 162 1591 τήν
191 1504 328 1591 ἑνότητα
355 1507 413 1592 τῆς
441 1504 571 1592 φύσεως
593 1509 647 1572 καὶ
670 1505 727 1590 τήν
750 1506 934 1593 ταυτότητα
955 1510 1014 1572 τοῦ
1038 1507 1151 1594 φωτὸς
1171 1506 1217 1592 μή
1242 1508 1340 1602 διον-ἢ

105 1610 221 1694 ρῶμευ.
266 1610 365 1673 τοῦτο
392 1606 453 1693 γάρ
482 1607 570 1673 ἰ’διον
600 1607 672 1673 υἱοῦ
700 1606 786 1693 πρὸς
814 1613 958 1693 πατέρα,
987 1610 1161 1700 καὶτοῦτο
1185 1608 1330 1675 δείκνυσι

104 1707 163 1774 τὸν
189 1707 272 1774 θεὸν
303 1704 440 1794 ἀληθῶς
462 1703 542 1774 όντα
563 1714 692 1796 πατέρα
714 1712 773 1774 τοῦ
796 1707 903 1794 λόγου.
948 1710 1052 1776 πάλιν
1074 1708 1135 1795 γὰρ
1157 1709 1196 1775 τὸ
1219 1710 1330 1795 παρά-

106 1810 222 1896 δειγμα
242 1812 300 1875 τοῦ
323 1809 435 1896 φωτὸς
456 1812 509 1877 καὶ
532 1813 591 1875 τοῦ
614 1804 875 1896 ἀπαυγάσματος
891 1804 1067 1896 ἀναγκαῖον
1084 1810 1130 1890 είς
1146 1814 1255 1876 τοῦτο.
1279 1817 1329 1888 τίς

103 1912 261 1998 τολμήσει
283 1914 386 1996 λέγειν
409 1910 447 1977 τὸ
471 1907 675 1997 ἀπαύγασμα
690 1913 781 1991 ξένον
797 1915 850 1977 καί
868 1905 1025 1996 ἀνόμοιον
1041 1906 1127 1979 εἶναι
1140 1915 1200 1979 τοῦ
1216 1907 1328 2000 ήλίου,·

102 2007 125 2098 ή
146 2020 197 2092 τίς
217 2015 342 2098 μᾶλλον
365 2013 487 2098 ἐνορῶν
510 2010 614 2091 ούτως
636 2012 674 2078 τό
697 2008 900 2098 ἀπαύγασμα
922 2012 1007 2098 πρὸς
1022 2013 1079 2079 τὸν
1094 2009 1188 2098 ήλιον
1202 2016 1257 2079 καί
1273 2013 1329 2099 τήν

31 2095 42 2119 ⁸
103 2116 287 2203 ταυτότητα
308 2119 367 2181 τοῦ
391 2113 511 2202 φωτός,
536 2110 593 2181 ούκ
615 2108 655 2180 ἀν
678 2115 771 2180 είποι
791 2113 982 2200 θαῤῥήσας·
1007 2111 1110 2193 όντως
1131 2113 1170 2179 τό
1188 2118 1261 2202 φῶς
1275 2118 1327 2181 καὶ

103 2216 143 2283 τὸ
165 2213 368 2303 ἀπαύγασμα
390 2218 424 2284 ἓν
447 2216 521 2295 είσι,
545 2219 598 2282 καὶ
614 2219 712 2282 τούτο
728 2214 761 2281 έν
773 2215 883 2303 ίκείνφ
901 2215 1073 2296 δείκνυται,
1096 2214 1205 2282 καὶτὸ
1222 2210 1330 2283 ἀπαύ-

103 2343 214 2406 γασμα
242 2319 275 2386 ἐν
304 2322 350 2404 τῷ
373 2314 455 2406 ήλίφ
478 2316 628 2402 τυγχάνει
652 2315 704 2397 όν,
737 2313 818 2396 ιύςτε
840 2317 897 2384 τὸν
920 2312 1050 2403 δρῶντα
1070 2321 1169 2383 τοῦτο
1191 2318 1328 2403 βλέπειν

101 2419 250 2509 κάκεῖνο,
284 2419 342 2507 τὴν
372 2421 407 2485 δὲ
434 2419 588 2505 τοιαύτην
619 2419 757 2507 ἑνότητα
777 2422 830 2484 καὶ
855 2418 996 2508 φυσικήν
1020 2419 1171 2506 ἰδιότητα
1192 2422 1268 2499 πῶς
1289 2414 1328 2486 ἀν

103 2525 136 2591 οἱ
165 2520 378 2598 πιστεύοντες
406 2523 458 2586 καὶ
481 2523 662 2605 βλέποντες
685 2516 798 2612 ὀρθῶς
819 2521 990 2587 καλέσαιεν
1010 2514 1033 2607 ή
1056 2515 1237 2604 όμοούσιον
1257 2526 1330 2607 γέν-

103 2626 215 2713 νημα,·’
239 2622 277 2689 τὸ
307 2625 343 2688 δὲ
365 2626 423 2687 τοῦ
445 2625 530 2687 θεοῦ
552 2629 693 2710 γέννημα
714 2629 747 2688 τί
769 2620 808 2689 ἀν
831 2647 882 2700 τις
904 2621 1033 2700 οἰκείως
1053 2621 1108 2688 καὶ
1131 2620 1330 2707 πρεπόντως

102 2727 265 2814 νοήσειεν,
288 2719 310 2811 ή
332 2723 503 2808 λόγονκαὶ
528 2730 652 2810 σοφίαν
674 2727 727 2790 καλ
751 2723 904 2807 δύναμιν,
939 2719 1043 2810 ἥνπερ
1065 2720 1159 2791 οούτε
1179 2727 1240 2790 τού
1263 2750 1330 2790 πα-

101 2827 180 2914 τρὸς
202 2829 305 2913 λέγειν
328 2828 419 2913 ξένην
443 2821 536 2891 όσιόν
559 2825 657 2904 ἐστιν,
683 2824 757 2892 ούτε
778 2824 822 2910 μή
845 2816 962 2902 ἀιδίως
984 2819 1070 2890 εἶναι
1091 2824 1185 2911 παρὰ
1199 2828 1247 2912 τῷ
1264 2852 1331 2892 πα-

102 2933 155 3015 τρί
187 2923 247 3016 κάν
280 2927 510 3015 φαντάζεσθαι
538 2919 645 3011 θέμις’
668 2926 755 3008 ἔστί,
788 2925 894 3010 τούτῳ
924 2924 985 3011 γὰρ
1015 2928 1062 3012 τῷ
1090 2926 1267 3014 γεννήματι
1289 2927 1330 2993 τὰ

103 3029 215 3096 πάντα
237 3035 417 3114 πεποίηκεν
441 3023 458 3091 ό
481 3028 607 3116 πατήρ,
635 3031 688 3095 καί
711 3028 770 3115 τήν
793 3027 839 3106 είς
860 3026 973 3092 πάντα
994 3025 1156 3114 πρόνοιαν
1179 3027 1330 3095 ἐκτείνων

105 3126 150 3196 δι’
177 3125 277 3196 αὐτοῦ
301 3129 633 3216 φιλανθρωπεύεται·
655 3129 711 3196 καὶ
733 3127 838 3208 οὕτως
860 3132 894 3195 έν
917 3123 1016 3208 αὐτὸς
1037 3132 1091 3195 καί
1115 3123 1133 3194 ό
1156 3128 1267 3215 πατήρ
1285 3129 1330 3196 εί-

104 3255 158 3298 σιν
167 3236 196 3313 ¹),
222 3227 331 3315 ὥςπερ
356 3230 492 3317 ε’ίρηται,
517 3230 545 3297 εἰ
567 3230 611 3317 μή
634 3229 700 3317 ἀρα
721 3232 754 3297 οἱ
775 3230 975 3319 κακόφρονες
989 3229 1212 3318 τολμήσαντες
1227 3230 1329 3296 πάλιν

105 3335 249 3414 εἴποιεν,
279 3330 380 3419 ἀλλην
411 3327 496 3398 εἶναι
523 3332 581 3419 τήν
610 3337 668 3398 τοῦ
692 3333 790 3420 λόγου
814 3329 945 3412 οὐσίαν,
968 3335 1023 3398 καὶ
1047 3329 1129 3398 ἀλλο
1150 3331 1190 3397 τό
1212 3331 1248 3398 ἐκ
1270 3335 1328 3398 τοῦ

104 3435 232 3520 πατρὸς
261 3433 294 3500 έν
323 3428 412 3520 αύτῷ
435 3436 523 3521 φῶς,
552 3429 591 3500 ἵν’
616 3424 636 3521 ᾖ
658 3433 779 3521 τὸμὲν
801 3435 836 3502 ἒν
857 3438 903 3521 τῷ
927 3433 988 3520 υἱῷ
1012 3437 1085 3521 φῶς
1107 3437 1141 3500 ἓν
1163 3431 1250 3520 πρὸς
1271 3432 1328 3499 τὸν

103 3542 247 3622 πατέρα,
277 3530 376 3614 αύτὸς
399 3536 435 3602 δὲ
457 3536 548 3614 ξένος
568 3530 636 3601 κατ’
661 3530 778 3603 ούσίαν
801 3532 846 3615 ὡς
867 3542 996 3618 κτίσμα.
1043 3530 1128 3601 ἀλλά
1148 3538 1248 3601 τοῦτο
1271 3538 1329 3601 τού

103 3637 245 3726 Καϊάφα
266 3639 319 3703 καί
343 3640 402 3702 τοῦ
424 3642 645 3722 Σαμοσατίως
666 3630 830 3721 ὖάτεχνῶς
852 3635 984 3703 ἔστιτὸ
1007 3634 1176 3724 φρόνημα,
1202 3631 1287 3723 ὅπερ
1309 3631 1328 3720 ή

102 3741 162 3823 μέν
185 3739 337 3826 ἐκκλησία
359 3738 523 3824 ἐξέβαλεν,
548 3726 641 3804 οὗτοι
662 3738 699 3805 δὲ
720 3741 778 3805 νῦν
799 3733 1049 3824 ἀποκρίνονται,
1082 3737 1135 3804 διὸ
1157 3739 1212 3803 καί
1235 3732 1328 3803 αὐτοὶ

102 3843 161 3927 τῆς
189 3836 351 3926 ἀληθείας
378 3839 572 3918 ἐκπεσόντες
604 3832 852 3927 ἀπεδείχθησαν
881 3839 1047 3925 αἱρετικοί.
1094 3838 1123 3906 εί
1153 3838 1214 3925 γὰρ
1245 3834 1329 3915 ὅλως

103 3948 230 4026 μετέχει
250 3945 309 4006 τοῦ
333 3941 367 4008 ἐκ
388 3945 447 4007 τού
469 3939 597 4026 πατρὸς
620 3940 740 4027 φωτός,
765 3940 855 4006 διατί
875 3940 919 4027 μή
940 3941 1067 4024 μᾶλλον
1089 3935 1189 4018 αύτός
1204 3937 1328 4005 ἔστιτὸ

102 4041 332 4128 μετεχόμενον,
361 4043 417 4107 ἵνα
444 4040 489 4128 μή
510 4048 612 4126 μέσον
635 4038 735 4108 αὐτοῦ
757 4045 865 4107 τεκαὶ
888 4044 947 4107 τοῦ
970 4040 1097 4126 πατρὸς
1120 4036 1328 4127 εὖρίσκηταις

104 4145 134 4212 εί
155 4144 215 4230 γὰρ
237 4143 281 4230 μή
305 4141 411 4221 ούτως
432 4137 532 4223 ἐστίν,
556 4137 664 4209 ούκέτι
687 4144 852 4210 δείκνυται
874 4141 931 4209 διὰ
952 4145 1011 4208 τοῦ
1033 4142 1107 4208 υἱοῦ
1129 4144 1330 4228 γεγενῆσθαι

104 4245 145 4312 τὰ
173 4245 300 4324 πάντα,
335 4239 419 4310 ἀλλὰ
442 4239 488 4309 δι’
514 4243 637 4312 ἐκείνου
643 4295 653 4325 ,
684 4233 722 4312 οὗ
744 4246 796 4310 καὶ
821 4240 920 4322 αὐτὸς
941 4248 1076 4328 μετέχει.
1123 4242 1152 4310 εί
1175 4242 1211 4310 δὲ
1235 4231 1330 4319 οὗτός

173 4469 197 4530 1)
215 4470 282 4520 Ιοεο.
303 4468 343 4530 10,
361 4467 403 4518 30.
