2948 5092
59 226 64 237 ι
96 252 136 314 74
491 265 517 308 ο.
532 265 685 309 nummu
699 267 924 311 ειευιεειοαοει

9 412 264 492 mammas,
289 406 586 496 ἀποκρινάσθωσαν
608 414 683 489 πῶς
705 401 799 498 εὗρον
820 411 880 500 την
902 411 1053 500 ἄγραφον
1074 402 1196 502 ταύτην
1217 415 1312 496 λέξιν,

94 506 116 579 ἀ
137 520 220 600 ποίᾳ
242 515 373 600 διανοίᾳ
394 510 451 577 τόν
472 509 555 578 θεὸν
577 508 731 600 ἀγένητον
753 514 895 600 λέγουσι.
927 514 1109 603 διαφόρους
1129 515 1191 602 γάρ
1209 539 1314 600 σημα-

95 620 171 694 σίας
201 615 284 698 ἔχειν
310 613 349 680 τὸ
378 611 483 696 όνομα
512 607 641 699 ἀκήκοα.
687 613 847 700 λέγεσθαι
868 614 930 702 γάρ
952 632 1075 704 ’φασιν
1098 611 1253 703 ἀγένητον
1274 615 1313 682 τό

92 715 194 803 μήπω
214 718 274 801 μὲν
295 713 482 801 γενόμενον,
506 711 684 797 δυνάμενον
708 716 744 781 δὲ
765 721 926 801 γενέσθαι
933 768 942 798 ,
972 719 1026 784 καὶ
1048 717 1151 786 πάλιν
1172 717 1212 784 τὸ
1233 717 1315 807 μήτε

91 813 239 902 ὑπάρχον
267 816 348 903 μήτε
376 812 554 898 δυνάμενον
582 814 629 893 είς
650 814 688 880 τὸ
712 811 798 883 είναι
818 823 993 903 γενέσθαι,
1015 821 1070 886 καὶ
1092 826 1203 905 τρίτον
1227 819 1315 886 ἐστὶν

93 912 193 986 αὐτοῦ
215 917 454 1007 σημαινόμενον
475 919 514 980 τὸ
536 911 683 1003 ὑπάρχον
704 923 774 1000 μέν,
796 917 879 1007 μήτε
900 921 937 986 δὲ
958 918 1091 1007 γενητόν
1112 921 1195 1008 μήτε
1216 917 1317 1010 ἀρχὴν

93 1019 226 1108 ἐσχηκός
254 1021 300 1098 είς
328 1018 367 1084 τό
390 1012 489 1095 είναι,
521 1012 589 1083 ἀλλ’
613 1013 723 1085 ἀΐδιον
746 1013 783 1088 όν
805 1024 860 1088 καί
883 1017 1106 1110 ἀδιάφθορον.
1151 1023 1236 1102 ἴσως
1256 1024 1316 1107 μὲν

93 1111 150 1189 οάν
172 1121 231 1201 τάς
252 1118 388 1204 πρώτας
410 1118 468 1185 δύο
491 1119 640 1198 διανοίας
654 1121 840 1206 παρελθεῖν
855 1121 1056 1210 ἐθελήσουσι
1077 1121 1154 1190 1ιδιά
1178 1122 1219 1190 τὸ
1234 1122 1317 1192 ἐκεῖ·

92 1229 155 1290 θεν
178 1223 322 1290 άτοπον·
344 1219 427 1288 κατὰ
447 1218 508 1306 γάρ
530 1218 588 1308 τὴν
610 1219 745 1307 πρώτην
768 1223 863 1290 ἴαται
882 1223 925 1291 τά
946 1249 983 1290 τε
1003 1222 1066 1312 ἤδη
1087 1223 1247 1309 γενόμενα
1260 1227 1315 1292 καί

91 1323 134 1391 τὰ
161 1322 416 1410 προςδοκιόμενα
444 1326 602 1406 γενέσθαι
624 1317 778 1411 ἀγένητα·
806 1323 927 1410 τὸγὰρ
952 1325 1103 1411 δεύτερον
1124 1327 1229 1392 πλέον
1252 1325 1317 1408 ἔχει

91 1426 209 1494 τούτου
230 1424 269 1492 τὸ
292 1423 428 1493 ἀτοπον.
473 1421 532 1488 ἐπὶ
553 1423 588 1488 δὲ
611 1422 668 1510 την
690 1421 803 1511 τρίτην
824 1424 946 1493 λοιπὸν
960 1427 1157 1509 βαδιοῦνται
1170 1423 1239 1493 κατ’
1257 1421 1316 1492 αό·

91 1526 150 1616 τὴν
182 1524 397 1612 ὀνομάζοντες
428 1523 467 1588 τό
504 1518 666 1612 ἀγένητον.
713 1520 797 1593 ἀλλὰ
823 1529 877 1593 καί
906 1530 1005 1593 τοῦτο
1039 1529 1187 1613 λέγοντες
1221 1521 1316 1595 οάδὲν

91 1615 189 1716 ἧττόν
211 1629 295 1696 εἰσιν
318 1622 457 1712 ἀσεβεῖς.
503 1625 533 1691 εί
554 1624 614 1711 γάρ
639 1625 677 1692 τὸ
699 1627 743 1713 μὴ
767 1628 839 1710 ἕχον
863 1624 962 1715 ἀρχὴν
985 1629 1032 1707 είς
1053 1627 1092 1694 τό
1115 1623 1210 1709 εἶναι,
1232 1629 1316 1717 μηδὲ

91 1730 224 1820 γενητόν
246 1724 267 1818 ἢ
288 1726 429 1806 κτιστόν,
454 1721 522 1791 ἀλλ’
548 1723 657 1795 άΐδισν
680 1725 727 1807 όν,
750 1733 849 1795 τοῦτο
871 1730 1023 1814 λέγουσιν
1044 1725 1201 1817 ἀγένητον
1207 1780 1217 1810 ,
1239 1752 1317 1796 του-

92 1837 222 1899 ναντίον
247 1832 282 1896 δὲ
304 1832 439 1895 ετοῦτον
461 1821 546 1894 εἶναι
566 1828 624 1895 τόν
645 1835 730 1915 θεοῦ
753 1830 859 1916 λόγον,
882 1838 934 1909 τίς
956 1825 995 1896 οό
1018 1833 1141 1918 συνορᾷ
1155 1829 1215 1916 τὴν
1230 1856 1317 1897 παν-

92 1939 225 2018 ουργίαν
248 1934 314 1997 τῶν
338 1928 531 2013 θεομάχων,·
563 1934 614 2008 τίς
637 1925 694 1997 οάκ
716 1925 756 1998 ἀν
778 1927 898 2010 αὐτοὺς
920 1929 1007 1999 οὕτω
1021 1936 1245 2016 μαινομένους
1258 1957 1317 1999 κα-

91 2033 330 2113 ταλιθῶσειεν,·
363 2031 478 2117 ἐπειδὴ
506 2029 567 2116 γάρ
597 2031 806 2114 αίσχόνονται
834 2038 1016 2120 προφέρειν
1050 2032 1099 2099 ’ἐτι
1127 2030 1171 2097 τὰ
1198 2034 1318 2118 πρῶτα

91 2140 159 2204 τῶν
179 2135 299 2220 μόθων
322 2133 447 2200 ἑαυτῶν
469 2132 615 2218 λογάρια,
640 2129 690 2221 ἐφ’
708 2129 759 2212 οἷς
780 2133 1066 2221 κατεγνῶσθηοαν,
1091 2131 1200 2211 άλλως
1215 2131 1318 2200 πάλιν

8 2232 178 2304 εοεαάτὰ
211 2241 381 2323 σημαίνειν
404 2233 586 2320 ἐπενόησαν
610 2236 642 2300 οί
671 2237 812 2303 δείλαιοι
840 2234 896 2302 διὰ
922 2239 981 2323 τοό
1005 2229 1168 2318 ὀνόματος
1188 2238 1249 2301 τοῦ
1271 2228 1317 2312 ῶς

94 2335 189 2405 αὐτοὶ
211 2339 360 2422 λέγουσιν
383 2330 547 2422 ἀγενήτου.
593 2336 622 2402 εί
643 2335 704 2422 γάρ
727 2333 745 2402 δ
768 2335 839 2416 υίὸς
860 2340 926 2403 τῶν
948 2339 1090 2424 γενητῶν
1113 2335 1194 2416 ἐστι,
1219 2336 1318 2422 δηλο-

93 2439 166 2507 νότι
188 2439 223 2517 ἐξ
244 2432 302 2503 οόκ
325 2433 429 2502 όντων
450 2434 506 2501 καί
528 2430 627 2515 αὐτὸς
645 2443 771 2522 γέγονε,
802 2436 859 2505 καὶ
880 2438 910 2505 εί
932 2432 1031 2526 ἀρχὴν
1054 2437 1119 2520 ίχει
1140 2438 1200 2502 τοό
1222 2431 1317 2516 εἶναι,

94 2535 152 2608 οὔκ
179 2530 218 2663 ᾖν
247 2536 311 2624 ἀρα
340 2539 420 2623 πρὶν
448 2542 606 2624 γεννηθῇ,
634 2542 687 2606 καὶ
712 2539 740 2606 εἰ
761 2537 805 2624 μή
829 2538 918 2606 ἔστιν
941 2534 1065 2618 ἀίδιος,
1095 2528 1134 2625 ἦν
1157 2561 1243 2606 ποτε
1264 2534 1320 2605 ὅτε

93 2637 151 2710 οόκ
172 2668 220 2729 ην.

178 2948 229 3010 29.
268 2938 355 3010 Ἔδει
378 2932 436 3009 οάν
456 2943 560 3008 ταῦτα
582 2940 685 3007 πάλιν
708 2935 826 3019 αὖτοὺς
849 2943 1053 3028 φρονοῦντας
1068 2939 1102 3006 ἐν
1117 2934 1233 3019 αὐτοῖς
1247 2951 1319 3020 τοῖς

94 3044 194 3122 ἰδίοις
221 3039 350 3109 ἀὐτῶν
379 3043 503 3131 ῥημασι
524 3049 695 3129 σημαίνειν
718 3042 843 3109 ἑαυτῶν
863 3040 922 3130 τὴν
945 3041 1166 3126 ἑτεροδοξίαν,
1196 3044 1252 3108 καί
1273 3039 1314 3126 μί

92 3147 133 3232 τῇ
156 3143 242 3223 λέξει
263 3144 365 3226 δῆθεν
387 3147 445 3208 τοῦ
468 3137 622 3229 άγενήτου
646 3149 778 3210 σκέπειν
801 3143 926 3210 ἑαυτῶν
946 3141 1005 3231 την
1027 3141 1211 3210 κακόνοιαν.
1246 3135 1315 3209 ἀλλ’

94 3238 133 3311 οὗ
162 3246 301 3309 ποιοῦσι
320 3247 418 3309 τοῦτο
441 3245 473 3310 οἱ
495 3244 686 3333 κακοήθεις,
716 3244 827 3312 πάντα
849 3245 885 3310 δὲ
906 3242 990 3312 κατὰ
1010 3242 1068 3312 τόν
1090 3249 1221 3330 πατέρα
1243 3244 1319 3312 ἑαυ-

94 3350 160 3412 τῶν
188 3342 246 3410 τὸν
276 3342 432 3429 διάβολον
454 3344 538 3430 μετὰ
560 3352 763 3431 πανουργίας
784 3344 998 3432 πράττουσιν.
1043 3339 1089 3423 ῶς
1109 3343 1172 3431 γὰρ
1195 3343 1319 3424 castros

93 3445 177 3531 μετὰ
199 3440 380 3531 ἀλλοτρίων
403 3444 590 3529 ἐνδυμάτων
613 3442 746 3514 ἀπατᾶν
768 3446 937 3531 ἐπιχειρεῖ,
961 3441 1066 3524 οότως
1081 3434 1176 3512 οὗτοι
1187 3445 1230 3512 τὸ
1245 3439 1320 3531 άγέ-
1346 3468 1361 3488 ·

94 3570 191 3635 νητον
214 3541 385 3630 ὀνομάζειν
408 3545 590 3634 ἐπενόησαν
597 3598 606 3628 ,
636 3548 692 3614 ἵνα
719 3547 1003 3635 προςποιοόμενοι
1030 3544 1193 3615 τὸνθεόν
1217 3541 1320 3635 εόφη-

92 3659 168 3733 μεῒν
199 3653 416 3734 κεκρυμμένην
449 3648 547 3731 ἔχωσι
580 3650 639 3737 τὴν
667 3647 750 3716 κατὰ
775 3652 834 3715 τοῦ
863 3654 975 3733 κυρίου
1002 3649 1230 3736 βλαςφημίαν,
1263 3643 1320 3714 καί

92 3747 177 3833 μετὰ
198 3746 407 3832 καλόμματος
428 3742 530 3836 αότὴν
553 3747 666 3829 ἀλλοις
689 3756 902 3838 σημαίνωσιν.
941 3742 1026 3816 ἀλλὰ
1046 3747 1103 3816 καί
1123 3747 1244 3815 τούτου
1258 3749 1317 3812 τοῦ

94 3853 303 3936 σοφίσματος
323 3844 449 3916 ἀὐτῶν
470 3842 688 3935 γνωσθέντος,
711 3857 746 3917 τί
767 3848 832 3936 ἀρα
847 3844 1080 3928 πάλιναάτοῖς
1095 3849 1206 3935 ἕτερον
1222 3872 1318 3934 περι-

94 3949 260 4030 λείπεται,
289 3951 479 4035 λεγέτωσαν.
526 3948 676 4036 εὕρομεν,
701 3950 804 4039 φασίν
827 3952 859 4018 ol
881 3952 1070 4035 κακοῦργοι,
1098 3953 1154 4017 καί
1180 3972 1320 4036 προςτι-

92 4056 210 4128 θέντες
230 4060 302 4129 τοῖς
322 4056 499 4135 προτέροις
521 4052 671 4136 λέγουσιν
689 4047 844 4140 ἀγένητον
866 4047 1087 4131 εἶναιτοῦτο,
1115 4048 1155 4117 τὸ
1176 4047 1223 4138 μή
1246 4048 1317 4132 ἕχον

92 4153 151 4217 τοῦ
174 4144 259 4217 εἶναι
279 4149 337 4216 τὸν
360 4152 483 4232 α’ίτιον,
508 4146 666 4220 ἀλλὰκαὶ
688 4163 761 4231 τοῖς
781 4162 930 4241 γενητοῖς
952 4145 1051 4221 αότὸν
1074 4151 1184 4218 αἴτιον
1206 4150 1255 4229 εἰς
1276 4147 1314 4215 τὸ

92 4256 251 4337 γενέσθαι
272 4251 478 4337 τυγχάνοντα.
525 4247 698 4338 ἀχάριστοι
718 4252 835 4340 καὶτῷ
852 4250 924 4319 όντι
937 4255 1004 4318 τῶν
1018 4255 1155 4339 γραφῶν
1170 4245 1314 4337 ἀνήκοοι,

128 4424 149 4457 ι.
167 4408 207 4458 Sic
224 4407 321 4471 Regius·
355 4407 418 4457 Εδίιί
436 4422 492 4458 vero
511 4403 606 4474 φησίν.
761 4411 785 4460 b.
805 4409 903 4472 lufleg.
914 4418 938 4459 αι
949 4408 1020 4458 ΒαείΙ.
1055 4408 1133 4459 Editio
1152 4414 1233 4458 autem
1246 4407 1319 4458 Com-

729 4477 785 4529 mel.
804 4470 851 4526 διά
869 4489 899 4527 τε
915 4467 1028 4526 ἐκεῖθεν.
