2948 5092
472 287 582 339 enirm
597 287 618 330 1.
634 285 900 332 eonrmamanos.
947 260 957 271 '
1226 276 1289 341 253

56 442 177 522 Spiritu
197 437 354 502 daemonia
377 437 495 512 eiicere,
519 437 623 499 eodem
644 435 734 498 modo
757 436 831 517 ipse,
858 438 909 517 qui
931 438 1073 518 Spiritum
1095 440 1194 514 donat,
1218 441 1374 505 haecum

56 543 160 606 dicere
182 548 321 622 gravatus
343 558 404 601 non
427 549 490 601 est:
513 539 649 620 Spiritus
672 538 797 602 Domini
816 558 910 621 seper
930 559 985 612 nee,
1009 559 1041 604 eo
1065 544 1144 623 qood
1165 549 1374 607 summitates.

56 664 114 718 aaa,
136 643 208 723 quia
231 640 365 704 videlieet
386 659 455 702 earo
476 640 571 702 iactus
594 638 657 719 ipse
679 646 734 713 est,
757 648 790 702 ut
811 640 853 701 ait
873 640 1011 713 loannes,
1034 661 1093 721 quo
1115 642 1211 721 palam
1233 643 1288 704 lie-

56 752 121 818 ret,
149 743 210 805 duo
233 741 284 805 illa
305 742 342 804 ad
364 760 421 804 nos
442 740 608 820 pertinere,
639 739 689 820 qui
717 758 825 819 nempe
847 743 938 821 gratia
961 742 1090 822 Spiritus
1112 743 1290 822 indigemus,

57 856 92 908 ut
114 844 344 917 sanctificemur,
367 861 424 904 nco
444 842 604 904 daemones
626 841 692 903 sine
708 841 842 904 eiusdem
858 843 989 921 Spiritus
1005 845 1114 906 virtute
1129 864 1290 924 possumus

58 946 179 1009 eiicere.
200 945 282 1011 ‚Per
310 964 399 1026 quem
425 946 518 1025 porro
546 951 577 1006 et
597 962 614 1005 a
635 961 694 1023 quo
716 942 780 1005 dari
802 943 940 1004 convenit
961 944 1121 1024 Spiritum,
1150 945 1208 1008 nisi
1236 965 1291 1026 per

56 1047 184 1121 Filium,
213 1046 299 1109 ouius
326 1046 391 1125 ipse
422 1053 470 1107 est
491 1041 643 1124 Spiritus?
687 1043 811 1117 Quando
843 1063 912 1106 vero
942 1064 998 1107 nos
1028 1065 1095 1106 eum
1118 1055 1289 1125 poteramus

56 1149 205 1228 accipere,
227 1147 287 1209 uisi
309 1165 376 1208 eum
398 1146 526 1208 Verbum
549 1145 644 1207 laetus
665 1153 712 1208 est
733 1144 848 1208 bomo?
883 1146 979 1208 Porro
1003 1155 1036 1208 ut
1056 1147 1139 1209 locus
1155 1147 1289 1226 Apostoli

57 1250 178 1331 probat,
200 1266 258 1310 uos
281 1265 341 1308 uon
364 1230 457 1308 luisse
478 1246 669 1309 redimendos
689 1247 735 1307 rel
757 1247 939 1321 exaltandos,
962 1248 1021 1310 nisi
1043 1247 1102 1322 ille,
1125 1249 1175 1327 qui
1192 1249 1221 1309 iu
1235 1228 1290 1309 lloi

58 1352 157 1412 torma
178 1357 258 1422 erat,
281 1350 406 1410 termam
427 1347 505 1409 servi
528 1346 708 1426 accepisset,
731 1346 774 1408 sic
795 1347 887 1410 David
910 1347 1055 1423 ostendit,
1079 1367 1135 1410 uos
1159 1367 1218 1409 noti
1240 1350 1288 1419 iu,-

59 1459 145 1512 turos
167 1450 298 1529 Spiritus
319 1448 479 1529 participes
500 1448 548 1508 vel
570 1448 806 1522 sanctificandos,
829 1448 889 1509 nisi
910 1449 1009 1529 ipsum
1031 1449 1169 1523 Verbum,
1192 1467 1209 1510 a
1229 1466 1288 1528 quo

60 1551 146 1613 datur
168 1550 309 1631 Spiritus,
332 1550 465 1629 seipsum
487 1568 542 1630 pro
564 1549 653 1610 nobis
668 1549 778 1629 Spiritu
800 1549 870 1630 uugi
893 1550 1012 1612 diceret.
1058 1550 1134 1612 llius
1147 1569 1205 1611 nos
1221 1568 1289 1613 eom

60 1661 233 1715 constanter
253 1651 438 1730 accepimus,
460 1669 534 1725 ,eum
557 1650 685 1713 Verbum
707 1669 795 1712 carne
817 1659 936 1712 unctum
960 1670 1028 1713 esso
1050 1651 1166 1713 dicitur.
1212 1650 1289 1724 Quia

62 1753 139 1815 enim
160 1770 231 1815 caro
254 1751 382 1833 primum
405 1751 436 1812 iu
458 1751 507 1812 illo
531 1759 633 1814 saneta
656 1753 758 1815 edecta
780 1761 843 1825 est,
872 1761 903 1813 et
929 1753 994 1832 ipse
1026 1761 1058 1814 ut
1079 1754 1169 1814 borno
1192 1752 1288 1831 Spiri-

64 1863 122 1917 tum
142 1873 199 1935 per
221 1872 287 1916 eam
309 1853 459 1932 accepisse
482 1853 599 1928 dieitur,
621 1872 678 1917 nos
702 1854 933 1933 subsequentem
953 1853 1083 1934 Spiritus
1106 1836 1291 1934 gratiamea

66 1961 125 2018 aas
143 1955 338 2038 plenitudiue
358 1960 536 2037 occepimus.

143 2364 195 2424 at.
240 2357 302 2419 lam
324 2375 393 2418 vero
416 2356 487 2418 illud
509 2357 589 2438 quod
612 2357 643 2420 ia
661 2358 779 2451 Psalmo
801 2367 914 2420 exstat:
938 2359 1086 2422 Dilexisti
1098 2363 1247 2422 iustitium
1260 2369 1289 2422 et

72 2459 153 2523 odisti
172 2463 377 2540 int'pttitetem,
400 2477 473 2533 non,
497 2466 529 2520 ut
551 2467 581 2521 et
601 2478 656 2523 ros
677 2478 784 2521 rursus
807 2460 985 2539 intelligitis,
1008 2460 1178 2522 mutabilem
1199 2457 1287 2521 Verbi
1314 2535 1324 2544 .

71 2560 205 2639 siguificat
232 2567 386 2634 naturam,
419 2560 473 2620 sed
503 2560 604 2640 potius
633 2560 697 2623 eius
726 2561 992 2623 immutabilitatem
1026 2562 1094 2622 iude
1123 2562 1288 2622 eoniirmat.

71 2659 132 2723 Cum
154 2663 233 2724 enim
256 2679 357 2723 rerum
379 2663 520 2723 luctarum
542 2670 647 2724 natura
670 2661 710 2724 sit
732 2662 896 2736 mutabilis,
920 2662 1027 2743 quippe
1049 2681 1116 2725 eum
1138 2661 1186 2722 alii
1207 2661 1288 2738 leges

71 2763 250 2836 violaverint,
272 2763 321 2824 alii
343 2763 495 2825 noluerint
516 2762 656 2838 obedire,
680 2764 722 2825 uti
744 2782 836 2843 supra
859 2764 969 2826 dictum
991 2772 1051 2838 est,
1081 2782 1147 2824 cum
1169 2761 1288 2823 illorum

70 2863 117 2927 rita
138 2884 194 2926 nee
217 2863 332 2925 stabilis
356 2864 397 2924 sit
417 2882 472 2925 uec
494 2872 654 2938 constans,
678 2865 732 2926 sed
755 2884 845 2943 saepe
867 2865 993 2937 accidat,
1017 2874 1048 2926 ut
1071 2863 1114 2937 is,
1138 2863 1188 2943 qui
1211 2880 1290 2923 nunc

68 2962 153 3029 bouus
176 2974 234 3039 est,
256 2973 361 3044 postea
384 2972 514 3026 mutetur
537 2965 670 3045 aliusque
693 2967 805 3039 evadat,
828 2965 868 3027 ita
891 2966 994 3044 utqui
1016 2965 1220 3027 modoiustus
1243 2970 1290 3024 est

67 3068 144 3144 paulo
166 3075 239 3148 post
260 3066 391 3128 iniustus
406 3066 473 3140 nat,
496 3066 606 3128 idcirco
622 3067 814 3130 immutabilis
829 3066 918 3128 nobis
934 3086 1009 3147 opus
1027 3075 1100 3140 erat,
1124 3086 1183 3146 quo
1202 3064 1289 3126 Verbi

67 3167 168 3232 iustitia
196 3166 390 3230 immutabilis
416 3167 587 3230 bominibus
616 3176 697 3231 esset
725 3158 874 3249 exemplar
901 3177 930 3230 et
957 3170 1053 3230 forma
1080 3169 1117 3230 ad
1149 3167 1288 3229 virtutem

65 3270 302 3351 amplectendam.
345 3268 427 3331 llaec
447 3277 544 3331 autem
568 3271 716 3332 sententia
737 3271 801 3343 bis,
824 3271 874 3349 qui
895 3279 976 3332 reete
999 3270 1146 3344 sentiunt,
1180 3267 1288 3329 rationi

64 3372 217 3442 admodum
239 3379 439 3433 consentanea
460 3370 619 3432 ridebitur.
663 3371 738 3433 Cum
760 3371 838 3433 enim
853 3372 945 3433 Adam
965 3371 1080 3451 primus
1095 3371 1186 3433 borno
1202 3368 1290 3431 luerit

63 3482 201 3548 mutatus,
230 3479 263 3535 et
281 3490 365 3535 mora
384 3489 443 3553 per
462 3483 618 3554 peccatam
640 3477 673 3535 itt
693 3474 838 3536 muudum
859 3477 1042 3545 intraverit,
1071 3490 1135 3534 eam
1164 3470 1289 3533 obrem

63 3576 221 3639 secundum
243 3573 336 3639 Adanu
357 3573 481 3637 decebat
503 3593 570 3636 esse
593 3574 817 3648 immutabilem,
841 3583 875 3636 ut
897 3575 922 3635 si
946 3592 1072 3653 serpens
1091 3573 1215 3634 insidias
1230 3572 1288 3633 ite-

86 3763 233 3825 dSrausr.
250 3760 348 3813 Gobler.
367 3769 391 3810 et
407 3760 514 3811 Felelrm.
528 3743 647 3814 Imbros.
734 3775 756 3823 t.
775 3763 874 3823 Seguor.
894 3761 991 3810 Gobler.
1010 3760 1115 3810 Felelm.
1132 3760 1153 3808 l.
1173 3750 1290 3807 δεικνύν-

85 3847 108 3881 e.
123 3822 183 3897 γᾶρ
203 3830 274 3879 deest
290 3830 314 3878 in
333 3829 437 3878 Felclm.
450 3829 474 3877 5.
498 3829 572 3877 Paulo
591 3837 648 3892 post
699 3841 752 3880 roc.
788 3829 879 3891 Anglie.
900 3829 1005 3877 Felelm.
1017 3829 1041 3877 5.
1059 3819 1237 3879 deterioratos.

57 3895 353 4030 wnlssssllff
377 3896 476 3975 wlff·
495 3895 606 3974 filim·
624 3895 647 3945 ¹·
733 3913 757 3961 lr.
782 3909 937 3962 latetmouet
960 3913 1058 3976 quintus
1085 3926 1217 3975 anonymus
1244 3925 1289 3961 ms.

57 3977 89 4018 ος
228 3976 269 4012 oe.
304 3963 350 4013 tto
368 3972 393 4013 et
409 3963 466 4013 editt
485 3977 522 4016 tos
539 3962 647 4041 affictis
697 3977 845 4042 γεννητῶν.
879 3980 931 4028 lior
949 3980 1048 4042 Seguer.
1068 3972 1104 4032 uls
1120 3975 1288 4044 προείρηται.

53 4032 269 4235 Ξίθξῖἑὲἐῖ.
295 4031 375 4150 (ἕὲῑὲἲί
389 4031 491 4149 {lgltllll
502 4043 646 4149 τὶἵῖυπέἒὲ-
698 4064 807 4207 ἕῖἑιρόῧὲΰ
817 4063 1088 4194 ἃῡῖῗὶεσῗαὶοἱοὶιῖῑή
1099 4063 1137 4179 het
1145 4063 1291 4179 Αὲάἰὸιῑςιὲιξὲ·

83 4237 223 4298 ΗΘΜ·
241 4224 371 4299 ἀνομίαν,
390 4240 417 4283 ut
434 4234 526 4296 etuag.
546 4233 648 4282 inmar-
700 4211 751 4266 ρον
767 4211 831 4292 Ψ
846 4194 985 4262 γενέσθαι·
1013 4282 1018 4292 ¹

55 4303 115 4364 tiae.
143 4303 238 4355 lbidsn
249 4301 346 4353 Gobler.
365 4309 390 4351 et
407 4300 513 4351 Velclm.
528 4301 549 4350 t.
568 4295 648 4365 πρόςι
733 4284 755 4333 l.
775 4283 815 4333 Sto
833 4284 932 4361 Seguer.
950 4283 1049 4360 anglie..
1061 4280 1158 4333 Gobter,
1171 4278 1290 4361 giferth.

52 4382 141 4419 aanor
161 4362 234 4424 mel
260 4362 311 4417 adr
340 4360 502 4433 ataulptpdo‘r.
546 4370 647 4429 Sorbet.
700 4351 797 4400 mant.
833 4351 860 4429 ln
879 4351 933 4429 alus
952 4359 975 4400 et
993 4350 1063 4399 editis
1082 4348 1149 4424 deest
1167 4362 1208 4406 ur.
1237 4345 1290 4397 ltux

54 4448 82 4516 ²¹,
99 4440 158 4517 ¹³²5·
183 4438 274 4489 ibidem
303 4426 366 4502 ⁰¹'oe'
398 4428 436 4490 alc
458 4428 541 4502 ὑμεῖς.
583 4434 648 4486 Eam
700 4418 800 4481 Seouer.
819 4431 867 4478 της
883 4430 982 4467 τουτου
1000 4411 1180 4475 denumerare.

53 4518 103 4573 ΜΖ
120 4519 159 4559 ⁶5
176 4497 270 4572 ἧμὶἴθῑ
288 4503 415 4559 noadaia.
733 4503 751 4552 l.
770 4495 904 4577 debeata
921 4503 1020 4565 stenar.
1040 4507 1064 4551 st
1082 4499 1139 4569 llos.
