2948 5092
485 293 683 362 sermenem
698 295 875 343 urrunnun
926 253 932 269 ¹
1222 292 1285 358 ete
1358 265 1376 356 ζ

49 443 161 506 ¹‘fictitia
185 463 235 505 res
258 453 305 504 est
327 444 408 506 salus
430 452 541 516 nestra,
564 463 660 524 neque
681 445 774 508 soiius
796 448 942 527 corporis,
966 451 1018 512 sed
1035 471 1104 516 vere
1118 456 1211 521 tetius
1225 459 1370 525 bo-enee

45 545 162 617 muris,
186 546 301 607 animae
322 545 435 607 seilicet
456 554 486 607 et
507 547 650 625 corperis,
672 547 752 610 solus
775 549 804 609 in
827 550 894 629 ipse
910 550 1005 614 Verbo
1024 555 1098 617 iacta
1117 550 1176 621 'est
1215 559 1284 625 tin-

46 663 184 710 annum
206 646 306 725 itaque
327 649 431 708 naturai
454 656 532 720 eret,
561 647 641 727 qnod
666 648 704 710 ex
730 650 820 712 naria
848 651 959 730 prodiit
984 655 1149 719 seeundum
1170 659 1284 725 divinas

46 747 247 827 tsseripturm,
275 767 437 827 rerumque
465 757 528 811 erut
550 749 668 813 Domini
696 769 823 830 cerpus3
850 771 952 817 rerum
979 754 1097 835 innuunt
1120 760 1188 833 tuit,
1217 780 1284 827 cum

47 848 142 913 iidem
164 857 252 928 atque
274 859 409 913 nestrum
433 851 570 914 extiterit.
614 851 707 915 Soror
728 849 838 927 etenim
858 863 963 917 nestm
985 864 1031 918 est
1047 858 1156 934 nana,
1179 879 1285 926 omnes

42 949 170 1029 wppe
192 970 227 1013 ex
247 953 360 1014 adame
383 953 440 1014 orti
462 972 576 1014 snmus.
620 953 682 1017 Nec
704 955 860 1033 qnisquam
882 955 938 1018 bac
957 957 996 1019 de
1017 977 1051 1020 re
1071 959 1233 1036 dubitabit,
1257 964 1285 1031 si

44 1050 180 1130 -qnitcn
203 1071 306 1116 eemm
329 1053 505 1128 meminerit,
528 1073 603 1134 quac
618 1055 713 1118 Lucas
735 1057 863 1137 scripsit.
906 1058 1153 1139 Nampestquam
1167 1081 1186 1126 a
1200 1082 1284 1125 mer·

51 1151 123 1215 tuis
145 1156 336 1229 surrexisset,
360 1152 567 1235 eumenidum
589 1156 798 1232 existimarent,
823 1177 856 1221 se
876 1177 939 1222 non
960 1161 992 1222 in
1013 1180 1139 1242 corpore
1161 1181 1197 1227 ex
1215 1165 1283 1231 -tta-
1333 1215 1360 1244 Α,
1420 1164 1427 1172 ’

48 1254 106 1317 uin
128 1256 228 1336 genito
250 1258 408 1320 Dominum
431 1259 600 1339 adspicere,
629 1261 683 1322 scd
711 1261 789 1322 iilius
810 1261 877 1323 loeo
905 1261 1042 1342 spiritum
1061 1264 1181 1338 since,
1210 1266 1285 1331 dixit

46 1356 126 1419 otte:
160 1358 257 1422 Videte
282 1380 391 1423 remees
418 1381 498 1424 meos
527 1373 556 1425 et
579 1362 672 1444 padre
693 1382 789 1434 meos,
806 1373 847 1425 et
867 1363 990 1443 deseror
1014 1364 1184 1436 staveren,
1201 1370 1285 1448 num

45 1475 112 1537 sepe
133 1462 198 1539 ipse
219 1480 295 1524 rum.
338 1462 467 1543 Polpote
486 1481 533 1525 ore
554 1474 583 1524 et
604 1464 714 1535 videte,
743 1469 813 1544 quie
839 1463 976 1545 Spiritus
1006 1483 1128 1530 comem
1154 1477 1183 1532 et
1212 1485 1285 1532 osee

46 1576 125 1625 ‚nort
141 1560 244 1633 dubet,
267 1567 347 1625 sicet
365 1583 413 1625 me
434 1565 540 1627 videtis
554 1565 680 1628 beben.
725 1565 763 1626 iit
786 1584 853 1628 eunt
867 1565 922 1627 tec
936 1567 1072 1637 deburat,
1092 1569 1225 1633 ostendit
1239 1572 1283 1633 sit

44 1676 169 1725 mnus
192 1673 222 1725 et
240 1666 340 1743 pedes.
384 1664 427 1726 Ex
449 1664 556 1744 quibus
578 1666 642 1727 iure
664 1676 877 1745 coarguantur,
906 1667 956 1745 qui
985 1666 1082 1730 dicere
1111 1669 1180 1731 nusi
1202 1677 1284 1742 sunt,

46 1760 218 1825 diomintnn
241 1764 272 1826 in
294 1784 412 1828 carnem
434 1777 464 1827 et
486 1785 556 1828 ossa
579 1774 721 1829 mutatum
744 1766 846 1830 tuisse.
890 1768 956 1829 Ncn
979 1769 1057 1832 enim
1079 1768 1168 1831 dixit:
1190 1778 1222 1831 ut
1236 1789 1284 1833 me

46 1863 165 1926 -vidsns
187 1885 306 1929 cantem
330 1877 360 1929 et
381 1887 450 1929 essa
473 1888 550 1943 esse,
573 1869 627 1930 sed
649 1868 767 1940 hebere,
790 1889 828 1930 ne
850 1870 1012 1948 ipsummet
1032 1870 1161 1933 Verbum
1182 1871 1214 1934 in
1235 1889 1284 1934 ree

44 1963 123 2028 -iiias
145 1969 386 2032 transformatum
409 1970 500 2031 tuisse
522 1978 704 2044 censeretur,
727 1971 780 2033 sed
803 1971 867 2032 illas
891 1981 920 2033 ct
940 1979 1009 2034 arete
1028 1981 1155 2037 mertem
1171 1981 1285 2052 etpost
1387 2020 1393 2034 .

56 2070 310 2131 resurrectionem
334 2072 442 2133 habere
465 2072 643 2133 crederetur.

142 2173 173 2236 8.
216 2172 270 2261 iiis
292 2172 380 2251 igitur
401 2173 440 2234 ita
464 2173 705 2235 commonstratis
726 2190 976 2251 supervacaneum
993 2175 1107 2236 ostelia
1130 2175 1281 2254 adtingere

45 2281 108 2334 aut
128 2273 202 2334 boec
223 2273 299 2335 ultra
320 2273 440 2352 agitare,
453 2275 529 2335 'cum
552 2283 581 2334 et
603 2291 723 2353 cerpus,
746 2274 776 2334 in
799 2292 856 2351 quo
872 2272 1001 2335 Verbum
1024 2284 1097 2347 erat,
1120 2293 1180 2336 non
1203 2294 1277 2338 con·
1289 2300 1369 2350 onor,

50 2373 396 2448 otrbstnntiaiedieitati,
430 2376 482 2436 sed
510 2395 544 2437 ex
573 2376 664 2436 Maria
692 2380 762 2435 iere
790 2374 921 2452 genitum
950 2374 1005 2445 sit,
1039 2383 1069 2436 et
1097 2394 1162 2438 cum
1184 2377 1283 2455 ipsum

45 2475 187 2536 Verbum
211 2477 241 2537 in
264 2495 381 2538 curnem
405 2486 434 2537 et
456 2495 526 2538 ossa
547 2493 723 2539 conversum
746 2494 807 2537 non
829 2475 927 2545 tuerit,
951 2475 1004 2536 sed
1026 2464 1167 2538 incarne
1189 2477 1283 2538 exsti-

49 2578 140 2639 terit.
184 2579 257 2641 Nam
279 2579 362 2658 quod·
380 2579 653 2640 aioannedieitur:
680 2578 806 2641 Verbum
822 2596 895 2639 coro
911 2579 1028 2656 sectum
1044 2587 1096 2646 ret,
1119 2576 1285 2639 eademest
1330 2564 1334 2571 ’
1368 2640 1372 2645 ,
1420 2660 1425 2670 Ι

48 2678 289 2757 significatione,
324 2688 356 2741 ut
383 2700 417 2742 ex
447 2676 535 2742 simili
563 2679 703 2759 loquendi
732 2680 821 2740 medo
844 2678 1066 2757 deprehendere
1089 2679 1174 2750 iicet;
1205 2678 1285 2756 epod

45 2779 179 2840 denium
203 2782 312 2861 quippe
335 2783 478 2861 seriptum
501 2792 562 2845 est:
595 2783 733 2846 Christus
761 2782 863 2860 sortus
892 2792 937 2842 cst
960 2799 1021 2860 pro
1049 2780 1136 2843 nobis
1157 2779 1285 2841 emitdi-

58 2892 151 2943 etum.
189 2882 226 2942 Et
251 2882 411 2944 sicut'ncn
440 2885 504 2962 ipse
527 2868 621 2945 inctns
642 2892 690 2944 est
712 2881 908 2951 maledictum,
932 2881 985 2942 sed
1008 2881 1076 2960 quia
1098 2880 1284 2942 meledictum

43 3001 113 3062 pro
136 2983 224 3044 nobis
247 2986 396 3064 suscepit,
429 2986 538 3048 ideirco
566 2986 677 3047 dictum
707 2992 755 3045 est
782 2983 880 3061 ipsum
914 2983 1021 3044 iactum
1043 2982 1137 3044 inisse
1159 2980 1286 3042 maledi:

54 3093 154 3157 ctum,
182 3086 226 3146 sic
248 3094 278 3146 et
300 3087 426 3148 Verbum
450 3106 517 3148 carc
541 3088 733 3157 factumest,
763 3103 824 3144 non
847 3083 925 3161 quod
948 3083 977 3143 in
1001 3101 1117 3145 carnem
1140 3090 1284 3145 mutatum

55 3185 163 3259 inerit,
193 3187 245 3247 sed
274 3187 354 3265 quod
378 3207 496 3250 earnem
518 3188 663 3248 virentem
685 3204 740 3264 pro
764 3184 852 3245 nobis
875 3183 1052 3247 assumserit
1073 3184 1215 3245 ethome
1238 3184 1284 3244 s·
1344 3192 1359 3206 ⁸

54 3295 137 3349 ctum
159 3286 207 3348 sit.
251 3288 324 3351 Nam
346 3290 461 3351 dicere:
488 3289 614 3351 Verbum
636 3305 708 3351 core
731 3288 847 3364 soctrrm
869 3295 922 3357 est,
947 3285 1024 3347 idem
1048 3292 1094 3347 est
1114 3285 1284 3347 aedicere:

58 3387 188 3450 Verbum
210 3389 296 3451 bomo
320 3392 435 3468 sectum
457 3400 512 3466 eat,
534 3397 624 3468 prout
645 3390 675 3450 in
691 3387 772 3449 laete
795 3387 913 3449 dicitur:
937 3386 1100 3468 Effundunt
1115 3388 1151 3449 de
1165 3385 1286 3468 Spiritu

52 3507 121 3550 aree
146 3509 240 3570 super
258 3482 376 3553 'omnem
399 3511 535 3565 cernsm3
564 3485 732 3554 nonenim
755 3490 840 3552 bruta
864 3488 1022 3550 animantia
1044 3488 1099 3549 ista
1121 3488 1285 3567 promissio
1395 3556 1399 3561 ,

53 3590 217 3668 spectabat,
242 3593 295 3653 sed
318 3593 455 3654 hemines
477 3593 627 3667 duntaxat,
649 3609 776 3672 querum
799 3590 889 3669 gratia
912 3589 1056 3651 Dominus
1078 3590 1169 3650 homo
1191 3590 1285 3649 iaetus

55 3776 111 3826 ilex
136 3777 236 3838 Seguer.
259 3770 388 3844 περιττόν
411 3771 476 3825 ἔστι.
517 3780 582 3828 idern
600 3793 646 3842 γυ-
699 3788 721 3826 et
739 3776 844 3827 ielckm.
867 3777 888 3823 l.
917 3764 964 3821 οὐκ
990 3767 1041 3821 αὐτ
1090 3764 1181 3839 Ιτούτῳ
1205 3762 1286 3823 αὐτὸς

53 3835 218 3909 μνᾶζῑῦθαι.
698 3857 756 3893 κατ.
792 3845 843 3918 ilex
861 3842 983 3891 Theodcr.
1001 3785 1118 3895 litberto.
1154 3839 1181 3887 tn
1200 3839 1286 3887 eodem

92 3926 113 3958 e.
139 3913 224 3975 Epiptr.
253 3913 350 3961 Gobier.
377 3912 481 3960 Feicim.
500 3914 521 3962 i.
547 3913 647 3974 Seguer.
700 3927 754 3960 mox
771 3923 877 3973 καταρα
902 3911 977 3958 deest.
1015 3908 1105 3982 ibidem
1115 3906 1222 3982 §agnen
1240 3918 1286 3952 xn-

55 3977 107 4025 τοῦ
121 3971 175 4043 γὰρ
195 3975 331 4043 σώματος,
352 3980 394 4027 scd
414 3980 484 4038 maie,
504 3988 529 4029 nt
541 3995 568 4028 ex
584 3981 647 4029 serie
700 3973 770 4042 tripu
787 3974 913 4041 γέγονεν’
933 3967 1020 4027 οὕτως
1035 3966 1284 4038 nacoeciiytmo.

54 4048 141 4110 liquet.
700 4047 791 4095 Thecd.
810 4037 881 4092 otro
899 4036 1004 4097 καὶτὸ,
1024 4035 1103 4118 σάρξ.)
1133 4040 1286 4118 ,btgxcmnes

91 4115 109 4162 t.
137 4113 200 4162 Hace
219 4115 282 4177 apud
301 4114 391 4162 Theod.
416 4113 478 4163 nist.
495 4115 513 4162 1.
533 4110 568 4179 [p.
586 4109 648 4178 tel.
700 4114 750 4162 iere
769 4128 827 4162 rnss.
847 4101 900 4158 ἀλλ’
921 4103 971 4158 ὅτι.
1007 4110 1069 4158 Editi
1088 4102 1136 4154 att
1161 4119 1210 4155 su.

91 4196 114 4242 g.
135 4182 233 4231 Gebier.
253 4189 276 4229 et
295 4180 434 4230 ternant.
453 4176 551 4229 reiron
569 4176 649 4229 tiera-
734 4183 750 4230 i.
775 4178 866 4236 ζῶσαν
890 4179 958 4226 deest
977 4179 998 4226 in
1018 4176 1106 4253 Epipb.
1124 4175 1244 4224 Tbeedor.
1263 4181 1289 4224 et

55 4240 108 4297 tir
124 4241 222 4313 εὑρεῖν,
242 4240 279 4300 ὥς
297 4244 403 4301 Παῦλος
420 4244 499 4312 φησί.
513 4264 560 4314 χρ.
580 4259 624 4299 etc.
700 4250 799 4310 Segner.
836 4248 861 4295 In
880 4245 1019 4320 senuerim.
1028 4255 1074 4290 και
1088 4256 1192 4304 sequens
1211 4242 1287 4291 deest.

89 4317 114 4365 b.
132 4310 181 4363 καί
197 4317 266 4365 deest
283 4317 306 4364 in
326 4319 424 4377 Seguer.
461 4318 512 4366 nox
530 4318 648 4380 Epipbcn.
700 4316 774 4365 Paule
799 4308 1080 4385 postneirrdeest'in
1100 4310 1246 4361 Gebieriaoe
1264 4315 1288 4357 et

58 4373 108 4431 οὔκ
126 4374 209 4435 αὐτὸς
224 4378 321 4447 γέγονε
337 4376 453 4451 κατάρα.
488 4386 579 4434 Tbecd.
599 4374 628 4430 e’
700 4382 840 4433 ieiumi.
876 4380 968 4429 ibidem
986 4371 1000 4426 ὁ
1019 4374 1100 4441 tayo
1117 4377 1185 4454 deest
1203 4375 1287 4426 inSe·

57 4443 103 4498 ὅτι
121 4443 204 4503 αὐτὸς
220 4446 323 4514 γέγονε.
360 4442 647 4502 Editiautemer’ntor'rre
700 4465 766 4513 guer.
803 4449 866 4497 inira
891 4448 990 4509 Segner.
1015 4437 1124 4510 ἀλόγων
1141 4442 1225 4501 (eur.
1260 4443 1287 4493 iu

56 4516 142 4568 rotro
159 4514 258 4583 γέγονε
275 4511 388 4584 κατάρα.
428 4520 529 4582 Senior.
548 4519 647 4570 Gobier.
699 4518 753 4567 aliis
772 4509 850 4572 ζώων
866 4514 943 4567 deest.

1030 4595 1086 4647 53*
