2948 5092
327 326 337 343 ,
452 261 562 320 cirria
576 274 599 317 1.
615 271 730 319 conam
743 274 879 321 munos
1215 263 1277 328 lbi
1314 243 1321 253 ”
1377 306 1388 328 .

48 424 135 510 psa?
177 425 252 489 Nam
274 424 440 499 verebatur,
462 444 501 487 ne
522 425 607 487 alteri
627 443 775 505 personae
797 426 887 489 verba
902 427 1071 508 Scriptorae
1092 427 1367 493 attribuendaeae.

48 535 174 591 erecto
197 545 291 591 saun
311 527 492 591 deflecteret.
536 525 677 590 Similiter
697 527 839 608 Discipuli
861 536 978 609 tempus
1000 548 1112 605 rerum,
1135 549 1208 610 qaas
1230 531 1281 595 ia·

49 640 132 694 omas
152 629 345 711 praedicebat
364 628 521 704 Dominus,
544 628 660 691 discere
682 629 846 710 cupientes,
869 650 937 694 eum
959 633 1017 694 boc
1036 630 1127 694 modo
1149 631 1282 695 interro·-

50 730 177 812 gabant:
198 732 258 795 Da'c
278 732 365 795 nobis
388 733 510 814 quando
534 731 605 794 hacc
627 742 726 804 creat,
750 725 779 795 ct
799 734 879 814 qaod
900 738 1018 815 siccam
1040 734 1188 797 namtas
1210 733 1283 798 aar?

51 833 145 898 lidan
166 850 288 913 quoque
308 851 375 895 cum
397 851 446 907 ea,
470 851 545 912 quae
567 833 655 894 finem
677 833 778 895 mundi
800 833 987 912 spectabant,
1009 853 1027 895 a
1050 834 1203 897 Salvatore
1225 854 1280 898 au·-

53 934 161 1012 fflaat,
181 933 249 996 eius
271 941 424 1014 praeterea
447 942 563 1014 tempus
586 933 701 996 discere
721 933 925 1014 peroptabant,
947 945 982 997 ut
997 954 1053 997 neo
1064 936 1124 1015 ipsi
1147 944 1283 999 errarent

55 1046 84 1101 et
103 1036 180 1100 alios
201 1044 329 1118 possent
351 1034 469 1098 docere.
513 1035 601 1109 Quod
615 1054 682 1098 cum
703 1035 887 1111 didicissent,
910 1036 1206 1111 Thessalonicenses,
1229 1034 1282 1118 qni

55 1140 84 1200 ia
102 1138 244 1221 prasium
267 1137 382 1200 erroris
404 1145 489 1199 erant
508 1137 655 1218 periculo,
685 1145 887 1200 correxerunt.
932 1137 986 1200 Ubi
1014 1137 1103 1218 igitur
1129 1138 1187 1200 ista
1256 1138 1263 1154 ⁸

55 1239 147 1320 probe
167 1237 296 1312 noverit,
317 1246 398 1300 recta
420 1258 454 1300 ac
476 1258 547 1300 sana
569 1239 627 1301 srde
649 1258 698 1300 res
721 1248 766 1302 est
787 1240 1000 1302 intellecturus.
1037 1239 1091 1302 Sin
1109 1157 1289 1313 autemm

56 1341 142 1403 modo
165 1340 276 1404 borum
297 1339 405 1419 aliquid
428 1340 625 1420 explicaverit,
646 1341 746 1403 statim
768 1343 879 1403 incidet
893 1343 923 1402 in
937 1341 1095 1404 haeresim.
1128 1343 1204 1405 Hinc
1218 1343 1282 1424 lly-
1365 1401 1369 1408 .

59 1460 196 1504 menaeus
218 1449 249 1504 ct
269 1441 443 1516 Alexander,
465 1443 515 1522 qui
538 1442 788 1505 resurrectionem
809 1444 868 1505 iam
882 1446 987 1506 iactam
1003 1463 1072 1505 esse
1086 1444 1281 1519 affirmabant,

60 1553 172 1625 tempus
194 1543 414 1625 praeveniendo
437 1552 626 1618 erraverrmt,
661 1543 777 1606 Galatae
799 1564 870 1606 vero
891 1554 962 1624 post
983 1554 1101 1627 tempus
1125 1545 1283 1608 circumciv

62 1644 171 1707 sionem
192 1664 274 1708 nunc
294 1646 509 1725 amplectendo.
553 1645 731 1708 Erraverunt
746 1646 883 1709 similiter
903 1647 934 1709 in
948 1666 1079 1727 persona
1094 1647 1283 1728 intelligenda

64 1755 89 1807 et
106 1747 266 1809 etiamnum
295 1756 398 1810 arram
418 1747 534 1823 ludaei,
567 1749 617 1827 qui
647 1749 815 1810 existimant
842 1748 880 1811 de
907 1748 1005 1829 aliquo
1034 1768 1071 1811 ex
1099 1750 1173 1829 ipsis
1201 1749 1283 1814 istud

65 1846 127 1908 diei:
154 1848 228 1911 Ecce
255 1848 342 1928 Virpo
366 1852 512 1930 correptet
533 1860 562 1911 ct
581 1854 685 1930 pariet
705 1850 818 1932 filiam,
847 1861 877 1913 et
904 1852 1054 1913 vocabant
1081 1870 1189 1914 nomen
1218 1856 1285 1916 cias

67 1946 246 2024 hamel,
276 1951 356 2031 quod
376 1960 422 2011 cst
443 1954 693 2032 interpretatam,
722 1953 879 2015 nobiscum
901 1952 999 2024 Deua,
1027 1971 1094 2013 cum
1117 1953 1187 2015 item
1209 1953 1283 2016 baec

68 2047 158 2109 rerba:
186 2047 371 2131 Prophetaaa
398 2054 482 2116 vobis
505 2055 663 2117 suscitabit
684 2056 781 2127 Deua,
810 2054 847 2117 de
876 2054 972 2134 aliquo
995 2054 1211 2134 Prophetarum
1232 2056 1282 2115 in·

71 2149 147 2230 redigi
165 2151 356 2227 arbitrantur,
379 2164 407 2217 et
428 2155 587 2217 verborum
609 2157 751 2218 istorum:
774 2155 859 2219 Sicut
881 2161 945 2219 ocia
967 2159 1007 2220 ad
1029 2159 1204 2219 occisionem
1223 2158 1367 2219 dar-mae.

73 2261 126 2314 atra
146 2266 190 2318 cat
210 2254 486 2334 interpretationem
508 2275 568 2318 non
590 2276 606 2318 a
628 2258 766 2338 Philippo
788 2257 916 2331 discunt,
947 2257 1000 2319 sed
1022 2257 1080 2320 illis
1102 2257 1209 2320 isaiam
1231 2265 1282 2321 aut

75 2351 146 2416 dum
166 2355 293 2434 aliquem
315 2355 495 2437 Prophetam
518 2358 667 2438 designari
691 2359 858 2439 opinantur.

142 2663 190 2722 55.
234 2659 317 2720 idem
339 2661 473 2739 proiecto
496 2660 563 2721 istis
586 2659 696 2722 Christi
718 2660 856 2722 hostibus
879 2660 993 2735 occidit,
1024 2660 1152 2739 indeque
1173 2660 1205 2721 in
1227 2676 1283 2721 ne—

78 2757 171 2821 hndam
192 2760 267 2841 lapsi
290 2769 360 2823 sunt
381 2760 539 2822 baeresim.
582 2761 656 2824 Nam
679 2762 705 2824 si
727 2781 903 2842 personam,
936 2780 999 2822 rem
1023 2769 1053 2822 et
1074 2768 1191 2839 tempus
1214 2778 1283 2821 ver·

77 2855 160 2922 barum
181 2862 318 2942 Apostoli
340 2864 567 2942 cognovissent,
600 2882 661 2925 non
690 2882 739 2936 ea,
774 2882 849 2943 quae
879 2864 915 2924 ad
943 2862 1101 2923 humanam
1133 2861 1286 2940 pertinent

78 2968 207 3035 naturam,
229 2964 455 3025 transtulissent
477 2965 507 3026 in
530 2964 730 3040 divinitatem,
754 2985 809 3026 nec
830 2984 866 3026 eo
890 2964 1050 3043 impietatis
1072 2962 1170 3024 insani
1192 2962 1284 3024 deve·

78 3058 180 3125 nerent
224 3063 259 3124 ld
280 3072 378 3126 autem
400 3065 427 3127 is
450 3065 533 3127 lacile
546 3066 718 3146 perspiciet,
741 3065 930 3145 quitinitium
952 3064 1041 3126 huius
1055 3065 1114 3126 loci
1131 3072 1212 3125 recte
1233 3064 1283 3125 in·

79 3161 209 3226 tolererit.
254 3165 298 3226 En
320 3166 399 3228 enim
421 3167 556 3247 Apostoli
577 3166 681 3229 verba:
705 3166 910 3247 Maitisarabm
926 3166 1197 3247 maaltr'spaamodia
1214 3164 1287 3227 oh'tn

79 3260 140 3326 Deae
162 3266 282 3329 locatas
304 3265 448 3330 Patribus
467 3287 527 3349 par
546 3269 724 3350 prophetas,
748 3269 827 3331 bisce
848 3267 963 3330 ultimis
986 3267 1089 3330 dicbus
1105 3265 1224 3329 locatus
1240 3275 1287 3328 eat

79 3364 143 3426 aaa
163 3370 197 3428 ia
218 3366 309 3429 Filio.
352 3367 465 3430 Deinde
486 3369 575 3448 paulo
595 3376 667 3448 post
687 3369 742 3430 ait:
767 3388 826 3450 per
852 3372 984 3448 scipsum
1008 3369 1193 3449 peractione
1212 3384 1287 3446 pao-

80 3476 193 3529 oatoruar
215 3479 397 3532 nostronrm
417 3472 517 3550 sacta,
551 3471 631 3534 scdct
659 3472 699 3532 ad
728 3471 882 3532 dexteram
903 3471 1070 3530 mar'catatr's
1092 3472 1126 3528 ia
1147 3466 1284 3538 eccelsia,

79 3572 142 3630 hate
160 3574 377 3652 praestantior
398 3573 500 3651 factas
515 3571 647 3650 Aapeta‘a,
671 3581 783 3651 quanto
800 3569 993 3633 eccellentiae
1005 3587 1084 3649 prae
1097 3566 1162 3628 a'iiia
1176 3578 1287 3629 aeman

80 3663 392 3753 iacradnatc'accapr't.
436 3672 537 3752 ltaque
564 3671 699 3751 Apostoli
733 3671 843 3733 dictum
869 3669 1012 3749 temporis
1043 3667 1194 3741 meminit,
1226 3685 1285 3746 qua

103 3885 116 3933 i.
129 3889 225 3951 Seanar.
237 3881 388 3956 ἀναστήσῃ,
406 3885 556 3956 νομίζουσι.
581 3890 647 3941 Gob·
699 3889 740 3939 alii
764 3898 788 3939 et
811 3889 868 3939 editi
897 3889 1017 3938 omittunt.
1058 3886 1119 3936 lbid.
1146 3885 1286 3948 Segnerian.

80 3947 141 4005 lenta.
164 3960 222 4008 item
245 3966 270 4008 et
286 3958 393 4009 Felclm.
408 3959 432 4007 1.
458 3959 546 4009 babent
570 3952 648 4024 vopei-
698 3957 772 4007 Basil.
790 3955 881 4016 anglic.
900 3957 957 4018 Rea.
972 3944 1017 4004 ἐπ’
1037 3945 1164 4020 Acgairaa.

80 4011 142 4070 iace.
733 4025 755 4073 l.
773 4024 813 4074 Sic
831 4025 930 4085 aegeae.
949 4023 1111 4084 at'Analiean.
1145 4021 1176 4070 ln
1191 4020 1246 4071 aliis
1263 4025 1290 4069 at

79 4133 119 4236 naga·
131 4123 530 4258 Ξῧῆξὲεζῖρέζξῦειὲῗέἒοῖ
567 4126 646 4177 cm
696 4080 1288 4222 321ῖὲΙαξξζῖιαέςέιΐήιξτιὲοξῐῗτι.οἰνῖἵζὶ

699 4241 762 4276 maa.
777 4227 799 4276 l.

102 4285 172 4360 AQic
189 4294 292 4357 Seguer.
317 4293 441 4357 Anglican.
460 4293 597 4346 Goblarian.
624 4303 649 4346 et
733 4294 749 4344 Ι.
772 4294 812 4344 Sic
829 4294 929 4357 Saguar.
947 4292 1047 4343 Gablcr.
1065 4299 1090 4341 st
1106 4289 1245 4340 retunsa.
1265 4287 1288 4338 l.

26 4374 33 4389 ·
78 4347 194 4411 lidelmi.
228 4366 258 4413 At
283 4361 325 4413 alii
348 4369 373 4413 et
396 4363 453 4413 editi
470 4356 647 4415 aatdaamir-
697 4362 726 4411 At
744 4362 801 4411 editi
818 4361 1038 4439 aliiqueomittant
1063 4347 1298 4470 derpr'drcaofai-¹

78 4423 123 4475 hat
699 4441 781 4496 repar
792 4421 861 4494 παρ’
881 4421 980 4479 careda
990 4421 1220 4490 κεκληρονομηκεν
1245 4435 1290 4472 νο-

100 4488 230 4559 iseram.
254 4495 324 4550 addit
345 4489 377 4548 ir
398 4495 457 4551 tole
478 4487 647 4566 προφήταις,
697 4510 747 4564 μα.
782 4497 835 4547 Atax
852 4487 908 4563 ἄρα
925 4494 994 4545 abeat
1012 4493 1091 4556 altar.
1110 4499 1135 4542 et
1152 4489 1290 4544 Falctmsb.
1343 4512 1347 4518 ·
