2948 5092
360 254 507 299 natarunt
519 254 559 299 fl}
571 254 718 323 llssclfflls
732 255 877 300 uictum
892 256 1009 302 eruunt.
1113 287 1116 295 .
1258 247 1295 309 61

76 407 122 468 Ilei
144 422 180 468 ex
202 405 369 467 substantia
391 404 444 466 Dei
467 422 545 476 esse,
569 406 622 465 sed
646 405 781 468 Patribus
803 408 904 486 potius
928 409 1117 482 assentiatur,
1141 412 1190 490 qui
1213 412 1383 476 ride-nm.

74 509 151 580 lieet,
174 518 208 569 ut
231 507 327 586 ipsam
350 507 395 568 rei
418 506 569 567 notionem
591 516 820 586 perpurgarent,
844 510 964 571 maioris
987 512 1205 591 perspicuitatis
1228 532 1297 592 gra-

74 611 107 670 tia
135 609 297 687 verbisque
329 607 420 669 veluti
448 606 619 687 synonymis
647 607 701 669 bas
731 627 820 669 voees
850 628 888 671 eae
911 611 973 673 Deo
996 612 1062 673 istis
1085 633 1123 675 ea
1144 616 1203 677 liei
1224 617 1297 677 sub-

72 716 182 773 stantio
205 709 400 788 explicavere.
443 708 526 770 ldem
548 708 628 769 enim
650 726 719 770 esse
741 710 871 771 arbitrati
895 722 974 786 sunt,
998 714 1095 776 dicere
1117 716 1244 777 Verbum
1260 736 1299 779 ea

73 814 131 875 lleo
162 831 249 883 esse,
284 830 318 872 ac
348 810 446 872 dicere
473 810 571 888 ipsum
594 829 663 870 esse
686 829 725 871 eu
747 811 805 872 lto·
825 815 1009 884 substantio,
1040 818 1156 893 parando
1180 818 1297 895 (pridem

73 915 123 975 ista
146 932 204 973 vox
229 912 328 983 Deus,
353 919 386 972 ut
407 910 483 982 dixi,
506 911 580 971 nibil
602 910 679 971 aliud
704 912 864 989 signifieat,
894 933 981 991 apaauu
1004 917 1197 978 substantiam
1221 919 1296 991 eius,

70 1017 115 1094 qni
147 1024 207 1074 est.
253 1013 286 1074 Si
312 1012 405 1090 igitur
427 1011 554 1072 l'erbum
586 1030 647 1072 non
676 1010 715 1072 ita
746 1023 791 1073 est
818 1033 853 1073 ex
875 1014 953 1087 lleo,
987 1025 1019 1076 ut
1042 1036 1128 1079 uerus
1152 1039 1185 1078 ex
1210 1021 1296 1081 Patre

72 1128 172 1177 natura
194 1117 236 1176 sit
256 1114 360 1185 Filius,
384 1113 437 1173 sed
460 1114 485 1174 si
508 1133 543 1174 eo
567 1114 770 1174 tautummodo
793 1133 829 1175 ex
850 1115 912 1175 lleo
936 1136 1004 1177 esse
1026 1118 1141 1190 dieitur,
1165 1140 1223 1198 quo
1247 1139 1296 1181 res

72 1236 174 1280 omnes
204 1223 339 1287 creatae,
369 1214 435 1293 quia
460 1233 567 1292 nempe
590 1233 605 1274 a
628 1213 690 1274 Deo
713 1216 805 1275 laetae
829 1225 914 1288 suut3
943 1237 1014 1278 sarae
1044 1237 1140 1298 neque
1163 1240 1197 1280 ex
1221 1220 1295 1282 sub-

72 1319 176 1380 stantia
197 1317 297 1378 l’atris
321 1325 383 1387 est3
412 1334 507 1394 neque
529 1317 594 1393 ipse
615 1314 709 1375 Filius
733 1315 897 1377 substantia
919 1326 966 1378 est
986 1318 1094 1390 Filius,
1123 1320 1175 1379 scd
1199 1321 1296 1380 solum

73 1441 103 1480 ex
124 1422 246 1491 virtute,
269 1436 331 1479 nou
354 1417 439 1478 aliter
459 1435 493 1477 ae
514 1435 581 1488 uos,
604 1417 654 1494 qui
677 1417 769 1493 gratia
791 1416 843 1478 tilii
865 1437 1013 1481 vocamur.
1059 1421 1112 1482 Sin
1128 1431 1225 1483 autem
1242 1440 1294 1483 so-

53 1524 113 1609 ·lns
135 1541 171 1583 ex
194 1520 258 1580 lleo
282 1529 330 1580 est
352 1527 488 1596 tanquam
510 1535 598 1579 verus
620 1517 730 1588 Filius,
762 1518 804 1578 uti
825 1538 928 1579 revera
950 1529 1013 1594 est3
1045 1522 1109 1583 inre
1132 1542 1165 1583 ac
1188 1523 1294 1583 merito

75 1643 105 1683 er
126 1621 293 1684 substantia
315 1619 369 1680 bet
391 1618 482 1679 Filius
505 1619 648 1679 dicendus
672 1627 727 1679 est

151 1727 202 1788 23.
249 1723 336 1781 Certe
359 1720 483 1781 remita
507 1739 540 1780 se
563 1718 673 1780 babere
696 1728 776 1798 patet
798 1739 833 1780 ex
856 1722 990 1800 exemplo
1012 1722 1086 1783 lucis
1109 1732 1138 1784 et
1152 1725 1294 1803 splendo-

74 1826 120 1884 ris.
163 1824 231 1884 Non
255 1823 335 1884 enim
357 1821 450 1882 instar
472 1822 567 1900 ignis,
597 1821 645 1899 qui
670 1840 705 1881 ex
728 1822 826 1882 calore
849 1823 922 1883 solis
945 1825 1114 1885 accenditur
1136 1845 1169 1886 ac
1189 1835 1295 1905 postea

75 1927 143 1985 solet
164 1925 306 2003 extingui,
329 1922 457 1984 l'erbum
479 1942 512 1983 se
535 1923 570 1982 ad
587 1922 680 1982 [leram
703 1923 811 1984 babere
827 1924 926 1985 Sancti
949 1944 1108 1995 ce1tsucr·e;
1131 1927 1170 1987 ita
1186 1928 1295 2007 quippe

75 2038 219 2087 externum
253 2033 285 2086 et
316 2033 447 2112 creatum
480 2024 628 2084 ellectoris
664 2043 740 2102 opus
774 2033 862 2086 esset.
913 2026 1020 2087 Verrem
1050 2027 1155 2088 Filium
1188 2047 1293 2089 omues

76 2128 255 2206 splendorem
279 2146 347 2187 esse
370 2127 481 2198 dixere,
504 2135 536 2187 nt
557 2144 624 2186 eum
646 2126 768 2204 proprie
790 2146 824 2187 ac
847 2128 911 2188 sine
933 2129 1078 2189 divisione
1101 2149 1136 2190 ex
1151 2130 1293 2191 substan-

75 2231 107 2289 tia
128 2249 205 2302 esse,
228 2228 353 2306 eiusque
375 2246 440 2287 eum
455 2227 542 2287 Patre
558 2227 699 2287 unitatem
722 2227 930 2305 significarent.
976 2231 1107 2308 b'amque
1129 2232 1187 2292 boc
1207 2240 1293 2310 paeto

74 2341 191 2404 tuirstat,
213 2349 284 2391 vere
308 2348 377 2391 euru
399 2327 609 2390 immutabilem
632 2329 839 2407 varietatisque
859 2340 1007 2410 expertem
1025 2353 1102 2393 esse.
1133 2333 1293 2405 Quomodo

74 2433 144 2493 eninr
166 2432 250 2491 aliter
271 2431 338 2492 talis
361 2449 430 2492 esse
451 2438 572 2509 posset,
607 2429 664 2489 nisi
693 2429 788 2491 l'atris
817 2432 957 2510 proprius
989 2442 1070 2494 esset
1100 2432 1201 2495 letus?
1245 2433 1294 2494 Sic

74 2537 144 2594 anim
167 2552 290 2595 necesse
315 2540 451 2593 osteum
474 2532 597 2592 eandem
620 2550 683 2592 rem
706 2551 773 2591 esse
796 2551 830 2592 ac
851 2552 937 2593 sunm
961 2534 1086 2594 Patrem.
1129 2537 1210 2606 Quae
1227 2553 1292 2597 eum

72 2636 163 2713 pietati
186 2635 269 2694 ralde
292 2641 491 2694 consentanea
515 2653 582 2694 esse
605 2641 762 2693 ostensum
785 2635 884 2706 luerit,
907 2638 1040 2713 prolecto
1057 2637 1165 2697 Christi
1188 2639 1293 2699 hostes

74 2757 134 2797 loce
159 2735 428 2799 consubstantialis
452 2735 571 2796 minirue
594 2734 703 2795 debent
726 2735 846 2804 ollendi,
869 2755 935 2795 cum
958 2737 1031 2796 baec
1053 2756 1155 2796 sanam
1171 2738 1293 2798 onunno

72 2840 212 2899 corabneat
233 2835 411 2898 sententiam
441 2838 615 2914 rationeque
642 2836 842 2897 coralirmetur.
888 2837 1046 2897 Euinn·ero
1075 2858 1141 2898 cum
1163 2839 1293 2901 l'erbum

72 2960 101 2999 ex
122 2938 288 3001 sulastantia
308 2935 361 2996 Dei
385 2955 452 2999 esse
474 2938 599 2998 dicimus
633 2938 702 3009 (iam
726 2938 804 2997 euim
828 2946 857 2998 et
879 2938 936 3015 ipsi
959 2939 1117 2999 dictionem
1142 2940 1217 3000 banc
1238 2941 1292 3003 ad·

72 3043 201 3117 mittant),
225 3039 296 3119 quid
318 3038 396 3100 alind
420 3039 630 3118 significamus,
652 3057 853 3117 quamverum
872 3049 901 3100 et
923 3051 1071 3101 aeternam
1087 3040 1293 3114 substantiam,

72 3163 100 3202 aa
127 3163 183 3222 qua
212 3143 310 3219 ipsum
338 3141 467 3218 genitum
497 3139 568 3201 est?
611 3140 673 3200 Nec
700 3139 778 3201 enirn
807 3140 923 3201 diversa
952 3150 997 3202 est
1019 3142 1133 3219 speeie,
1163 3143 1292 3220 nequid

71 3256 215 3306 crunnum
239 3262 273 3303 ae
294 3242 439 3302 dissimile
462 3262 529 3303 cum
540 3243 635 3303 Patris
660 3241 824 3302 substantia
847 3242 1015 3314 misceatur,
1032 3262 1087 3304 nec
1108 3243 1291 3304 extrinsecus

71 3347 203 3407 duntaxat
226 3344 323 3404 simile
346 3353 407 3417 est,
438 3364 476 3405 ne
499 3344 554 3405 alia
576 3364 609 3404 ex
633 3351 717 3423 parte
739 3344 784 3403 vel
807 3344 928 3404 omuino
952 3345 1084 3405 diversae
1109 3345 1291 3405 substantiae

70 3468 131 3509 esse
152 3455 303 3527 appareat,
327 3445 415 3507 veluti
438 3465 488 3507 aes
504 3447 619 3524 fulgens
634 3453 664 3507 et
678 3463 792 3515 aurum,
817 3454 971 3523 argeutum
986 3454 1015 3506 et
1031 3454 1178 3506 suanum.
1213 3446 1293 3507 llaec

70 3550 208 3628 siquidem
232 3549 349 3609 diversa
372 3557 401 3608 et
421 3548 476 3608 alia
499 3557 586 3627 atque
615 3555 752 3629 separata
780 3558 849 3608 suut
878 3558 938 3607 tum
966 3555 1070 3608 natura
1101 3555 1162 3606 tum
1185 3549 1293 3608 virtute

70 3670 116 3711 nee
137 3670 188 3712 aes
211 3649 367 3728 proprium
390 3649 452 3709 auri
476 3659 537 3722 est,
565 3668 622 3711 nec
647 3648 800 3728 palumbes
830 3668 865 3709 ex
894 3649 1028 3709 columba
1057 3649 1205 3720 nascitur,
1238 3649 1291 3708 sed

68 3755 192 3829 quamtis
215 3753 290 3813 baec
310 3759 452 3831 putantur
474 3769 543 3813 esse
564 3749 689 3825 similia,
718 3748 834 3811 diversa
864 3759 960 3810 nmen
989 3750 1066 3810 iuter
1088 3768 1121 3809 se
1144 3757 1215 3809 sunt
1236 3767 1290 3809 na-

69 3864 132 3914 tura.
175 3856 281 3933 ltaque
304 3852 331 3913 si
352 3851 446 3913 Filius
468 3853 508 3913 ita
531 3869 650 3931 qnoque
671 3869 705 3914 se
726 3850 824 3923 babet,
848 3858 912 3911 esto
935 3867 983 3910 res
1006 3857 1103 3909 creata
1127 3857 1158 3908 ut
1181 3858 1209 3909 et
1225 3867 1291 3920 nos,

69 3974 118 4015 nou
140 3966 238 4018 autem
260 3953 536 4015 consubstantialis.
581 3954 635 4014 Sin
658 3959 756 4013 autem
778 3950 869 4011 Filius
893 3958 939 4012 est
963 3949 1106 4024 l'erbum,
1137 3948 1289 4027 sapientia,

69 4055 152 4137 imago
171 4058 284 4129 Patris,
307 4054 498 4134 splendorve,
521 4055 627 4116 merito
650 4054 751 4131 ntique
767 4051 1029 4113 consubstantialis
1045 4060 1100 4112 est.
1130 4050 1194 4132 Nisi
1211 4050 1289 4109 euim
1301 4072 1377 4115 nam

68 4161 241 4236 ostendatur,
272 4157 358 4219 illum
382 4175 443 4217 uon
466 4175 501 4216 ea
523 4157 602 4228 Deo,
635 4156 688 4217 sed
712 4164 848 4232 unquam
871 4171 1015 4230 organum
1038 4162 1142 4215 natura
1165 4159 1195 4210 et
1216 4149 1289 4209 sub-

92 4362 107 4392 t.
125 4349 161 4399 stc
186 4350 285 4410 Regius.
325 4346 355 4393 lt
381 4343 406 4391 iu
432 4342 485 4390 aliis
504 4349 527 4391 et
545 4333 648 4390 autaut
736 4341 758 4388 d.
778 4339 896 4387 Pulticula
914 4331 954 4403 μή
973 4339 1064 4387 videtur
1083 4324 1291 4410 addendapostei

66 4409 123 4463 deest.
701 4407 736 4454 rol
767 4415 830 4456 certe
858 4407 1031 4455 saltandiendn.
1069 4406 1126 4452 lbid.
1152 4405 1207 4462 lleg.
1238 4396 1289 4448 dee-

701 4486 787 4522 arvae.
