2948 5092
128 245 171 310 ³2
592 204 596 209 Ι
648 256 822 304 amerino.

127 413 202 476 locis
223 413 259 475 ad
280 412 464 474 refutandam
487 411 625 474 haeresin
640 421 670 474 et
684 409 916 472 eonnrmmdam
937 409 1027 472 tidem
1042 411 1200 474 Nicaeuanr
1221 420 1361 478 uteretur

130 525 160 578 et
181 514 300 596 quidem
322 513 377 574 alia
408 513 524 575 ratione
556 521 644 590 atque
677 511 860 590 antiquiores
887 511 1029 574 cadesim
1060 513 1200 576 domoras
1221 532 1358 577 consue-

13 644 17 655 ·
129 616 254 687 rurant,
277 614 406 676 breviter
428 622 459 675 et
478 613 673 694 probabiliter
701 613 801 674 docuit
827 612 906 674 idem
928 612 1014 676 utet.
1035 614 1140 677 Sinon
1162 615 1183 676 l.
1204 615 1225 676 l.
1247 634 1279 695 p.
1302 618 1359 680 ut.

122 717 177 799 xhis
199 714 315 777 verbis:
338 715 489 776 Novitates
510 718 617 790 (novae
640 714 804 776 sententiae
827 720 857 775 ct
877 716 1161 794 argumentationes)
1181 715 1242 777 Arii
1266 735 1360 779 ocra-

129 819 245 881 siouem
268 816 374 879 dabant
396 815 555 877 Athanasio
578 816 689 878 maiora
711 833 798 888 cura,
821 832 908 895 quam
931 815 961 877 id
983 824 1069 879 antea
1091 818 1217 891 lactum,
1241 808 1360 880 exami-

88 972 94 978 .
128 919 218 981 nandi
241 926 301 980 tam
323 917 433 978 veteris
455 935 541 996 quam
563 917 632 978 nori
662 916 828 978 tastamenti
856 916 940 978 loom
964 917 999 978 ad
1029 917 1120 980 lilium
1143 904 1191 979 dei
1214 928 1360 999 spectan-

128 1029 186 1083 tes.
231 1018 411 1097 Theologiae
433 1036 469 1079 eo
491 1026 625 1099 tempore
647 1036 722 1078 nova
754 1016 969 1080 accendebatur
989 1017 1055 1091 lux,
1088 1027 1119 1080 et
1139 1037 1231 1098 quum
1254 1019 1362 1083 disoe-

127 1121 275 1202 ptatiouea
296 1119 362 1181 illae
383 1119 574 1181 Alexandriae
596 1128 716 1181 exortae
738 1128 855 1193 esseut,
885 1118 934 1179 ubi
957 1118 1107 1181 dialectica
1128 1120 1270 1194 herebat,
1298 1121 1361 1184 de-

126 1220 337 1284 monstrationi
369 1221 534 1300 scripturae
567 1220 740 1300 iungebatur
772 1219 968 1281 ratiocinatio.
1019 1220 1095 1282 ilinc
1125 1239 1196 1283 vero
1228 1240 1360 1302 magnae
1391 1288 1394 1292 ,

127 1324 267 1403 deinceps
290 1330 394 1384 enatae
416 1330 486 1383 suut
507 1322 741 1393 controversiae,
765 1321 911 1402 siquidem
934 1320 1082 1401 quaelihet
1102 1339 1173 1401 pars
1195 1340 1247 1395 ea,
1280 1342 1361 1404 quae

128 1424 304 1504 exscriptis
327 1422 573 1503 evangelistarum
596 1432 626 1484 et
647 1423 850 1501 apostolorum
873 1422 1075 1484 ratiocinando
1098 1422 1276 1500 efficiebant,
1298 1444 1359 1505 pro
1386 1486 1389 1491 ,

127 1543 204 1606 puro
227 1525 274 1584 dei
296 1523 386 1584 verbo
408 1524 506 1602 putari
527 1524 673 1586 volebant.
717 1524 816 1585 Ariani
839 1524 1066 1603 expostulabant
1092 1542 1160 1586 oum
1187 1525 1359 1601 catholicis,

128 1625 208 1707 quod
230 1643 319 1686 uoces
342 1633 370 1685 et
392 1624 534 1686 tornatas
557 1626 587 1686 in
618 1625 794 1705 religionem
821 1624 1024 1699 induxissent,
1052 1645 1128 1704 quae
1155 1625 1361 1707 inscriptura

129 1745 214 1789 sacra
236 1744 296 1786 uon
330 1733 489 1787 exstarent.
534 1726 566 1787 S.
588 1726 767 1787 Athanasius
798 1733 901 1786 contra
933 1726 1094 1806 probabat,
1115 1726 1243 1788 Arianos
1266 1747 1360 1791 rocca

127 1827 273 1890 eiusmodi
296 1845 423 1888 novasse
444 1827 538 1888 multo
559 1827 671 1907 plures.
716 1827 758 1888 lta
782 1827 889 1888 lactum
912 1835 975 1899 est,
999 1838 1032 1888 ut
1053 1835 1177 1907 utraque
1198 1847 1269 1908 pars
1293 1848 1361 1892 non

23 1950 32 1962 *
127 1928 223 1992 sulum
246 1927 395 2007 expressis
418 1928 494 1989 sacri
510 1928 621 1990 codicis
636 1927 818 1989 testimoniis
840 1928 993 2002 niteretur,
1015 1929 1070 1990 sed
1092 1930 1179 1990 etiam
1195 1947 1360 2008 argumen-

127 2031 166 2092 tis
187 2048 243 2110 per
264 2029 507 2107 consequentiam
529 2030 598 2092 inde
620 2031 725 2102 ductis,
748 2048 804 2091 nec
819 2029 917 2091 minus
939 2029 1098 2090 traditione
1120 2030 1270 2109 exegetica
1293 2031 1361 2094 sive

126 2129 423 2211 interpretationibus
446 2131 647 2210 antiquiorum
670 2131 810 2192 ecclesiae
832 2132 1046 2209 scriptorum.⁴‘
1062 2164 1104 2175 -
1127 2131 1243 2192 Etenim
1266 2131 1358 2195 Arius

127 2233 164 2295 ab
185 2232 316 2294 Luciauo
338 2231 513 2311 presbytero
535 2232 736 2304 Antiocheno,
770 2242 803 2294 ut
814 2232 954 2322 uidetur,
987 2231 1139 2312 proiectus
1172 2251 1239 2294 cum
1262 2235 1360 2297 sociis

128 2334 190 2396 suis
222 2332 452 2413 profitebantur,
482 2334 710 2395 tundamentum
733 2335 864 2395 veritatis
899 2334 1030 2412 positum
1064 2352 1131 2394 esse
1153 2334 1184 2394 in
1207 2335 1360 2415 scriptura

128 2452 211 2496 sacra
234 2452 358 2513 eamque
380 2435 541 2496 secundum
564 2453 685 2496 sensum
707 2434 882 2495 historicum
905 2434 967 2495 sive
989 2434 1025 2496 ad
1047 2435 1174 2495 litteram
1202 2435 1360 2515 explicen-

36 2580 40 2590 .
128 2535 194 2598 dam
218 2554 296 2597 esse.
341 2536 443 2614 ltaque
475 2535 511 2596 ab
545 2536 631 2596 initio
664 2537 884 2597 controversiae
913 2553 978 2596 cum
1001 2535 1181 2609 Alexandro,
1210 2537 1361 2616 episcopo

125 2637 334 2721 Alexandrino,
358 2638 393 2696 ad
417 2637 606 2698 evertendum
630 2637 736 2714 dogma
759 2637 796 2697 de
817 2636 967 2698 divinitate
983 2636 1092 2696 Christi
1112 2636 1258 2716 plurimos
1280 2657 1359 2719 pro-

125 2739 259 2802 terebant
282 2739 464 2817 scripturae,
499 2737 624 2800 maxime
647 2738 681 2798 N.
706 2738 740 2799 Τ.
764 2737 858 2811 locos,
891 2737 921 2798 in
944 2736 1050 2816 quibus
1072 2737 1110 2798 de
1132 2721 1252 2799 Christo
1276 2739 1358 2801 dicta

126 2848 238 2914 essent,
261 2859 337 2919 quae
359 2857 420 2899 uon
441 2848 569 2918 possent
590 2858 656 2900 cum
679 2839 735 2900 bac
750 2839 862 2900 scilieet
877 2838 1081 2900 commenticia
1104 2839 1256 2900 divinitate
1279 2858 1358 2902 cou-

126 2940 235 3014 ciliari;
264 2939 435 2999 testimonia
459 2958 528 3000 uero
562 2942 741 3019 scripturae,
776 2940 883 3018 quihus
906 2937 1042 3000 catholici
1065 2940 1244 3001 sententiam
1268 2959 1357 3004 suam

125 3041 292 3112 tuebantur,
316 3038 525 3112 improbabant
546 3059 638 3119 eaque
661 3039 718 3100 alio
741 3057 833 3100 sensu
848 3040 1015 3118 accipienda
1033 3058 1101 3100 esse
1117 3041 1358 3106 contendebant:

124 3142 155 3203 id
184 3140 263 3220 quod
292 3138 457 3200 Alexander
486 3140 551 3219 ipse
580 3141 726 3219 signiticat
753 3141 783 3201 iu
807 3159 853 3220 ep.
878 3140 913 3200 ad
935 3139 1131 3201 Alexandrum
1161 3141 1208 3203 his
1236 3143 1358 3206 verbis:

124 3239 238 3306 πᾶσάν
260 3264 296 3306 τε
319 3233 420 3304 αὐτοῦ
441 3241 500 3326 τῆς
521 3244 685 3325 σωτηρίου
714 3239 904 3322 οἰκονομίας
930 3240 985 3304 καὶ
1008 3233 1049 3304 de’
1072 3234 1160 3324 ἡμᾶς
1187 3240 1361 3308 ταπεινώ-

125 3362 209 3420 σεως
244 3337 358 3428 φωνὴν
391 3338 613 3423 ἐκλεξάμενοι,
647 3339 683 3420 ἐξ
703 3334 811 3406 αὐτῶν
845 3346 1046 3425 συναγείρων
1078 3345 1264 3425 πειρῶνται
1294 3346 1358 3428 τῆς

125 3436 279 3528 &cadaloc
307 3441 434 3509 domnia
461 3439 500 3506 τὸ
527 3440 689 3530 κήρυγμα,
719 3444 777 3527 τῆς
805 3434 950 3528 ἀρχῆθεν
977 3439 1140 3528 θεότητος
1167 3436 1270 3507 αὐτοῦ
1297 3446 1355 3513 καὶ

123 3543 218 3630 παρὰ
238 3548 286 3629 τῷ
309 3541 413 3628 πατρὶ
436 3541 532 3630 δόξης
555 3537 691 3609 &theou
712 3541 790 3620 τοὺς
805 3540 921 3627 λόγους
944 3537 1244 3629 ἀποστρεφόμενοιὋ
1290 3547 1359 3609 Ηοο

124 3657 184 3710 est:
218 3648 413 3729 collectisque
437 3649 573 3710 omullus
595 3649 719 3711 acutae
751 3647 888 3710 solutori
916 3650 981 3710 ιεὀε
1014 3650 1224 3709 theoraotr'orrr'
1248 3666 1359 3712 susu-

119 3759 249 3831 ptoeqae
267 3758 399 3830 propter
421 3766 477 3813 sos
500 3749 666 3811 Aomr'lttots'
687 3748 933 3829 congruentibus,
955 3751 1076 3827 impiam
1098 3766 1137 3809 eor
1158 3748 1205 3811 Ate
1226 3751 1358 3829 praealt-

129 3856 276 3914 eutr'oaem
299 3852 436 3930 conflare
466 3854 625 3920 alluatur,
650 3839 768 3921 ‘carben
792 3850 899 3926 quibus
916 3859 1050 3910 'aeterna
1072 3852 1137 3912 elas
1160 3850 1306 3912 dr'or'm'toa
1329 3862 1359 3915 et

123 3951 289 4034 &effabilis
311 3952 395 4033 opud
412 3961 534 4030 putrem
554 3950 657 4031 glorio
686 3951 878 4023 declaratur,
907 3961 1097 4013 aversantes.
1141 3949 1227 4012 Cont.
1249 3951 1354 4013 Theo-

123 4053 221 4116 doret.
243 4053 314 4114 hist.
337 4053 443 4114 eccles.
466 4051 516 4113 lib.
539 4052 563 4114 1.
587 4071 650 4132 cap.
673 4055 703 4116 3.
727 4051 772 4113 ed.
796 4051 860 4113 flat.
883 4050 970 4112 Tum.
993 4050 1043 4111 lll.
1066 4069 1095 4130 p.
1120 4052 1193 4116 729.
1239 4050 1353 4113 Catho-

121 4155 171 4217 lici
203 4172 265 4215 non
299 4155 462 4233 negabant,
495 4153 673 4235 scripturam
706 4154 818 4215 iontem
852 4171 920 4215 esse
953 4160 982 4214 ct
1011 4170 1148 4214 normam
1179 4151 1353 4231 dogmatum

123 4255 371 4327 christianorum,
404 4254 518 4316 neoda
541 4264 730 4333 grammatica
752 4264 782 4316 et
803 4255 945 4317 historica
972 4253 1118 4316 librorum
1139 4252 1175 4313 N.
1198 4251 1232 4314 T.
1256 4253 1353 4315 inter·

120 4359 290 4438 pretatione
311 4355 535 4430 dissentiebant,
558 4357 613 4418 nisi
636 4356 716 4435 quod
739 4356 873 4435 singulos
894 4357 977 4418 locos
1000 4354 1165 4418 secundum
1186 4353 1353 4433 analogiam

121 4461 287 4541 scripturas
314 4457 506 4540 regulamque
539 4457 610 4520 nusi
629 4457 880 4552 *interpretandos
909 4476 979 4521 esse
1007 4455 1163 4520 docebunt.
1206 4455 1251 4517 lta
1280 4472 1353 4518 reru
