2948 5092
482 245 592 303 omero
608 260 629 303 ι.
645 259 761 304 conans
774 259 911 306 ιιιιιιιοι.
1241 253 1302 318 195

68 411 163 474 mines
184 419 305 485 meant,
328 412 385 475 sed
408 430 509 473 creare
530 419 562 473 nt
583 410 694 484 neum
716 410 853 473 similiter
874 392 991 494 quoque
1014 415 1123 478 ciarum
1146 426 1209 490 est,
1232 438 1390 488 onmem.

66 514 187 592 gignere
210 530 273 575 non
306 521 340 576 ut
367 512 491 592 gignunt
511 511 665 585 homines,
700 512 753 574 sed
780 521 813 575 ut
839 513 932 594 gignit
959 515 1047 578 Dens.
1092 518 1193 599 Neque
1220 521 1305 585 enim

67 614 144 674 dens
168 614 324 676 bominem
340 614 482 689 imitatur,
505 614 559 676 sed
574 614 675 694 potius
690 614 829 682 homines
845 625 969 696 propter
983 618 1088 693 Deum,
1111 622 1161 700 qui
1176 624 1302 704 proprie

67 725 95 775 et
115 705 202 776 scius
226 734 295 778 rere
317 717 405 779 Pater
426 715 472 779 sui
494 716 590 796 ipsius
607 715 675 778 Filii
697 725 753 788 est,
774 726 874 797 patres
897 737 1015 799 quoque
1037 740 1162 784 suorum
1184 724 1304 788 libero-.

66 830 129 877 mm
152 825 225 880 sunt
246 818 393 898 appellati.
424 817 497 878 Nam
520 836 556 879 ex
578 817 643 896 ipso
669 823 763 880 omnis
777 825 950 898 paternitas
966 825 997 883 ιἰι
1013 823 1104 885 coetis
1120 835 1149 887 et
1162 829 1196 887 ιἰι
1211 836 1301 891 terro

67 923 256 981 ιιοοιιιιοιιιι.
299 919 341 980 Ea
364 937 465 999 porro,
489 937 564 998 quae
586 918 687 980 dicunt
708 919 759 990 illi,
782 919 912 982 sinemo
931 924 1113 1002 expenderit,
1135 928 1302 1006 prudenter

64 1021 277 1102 sapienterque
306 1020 382 1082 dicta
412 1040 480 1084 esse
503 1021 580 1082 sorte
601 1019 764 1095 videbitur3
796 1029 825 1083 at
848 1023 873 1083 si
896 1024 963 1102 quis
985 1044 1019 1087 ea
1041 1029 1157 1090 ratione
1181 1031 1297 1092 exami-

66 1121 195 1195 naverit,
218 1122 293 1183 nihii
314 1121 382 1184 ilios
405 1122 473 1184 inde
495 1123 553 1184 nisi
576 1122 669 1184 risum
692 1121 816 1184 multum
839 1136 869 1185 et
890 1133 1070 1188 contemtum
1093 1129 1150 1190 sibi
1173 1131 1302 1193 conciti*

64 1240 132 1283 asse
155 1223 331 1303 comperiet.

149 1326 203 1387 24.
247 1324 381 1406 Namque
403 1325 497 1405 prima
519 1324 635 1386 illorum
659 1325 857 1405 interrogatio
873 1326 960 1388 stulta
976 1329 1109 1406 proiecto
1125 1329 1297 1411 incertaque

66 1432 119 1486 est.
165 1424 228 1487 Nec
248 1426 328 1487 enim
350 1425 480 1488 indicant
501 1444 558 1506 qua
581 1426 618 1487 de
640 1445 673 1488 re
695 1428 898 1507 interrogent,
930 1437 963 1489 ut
984 1428 1185 1509 interrogatus
1208 1441 1298 1512 quent

64 1527 259 1605 respondere,
284 1527 338 1589 sed
361 1527 495 1589 absolute
517 1529 612 1589 aiunt:
636 1528 733 1602 „Num
749 1529 798 1608 qui
814 1537 868 1603 est,
892 1548 971 1604 eum,
993 1531 1119 1610 quinon
1137 1541 1298 1597 cratctc.“.

66 1627 139 1699 ouis
163 1646 235 1707 ergo
257 1629 305 1690 iiie
328 1630 458 1710 estqui
482 1638 537 1702 cst,
561 1639 590 1691 et
611 1648 686 1709 quae
709 1638 781 1692 sunt
802 1649 846 1703 ea,
869 1650 944 1710 quae
965 1650 1026 1693 non
1049 1641 1142 1706 erant,
1166 1653 1184 1694 o
1207 1635 1297 1698 Arie-

65 1727 118 1789 ni?
164 1728 240 1803 Quis
263 1730 310 1792 ille
333 1740 389 1803 est,
413 1733 462 1809 qui
485 1739 540 1804 est,
564 1731 666 1810 quisve
689 1732 748 1806 iile,
771 1733 821 1811 qui
844 1750 906 1793 non
929 1731 1015 1795 erat?
1059 1735 1210 1807 Quaenam
1225 1756 1298 1800 esee

65 1830 200 1893 dictantur
227 1832 274 1894 vel
307 1850 367 1892 non
391 1831 483 1893 esse?
526 1832 598 1893 Nam
621 1833 671 1911 qni
695 1841 754 1906 est,
788 1834 885 1895 iacere
912 1843 1100 1919 potcsttnm
1129 1856 1204 1915 quae
1232 1855 1296 1900 non

65 1940 149 2006 sunt,
180 1943 242 1995 tum
265 1952 340 2013 quae
363 1941 447 2007 sunt,
480 1942 541 1995 tum
569 1934 657 1995 etiam
686 1954 761 2015 quae
781 1936 865 2014 prius
889 1944 981 1998 erant.
1027 1937 1179 2016 Siquidem
1201 1938 1294 2013 faber,

65 2035 176 2096 aurifex
199 2043 230 2096 et
251 2035 356 2114 figulus
378 2054 433 2115 pro
456 2054 510 2097 sua
532 2035 639 2115 singuli
662 2037 783 2115 propria
804 2046 868 2098 arte
889 2039 1012 2100 materia
1034 2039 1108 2119 ipsis
1126 2039 1210 2118 prius
1227 2040 1295 2101 exi·-

64 2144 158 2197 stente
180 2144 306 2198 utuntur
328 2145 358 2198 et
379 2156 453 2216 quae
475 2136 577 2198 uniunt
598 2155 667 2199 vasa
690 2139 805 2216 tingunt
826 2158 860 2200 ex
883 2158 926 2201 ea.
960 2140 1028 2218 lpse
1049 2148 1146 2202 autem
1168 2141 1301 2204 univer·.

65 2256 166 2299 sonam
187 2237 270 2299 Dens
291 2239 430 2318 putrere,
458 2240 507 2318 qui
538 2240 596 2300 iam
620 2247 684 2301 erat
705 2259 851 2319 quemque
873 2240 1072 2319 produxerat,
1101 2251 1218 2304 eterra
1240 2261 1293 2304 as·

64 2347 160 2399 sumto
183 2338 336 2401 bominem
352 2341 498 2412 formavit,
520 2359 624 2401 verum
640 2341 717 2401 hanc
731 2340 824 2420 ipsam
842 2350 961 2415 terram,
984 2361 1058 2422 quae
1074 2342 1193 2421 quidem
1209 2343 1296 2424 prins

64 2457 121 2499 non
144 2447 218 2511 erat,
242 2459 296 2519 per
317 2442 472 2520 proprium
495 2444 559 2522 ipsc
579 2442 706 2503 Verbum
729 2451 763 2504 ut
783 2454 863 2504 esset
884 2443 962 2505 iecit.
1007 2443 1040 2505 Si
1061 2443 1150 2521 igitur
1171 2445 1228 2506 ista
1251 2445 1296 2507 ilii

64 2541 230 2619 inquirunt,
253 2542 349 2622 palam
372 2552 432 2616 est,
455 2562 505 2605 res
527 2553 640 2605 creatas
663 2562 724 2604 non
748 2545 840 2605 inisse
862 2554 1017 2623 antequam
1040 2545 1160 2618 tierent,
1190 2544 1292 2604 homi-

64 2660 173 2722 nesque
196 2643 239 2703 uti
263 2645 401 2718 materia,
424 2664 499 2724 quae
521 2646 578 2707 iarn
601 2646 654 2719 sit3
683 2664 718 2706 ac
738 2645 863 2724 proinde
885 2645 965 2706 nulia
987 2647 1044 2706 erit
1065 2644 1183 2705 iliorum
1204 2645 1293 2719 ratio,

63 2763 125 2803 eum
148 2752 178 2804 et
200 2745 272 2805 fiant
294 2764 344 2818 ca,
367 2765 443 2826 quae
466 2756 551 2819 sunt,
574 2755 603 2806 et
625 2765 658 2807 ea
681 2745 819 2807 similiter
841 2745 926 2815 liant,
950 2764 1024 2823 quae
1046 2764 1107 2805 non
1130 2753 1230 2818 erant,
1254 2765 1296 2807 eo.

63 2863 166 2924 nempe
194 2864 254 2925 qno
282 2846 410 2908 diximus
433 2867 535 2909 sensu.
580 2849 638 2910 Sed
662 2848 688 2908 si
711 2848 747 2909 de
769 2847 831 2908 Deo
854 2847 978 2924 eiusque
1000 2845 1097 2923 Verbo
1120 2865 1292 2910 sermonem

65 2946 184 3022 babent,
214 2947 324 3009 addant
344 2968 418 3027 quac
440 2938 548 3011 desunt
570 2969 641 3011 suae
663 2949 899 3027 interrogationi,
923 2966 1046 3025 eamque
1069 2947 1099 3007 in
1122 2947 1200 3009 hunc
1221 2966 1291 3009 mo·

65 3048 131 3109 dum
153 3051 295 3110 ederant:
319 3051 384 3122 ,,Αιι
406 3052 455 3129 qui
479 3059 525 3112 est
547 3051 637 3125 Deus,
661 3052 715 3112 iuit
737 3051 894 3130 aliquando
919 3051 985 3110 sine
1006 3048 1129 3110 Verbo?
1172 3051 1217 3111 dn
1239 3049 1291 3130 qni
1350 3073 1355 3078 ·

65 3150 137 3222 „iux
160 3160 219 3222 est,
244 3152 310 3211 sine
332 3150 492 3231 splendore
515 3151 628 3213 erat?“
653 3153 712 3214 vei:
736 3154 800 3225 „dn
824 3170 944 3230 semper
966 3151 1020 3212 init
1042 3152 1129 3213 Verbi
1148 3150 1289 3214 Pateri“

66 3262 110 3312 aut
130 3271 236 3313 rursus
259 3254 317 3313 hoc
339 3255 443 3315 modo:
473 3255 570 3327 „Num
594 3255 643 3332 qui
667 3262 713 3314 est
736 3255 837 3326 Pater,
861 3252 1007 3327 Verbum,
1031 3273 1096 3314 αιιιιι
1120 3261 1206 3315 antea
1227 3273 1297 3316 non¹

66 3364 178 3427 „esset
201 3351 293 3414 iecit?
336 3355 380 3414 Αιι
402 3374 462 3415 non
484 3357 584 3435 potius
607 3356 745 3428 Verbum,
770 3356 819 3433 qui
842 3373 914 3416 suae
936 3365 1058 3416 naturae
1079 3357 1219 3435 proprius
1242 3363 1292 3417 est

68 3457 174 3527 „tetus
199 3474 300 3517 secum
323 3475 442 3535 semper
463 3455 602 3518 babcti“
634 3457 676 3518 ita
699 3458 777 3517 enim
793 3457 984 3537 perspicuum
1001 3457 1066 3528 erit,
1090 3456 1157 3517 iilos
1174 3458 1210 3518 de
1225 3457 1294 3518 iieo.

67 3558 146 3616 etde
169 3575 217 3630 eo,
241 3559 291 3637 qni
314 3575 349 3618 ex
371 3559 433 3619 Deo
456 3566 511 3631 est,
534 3558 683 3620 curiosius
706 3577 793 3638 quam
816 3578 870 3638 par
892 3568 939 3620 est
961 3559 1098 3637 indagare
1121 3559 1377 3639 auderequem.

68 3659 262 3736 sophistarum
291 3677 375 3720 more
405 3660 563 3738 disputare.
608 3660 717 3739 Ecquis
747 3661 825 3721 enim
853 3661 919 3721 iilos
948 3660 1040 3721 Deum
1069 3662 1134 3722 sine
1162 3661 1294 3723 Ratione
1378 3708 1384 3719 .

67 3871 179 3925 δυνατὸν
206 3872 262 3943 γὰρ
289 3873 339 3927 τὸν
365 3870 440 3928 ὄντα.
476 3880 598 3940 trigiican.
625 3891 647 3930 ιι
699 3883 755 3940 Reg.
784 3888 807 3929 et
832 3880 936 3928 Foieim.
956 3881 978 3929 5.
997 3871 1063 3939 oiqv
1080 3873 1285 3945 ἐπεργάζονται.

66 3945 92 3990 f
95 3949 100 3991 Ι
103 3949 161 3995 c.irn
181 3948 205 3995 5.
232 3950 260 3994 ba
264 3950 367 3995 teoto
344 3963 440 4011 quoqne
458 3943 554 4011 λέγετε
591 3950 646 4008 iieg
700 3950 761 3998 Edit.
781 3939 845 4006 ὅλην
864 3939 1073 4012 ἀπεργάζονται.

66 4028 87 4057 ι
85 4011 266 4095 ιολέγονται.
304 4016 403 4063 Μοιι
380 4021 478 4092 διιιμι
497 4015 585 4064 ποιεῖν
602 4011 648 4064 καὶ
735 4019 756 4064 b.
783 4017 807 4064 Ιιι
833 4019 933 4077 Seguer.
958 4018 1045 4064 desunt
1069 4012 1224 4080 γινομένων
1241 4011 1288 4062 καὶ

66 4076 146 4146 adpo}
167 4074 500 4151 ὅνιαιιαὶτὰπροόντα.
697 4077 736 4149 μὴ
757 4077 853 4132 ὄντων.
896 4085 955 4132 ibid.
959 4087 1059 4160 idem,
1075 4088 1168 4161 tergite
1187 4086 1286 4132 Gobter

92 4185 203 4246 1523„
207 4200 268 4233 n„
292 4179 340 4231 ,mg
362 4187 457 4236 omnm
495 4186 568 4234 pango
591 4194 648 4249 pot
699 4163 775 4229 ege
748 4153 882 4200 Feieiman
905 4153 925 4200 1.
950 4141 1036 4216 ὥςπερ
1061 4143 1180 4216 εἴπομεν.
1224 4150 1297 4199 fidia

62 4245 418 4384 ἕδειξῖωλόῑουπεποίηωι
406 4268 420 4300 ⁰
445 4247 510 4307 θως
534 4246 580 4300 δια
599 4252 647 4301 τοῦ
700 4211 966 4349 mimgicdgle‘gqiiinn.
986 4287 1083 4336 coum
1103 4294 1126 4333 et
1143 4284 1248 4333 Feicirn.
1263 4285 1287 4334 l.

699 4356 741 4404 Ed
745 4365 760 4403 ιι
780 4371 834 4404 roro
854 4365 874 4402 et
895 4356 934 4403 ciri
954 4349 988 4401 τὰ
1005 4349 1139 4401 λείποντα.
1178 4353 1296 4402 Μοιὸοη

91 4437 112 4481 g.
139 4424 180 4471 Sic
208 4425 308 4484 segmen
338 4424 435 4473 Gobier.
459 4433 481 4472 et
499 4424 552 4472 reu
550 4425 603 4473 ·,Ιιιιι
626 4425 646 4474 l
699 4439 765 4486 goes.
784 4417 830 4470 καὶ
848 4413 935 4474 οὕτως
948 4413 1180 4501 ἆνεριοιιὶιωσαν.
1261 4471 1264 4477 ,
1295 4459 1299 4469 ,
1357 4455 1359 4459 ,

58 4488 117 4539 Editi
135 4506 192 4540 ιιιο
211 4485 278 4559 πρὶν
296 4485 313 4551 ἢ
330 4487 451 4556 γίνηται.
484 4492 646 4554 btoxseguer.
732 4492 755 4540 Ιι,
775 4493 874 4555 Segoer.
893 4484 956 4556 περὶ
973 4489 1023 4539 τοῦ
1040 4487 1137 4538 θεοῦ..
1183 4539 1186 4545 ,
1294 4533 1299 4541 .

1028 4572 1082 4623 13*
