2948 5092
194 224 235 289 68
466 270 480 282 .
590 237 617 281 ε.
632 236 787 283 numen
801 236 1024 283 ιιιεειευιεοονι

35 377 46 387 ’
108 404 184 450 m.
193 408 277 472 τορα
297 386 397 470 ’λέγω
403 434 413 464 ,
443 385 772 472 συγκεφαλαιοῦσθαί
797 411 835 453 τε
861 383 917 451 καί
939 386 1143 471 συνάγεσθαι
1164 389 1260 454 πάσα
1282 381 1416 475 ἀνάγκη.

193 493 396 573 Μαρκίωνος
422 484 484 572 γὰρ
512 489 571 551 τοῦ
592 484 840 573 ματαιάφρονος
862 487 1019 572 δίδαγμα,
1050 486 1096 566 είς
1122 498 1212 573 τρεῖς
1234 483 1337 574 ἀρχάς
1358 493 1417 577 τῆς

192 591 371 674 μοναρχίας
397 585 501 673 τομὴν
522 585 577 653 καὶ
599 588 775 672 διαίρεσιν,
803 589 973 672 παίδευμα
994 583 1032 656 δν
1054 588 1259 675 διαβολιιιόν,
1284 585 1358 673 οῦχὶ
1381 591 1416 657 δὲ

191 692 259 765 τῶν
288 686 392 768 ῦντως
411 692 574 775 μαθητῶν
595 691 655 754 τοῦ
677 693 827 775 Χριστοῦ
850 689 993 757 καὶτῶν
1014 684 1239 777 ἀρεσκομένων
1260 701 1335 770 τοῖς
1356 695 1415 758 τοῦ

192 794 341 880 σωτῆρος
361 789 567 876 μαθήμασιν.
613 778 706 855 οῦτοι
726 789 787 876 γάρ
809 790 928 874 τριάδα
948 792 1009 875 μὲν
1022 797 1259 878 κηρυττομένην
1275 787 1344 859 ῦπδ
1359 796 1417 880 τῆς

191 898 291 971 θείας
312 894 441 981 γραφῆς
462 894 580 980 σαφῶς
594 890 799 971 ἐπίστανται,
816 903 904 976 τρεῖς
920 893 956 959 δὲ
969 891 1072 971 θεοὺς
1087 889 1161 960 οῦτε
1175 892 1326 961 παλαιάν
1341 892 1417 961 οῦτε

192 992 306 1080 καινὴν
328 993 491 1080 διαθήκην
512 991 742 1079 κηρόττουσαν.
789 989 827 1058 οῦ
854 1003 950 1077 μείου
972 988 1004 1060 δ’
1030 992 1070 1061 άν
1090 1018 1143 1072 τις
1164 1001 1414 1083 καταμέμψαιτο

192 1093 248 1161 καί
278 1093 355 1173 τοὺς
385 1101 516 1181 ποίημα
546 1094 603 1159 τὸν
632 1092 703 1160 υίὸν
733 1088 818 1160 εἶναι
839 1099 851 1135 ¹¹
860 1094 1070 1177 δοξάζοντας,
1092 1096 1149 1163 καὶ
1168 1102 1338 1182 γεγονέναι
1357 1096 1415 1163 τὸν

106 1195 314 1283 ναετκάριον,
338 1192 447 1283 ὥςπερ
471 1197 506 1264 ἓν
527 1222 560 1262 τι
583 1193 686 1274 ὅντως
706 1202 888 1280 γενομένων
910 1198 1117 1281 νομίζοντας,
1140 1201 1207 1264 τῶν
1228 1203 1335 1265 θείων
1357 1198 1416 1264 λο-

191 1305 272 1386 γίων
304 1304 453 1385 γέννησιν
482 1291 572 1383 αῦτηῦ
593 1295 651 1384 τήν
674 1292 901 1382 ἁρμόττουσαν
928 1303 981 1365 καί
1005 1304 1216 1384 πρέπουσαν,
1248 1292 1318 1366 ἀλλ’
1343 1294 1417 1380 σῦχὶ

190 1400 316 1467 πλάσιν
343 1399 419 1466 τινὰ
445 1397 502 1464 καὶ
527 1405 665 1485 ποίησιν
687 1398 1032 1486 προςμαρτυροῦντων.
1077 1398 1270 1488 βλάςφημον
1292 1389 1350 1466 οῦν
1373 1395 1412 1466 οῦ

190 1503 230 1577 τὸ
251 1500 357 1586 τυχόν,
380 1507 535 1587 μέγιστον
556 1501 617 1584 μὲν
639 1490 711 1580 οῦν,
732 1507 965 1588 χειροποίητον
986 1502 1112 1588 τρόπον
1133 1500 1209 1568 τινὰ
1230 1502 1335 1586 λέγειν
1356 1499 1415 1568 τὸν

190 1603 311 1689 κόριον.
357 1603 387 1669 εἰ
407 1601 469 1688 γὰρ
490 1607 619 1687 γέγονεν
641 1599 722 1681 υίός,
745 1591 785 1688 ήν
807 1596 863 1670 ὅτε
885 1598 943 1669 οῦκ
964 1593 1019 1689 ἦν·
1043 1598 1095 1670 άεὶ
1118 1604 1153 1670 δὲ
1174 1592 1228 1688 ἦν,
1251 1602 1304 1669 οεί
1321 1624 1359 1687 γε
1380 1599 1415 1668 ἓν

190 1709 238 1792 τῷ
270 1711 375 1789 πατρί
407 1703 541 1785 ίστινλ),
577 1699 622 1782 ῶς
649 1696 748 1781 αῦτός
775 1726 874 1791 φησι,
908 1703 963 1770 καὶ
986 1704 1016 1771 εί
1036 1703 1133 1789 λόγος
1154 1703 1210 1770 καὶ
1232 1710 1338 1790 σοφία
1359 1701 1416 1770 καὶ

134 1860 137 1873 .
191 1804 328 1890 δύναμις
350 1801 368 1871 ὁ
389 1805 538 1890 χριστός·
561 1806 665 1870 ταῦτα
685 1802 746 1890 γάρ
770 1799 854 1873 εἶναι
877 1804 1094 1889 τόνΧριστὸν
1115 1807 1151 1872 αλ
1172 1811 1267 1872 θεῖαι
1282 1806 1416 1890 λέγουσι

189 1914 330 1995 γραφαί,
365 1902 474 1991 ὥςπερ
508 1901 713 1973 ἐπίστασθε·
745 1909 850 1972 ταῦτα
883 1907 919 1973 δὲ
948 1906 1101 1991 δυνάμεις
1129 1897 1227 1974 οῦσαι
1248 1909 1307 1974 τοῦ
1329 1910 1414 1975 θεοῦ

189 2010 412 2096 τυγχάνουσιν.
458 2007 487 2075 εἰ
508 2014 618 2075 τοίνυν
640 2013 768 2093 γέγονεν
792 2004 809 2073 δ
832 2008 919 2088 υἱός,
948 1998 987 2096 ἦν
1010 2005 1065 2076 ὅτε
1087 2002 1145 2075 οῦκ
1164 1999 1204 2094 ἦν
1226 2012 1346 2090 ταῦτα,
1376 1999 1416 2095 ἦν

188 2109 255 2199 ἄρα
276 2109 399 2195 καιρός,
423 2105 478 2176 ὅτε
499 2108 601 2193 χωρίς
621 2108 746 2176 τούτων
768 2099 806 2195 ἦν
830 2105 848 2174 ό
871 2109 961 2189 θεός.
1008 2105 1224 2176 άτοπῶτατον
1246 2110 1283 2177 δὲ
1304 2113 1414 2176 τοῦτο.

189 2211 246 2279 καὶ
271 2217 306 2277 τί
334 2205 373 2276 άν
401 2209 459 2276 ἐπὶ
488 2212 590 2276 πλέον
613 2207 839 2295 περὶτούτων
860 2211 946 2295 πρὸς
967 2208 1052 2294 ῦμῦις
1074 2212 1298 2298 διαλεγοίμην,
1328 2209 1417 2296 πρὸς

189 2311 312 2397 άνδρας
334 2309 630 2398 πνευματοφόρους
651 2309 707 2376 καί
729 2316 846 2397 σαφῶς
869 2311 1108 2396 ἐπισταμένους
1122 2307 1341 2390 τάςάτοπίας
1355 2311 1415 2390 τὰς

189 2413 224 2482 ἐκ
245 2416 304 2479 τοῦ
326 2417 457 2499 ποίημα
479 2412 582 2496 λέγειν
604 2408 662 2477 τὸν
684 2410 757 2478 υἱὸν
778 2408 1046 2495 άνακυπτσόσας;
1078 2408 1132 2490 αἷς
1145 2435 1205 2496 μοι
1219 2414 1356 2480 δοκοῦσι
1369 2412 1415 2500 μὴ

187 2517 444 2600 προςεσχηκέναι
464 2510 522 2579 τὸν
544 2515 621 2579 νοῦν
644 2512 677 2577 ol
699 2512 968 2599 καθηγησάμενοι
988 2518 1047 2601 τῆς
1069 2513 1165 2596 δόξης
1186 2512 1334 2601 ίταότης,
1359 2513 1416 2582 καὶ

188 2613 245 2684 διὰ
265 2615 364 2680 τοῦτο
386 2613 505 2700 κομιδῇ
527 2617 585 2679 τοῦ
608 2608 756 2700 άληθοῦς
779 2615 1047 2702 διημαρτηκέναι,
1079 2615 1197 2698 ἑτέρως
1217 2607 1238 2701 ἢ
1258 2614 1416 2700 βούλεται

186 2715 288 2803 ταύτῃ
320 2711 340 2803 ἡ
373 2720 455 2782 θεία
480 2713 535 2780 καὶ
564 2714 754 2802 προφητικὴ
780 2715 889 2809 γραφὴ
918 2715 958 2782 τὸ
984 2716 1096 2800 κάριος
1123 2715 1229 2782 ῦκτισέ
1249 2741 1292 2799 με
1313 2712 1416 2804 ἀρχὴν

188 2811 275 2884 ὁδῶν
302 2811 432 2895 αὐτοῦ’)
462 2815 678 2901 ἐκδεξάμενοι.
724 2812 761 2882 οῦ
789 2823 851 2901 μία
879 2816 940 2902 γὰρ
968 2812 1068 2903 ἡτοῦ
1092 2816 1232 2896 ἐ’κτισεν,
1262 2812 1308 2896 ῶς
1330 2819 1412 2898 ίστε,

187 2924 351 3006 σημασία·
381 2918 488 2986 ἔκτισε
515 2917 576 3003 γὰρ
606 2919 754 2986 ἐνταῦθα
782 2913 958 2986 άκουστέον
981 2913 1056 2985 ἀντὶ
1077 2921 1134 2983 τοῦ
1159 2918 1320 3004 ἐπέστησε
1341 2928 1415 2996 τοῖς

186 3014 242 3085 ῦπ)
268 3015 368 3085 αὐτοῦ
389 3017 558 3103 γεγονόσιν
581 3018 697 3104 ἔργοις,
719 3019 870 3104 γεγονόσι
892 3020 928 3085 δὲ
950 3015 998 3086 δι’
1023 3014 1124 3086 αῦτοῦ
1146 3022 1205 3084 τοῦ
1228 3019 1317 3085 υίοῦ·
1341 3016 1414 3102 οὐχὶ

188 3119 224 3186 δέ
245 3144 281 3204 γε
302 3117 341 3185 τὸ
364 3119 470 3186 ἔκτισε
497 3123 553 3185 νῦν
580 3114 696 3205 λέγοιτ’
721 3113 778 3185 οδν
807 3119 864 3187 ἐπὶ
892 3124 951 3186 τοῦ
980 3120 1133 3207 ἐποίησε·
1168 3121 1320 3207 διαφέρει
1350 3118 1413 3205 γὰρ

185 3223 244 3285 τοῦ
267 3223 409 3304 ποιῆσαι
430 3218 469 3286 τὸ
490 3227 609 3287 κτίσαι.
655 3215 713 3287 οῦκ
735 3215 834 3300 αὐτὸς
855 3211 952 3301 οῦτός
974 3245 1034 3290 σου
1056 3221 1166 3308 πατὴρ
1189 3219 1349 3308 ἔκτήσατό
1365 3246 1412 3302 σε,

185 3319 242 3387 καὶ
269 3320 408 3408 ἐποίησέ
436 3343 473 3388 σε
500 3324 554 3388 καί
584 3321 690 3388 ’άιτισέ
712 3324 798 3404 σε31,·
830 3326 871 3410 τῇ
899 3322 934 3391 ἐν
955 3328 1003 3411 τῷ
1026 3324 1264 3408 δευτερονομίῳ
1284 3322 1412 3410 μεγάλη

185 3416 254 3510 ῶδῆ
278 3418 441 3510 ὁΜωσῆς
463 3444 554 3511 φησι.
599 3421 767 3507 πρὸςσῦς
788 3427 842 3491 καί
864 3425 958 3493 ε’ίποι
980 3422 1020 3492 ῦν
1040 3445 1107 3503 τις·
1131 3413 1158 3490 ῶ
1179 3424 1414 3509 ῥιψοκίνδυνοι

184 3500 379 3608 άνθρωποι,
402 3531 533 3613 ποίημα
555 3521 574 3590 ὃ
595 3522 808 3610 πρωτότοκος
829 3525 940 3614 πάσης
960 3529 1142 3607 κτίσεωςί),
1172 3519 1200 3606 ό,
1213 3523 1248 3592 έκ
1269 3524 1414 3613 γαστρὸς

183 3623 252 3710 πρὸ
281 3625 450 3713 ίωςφάρου
476 3630 693 3715 γεννηθείςᾎ,
721 3623 739 3691 ὁ
769 3625 873 3695 είπῶν
896 3623 941 3706 ῶς
963 3632 1085 3714 σοφία·
1113 3625 1181 3711 πρὸ
1209 3625 1247 3692 δὲ
1272 3624 1411 3692 πάντων

183 3728 311 3811 βουνῶν
339 3730 434 3814 γεννᾷ
460 3730 547 3812 με“);
577 3727 635 3795 καὶ
655 3726 824 3811 πολλάχου
847 3729 884 3795 δέ
904 3731 971 3795 τῶν
991 3733 1098 3795 θείων
1119 3728 1239 3813 λογίων
1261 3729 1411 3814 γεγεννῆ-

183 3830 280 3908 σθαι,
303 3821 372 3894 ἀλλ’
397 3824 436 3894 οῦ
458 3834 624 3915 γεγονέναι
644 3827 703 3897 τὸν
724 3827 796 3896 υίδν
817 3829 992 3916 λεγόμενον
1014 3824 1106 3915 εῦροι
1126 3853 1178 3907 τις
1199 3824 1257 3906 άν,
1280 3820 1337 3915 εἶφ’
1362 3815 1409 3893 ῶν

68 3949 72 3953 ’
183 3931 382 4014 καταφανῶς
412 3929 597 4016 ἐλέγχονται
623 3928 666 3996 τὰ
686 3933 697 3972 ¹
704 3929 812 4018 ψεύδη
835 3928 914 4018 περί
935 3932 993 4018 τῆς
1014 3931 1072 3996 τοῦ
1094 3935 1207 4013 κυρίου
1228 3926 1412 4029 γεννήσεως

253 4188 360 4241 Ιίίοευ.
381 4189 421 4247 14,
442 4189 479 4238 11.
538 4158 769 4246 ι211’τον.8,22.
847 4187 872 4248 3)
890 4189 985 4238 Denter.
1004 4186 1045 4248 32,
1064 4184 1088 4237 δ.
1164 4184 1190 4245 1)
1209 4185 1304 4236 coloss.
1324 4185 1348 4245 1,
1367 4183 1408 4233 15.

181 4254 208 4318 ὅ)
225 4257 291 4306 Ρειί.
312 4255 361 4305 110
378 4253 448 4321 [109.
468 4251 556 4321 11111.],
576 4255 599 4305 3.
669 4255 780 4316 6JP1·ov.
800 4254 825 4318 8,
843 4255 883 4305 25.

215 4406 237 4441 ε.
262 4392 319 4455 Res.
342 4384 447 4456 λέγων,
482 4399 508 4441 αι
531 4401 555 4441 ει
578 4391 635 4455 legit
657 4390 768 4442 λεαίνειν.
854 4380 1145 4457 ίν.11ες.δυξάσαντατ.
1165 4376 1410 4461 ΒεείΙζδοξάζιντεε

181 4458 288 4509 cemnld.
820 4464 845 4510 ει
862 4455 997 4510 manu
1014 4470 1060 4522 γρ.
1079 4449 1257 4535 ξιξάσᾳντατ.
1268 4456 1338 4523 ,βε

1061 4546 1066 4553 ·
1096 4538 1128 4569 r
1215 4546 1244 4569 ·.
