2948 5092
461 262 569 309 omaro
584 264 606 308 1.
623 264 739 309 eonrm
751 266 887 313 munos.
965 294 969 300 -
1227 258 1286 325 181

70 416 158 497 ipsum
179 413 266 475 etiam
287 413 407 477 Patrem
423 382 537 495 prolert
550 415 773 497 blasphemiam,
797 419 899 480 eadem
922 420 957 482 de
980 421 1029 482 illo
1046 424 1190 499 sentiens,
1213 442 1375 505 quaenam.

69 518 100 579 de
119 517 184 579 eins
204 517 265 580 ictu
287 516 363 579 lalse
384 516 628 580 comminiscitur.

145 725 196 786 Π.
239 719 274 781 ld
296 737 369 781 sane
384 738 477 783 unum
499 720 570 783 satis
593 721 682 784 luerit
697 722 734 784 ad
747 723 885 785 Amanum
899 720 1050 787 haeresim
1063 727 1182 808 penitus
1200 748 1287 792 ever·

65 824 194 898 teudann
222 830 427 885 verumtamen
448 841 535 915 qpam
557 843 574 883 a
594 832 675 885 recta
696 825 754 886 side
776 824 869 886 aliena
892 826 940 887 illa
962 827 1019 901 sit,
1050 827 1119 891 licet
1141 830 1228 893 etiarn
1252 850 1288 895 ex
1316 898 1319 903 Α

63 925 123 1021 hoq
133 925 295 987 ratiocinio
317 924 500 1007 perspicere.
544 925 576 987 Si
590 925 670 989 Deua
691 926 814 989 ellect'or
835 936 865 989 et
887 923 1002 990 crealor
1024 940 1080 1003 est,
1104 910 1225 995 si‘item
1238 952 1288 997 res

62 1030 148 1091 lamas
170 1027 282 1090 crearit
302 1046 358 1107 per
378 1027 495 1100 Filium,
517 1027 655 1108 nullaque
675 1047 726 1091 res
748 1029 824 1091 lacta
845 1039 902 1104 eat,
925 1050 999 1110 quae
1020 1051 1075 1112 per
1096 1032 1203 1097 Filium
1223 1052 1289 1099 nen

62 1131 98 1195 sit
116 1132 210 1204 laetu
238 1149 277 1192 an
305 1147 369 1191 nou
389 1129 514 1191 maxime
536 1129 659 1210 impium
681 1139 743 1204 cst,
772 1150 839 1193 cum
861 1131 940 1197 lleus
964 1133 1004 1194 sit
1031 1153 1131 1197 rerum
1154 1136 1287 1212 effector,

61 1231 250 1305 contendere,
273 1230 369 1311 opilea
393 1231 457 1293 eius
480 1231 608 1294 Verbum
630 1240 661 1293 et
682 1232 861 1313 Sapientiam
890 1234 1047 1314 aliquando
1074 1255 1136 1297 non
1168 1235 1287 1300 luisse?
1391 1260 1394 1270 ·

62 1334 137 1396 ldem
159 1333 241 1395 enim
262 1332 350 1415 plane
373 1343 420 1395 est
440 1352 474 1395 ac
494 1333 519 1394 si
543 1334 709 1409 diceretur,
731 1333 824 1397 licum
846 1354 948 1425 rerum
971 1338 1141 1401 effectorem
1164 1337 1287 1401 omnino

61 1455 116 1498 non
138 1453 219 1509 esse,
241 1435 352 1516 quippe
374 1454 439 1497 cum
460 1436 612 1516 propriam
634 1456 670 1499 ex
691 1437 793 1517 seipso
816 1437 951 1518 opificem
967 1438 1120 1502 Rationem
1142 1459 1197 1502 seu
1212 1439 1297 1501 Ver-·

60 1538 211 1615 bumnon
233 1536 350 1611 babeat,
374 1537 428 1598 sed
448 1537 640 1601 adventitium
661 1547 749 1618 atque
771 1538 806 1601 ab
829 1559 865 1602 eo
888 1541 1016 1603 alienum
1033 1550 1195 1622 naturaque
1217 1540 1283 1604 dia-

60 1641 153 1704 simile
176 1641 218 1701 sit
239 1639 367 1701 Verbum
393 1638 479 1712 illud,
511 1639 542 1701 in
570 1658 629 1720 quo
657 1658 707 1703 res
736 1650 824 1703 creat.
868 1641 980 1705 Deinde
1007 1642 1097 1704 nobis
1121 1641 1286 1723 Jexplicent,

60 1743 116 1804 imo
137 1760 225 1804 suam
247 1740 317 1803 indo
337 1750 499 1820 agnoscant
520 1740 711 1822 impietatem,
734 1761 791 1822 qua
813 1743 931 1819 dicunt3
951 1743 1019 1806 Fuit
1039 1744 1195 1823 aliquando
1219 1764 1287 1809 cum
1323 1753 1328 1761 '

60 1862 116 1906 non
138 1852 233 1917 esset,
256 1852 288 1905 et
308 1842 375 1904 Non
397 1843 451 1905 luit
472 1852 630 1923 autequam
652 1852 738 1907 natus
761 1853 817 1905 est.
861 1844 1008 1907 Nimirum
1031 1845 1057 1906 si
1074 1846 1202 1908 Verbum
1218 1865 1287 1910 cum

59 1945 142 2009 Patre
164 1964 227 2006 non
249 1952 296 2007 est
316 1944 353 2007 ab
377 1945 457 2005 omni
479 1943 663 2020 aeternitate,
685 1964 747 2006 non
769 1955 816 2007 est
837 1948 971 2026 prolecto
993 1955 1114 2008 aeterna
1136 1947 1285 2022 Trinitas;

60 2049 110 2111 sed
129 2047 229 2129 primo
250 2046 368 2126 quidem
391 2046 446 2108 luit
467 2046 574 2118 unitas,
596 2055 701 2128 postea
723 2066 794 2109 vero
817 2066 852 2109 ex
875 2048 1047 2110 accessione
1062 2049 1135 2111 lacta
1155 2048 1285 2113 Trinitas

59 2160 112 2224 cst,
133 2168 170 2212 ac
190 2166 357 2230 progressu
379 2148 523 2228 temporis
546 2148 638 2211 crevit
658 2168 695 2211 ex
709 2148 827 2211 illorum
843 2150 990 2212 sententia
1006 2150 1224 2230 constitutaque
1240 2156 1287 2215 est

58 2252 223 2331 theologiae
243 2249 384 2330 cognitio.
428 2250 556 2330 Insuper
577 2250 603 2313 si
624 2250 715 2313 Filius
736 2269 799 2312 non
821 2259 867 2312 est
888 2251 1027 2337 proprius
1050 2261 1173 2314 naturae
1187 2251 1285 2314 Patris

58 2357 142 2429 tetus,
166 2352 221 2415 sed
244 2372 262 2415 e
284 2350 376 2413 nihilo
400 2358 446 2412 est
467 2352 570 2425 lactus,
594 2370 628 2415 ex
651 2350 744 2413 nihilo
766 2350 856 2431 igitur
878 2351 1027 2414 constabit
1048 2371 1165 2433 quoque
1181 2352 1370 2420 Turi-nna.

58 2466 112 2530 tas,
142 2456 259 2535 luitque
292 2453 463 2532 aliquando,
493 2470 560 2514 cum
588 2471 650 2515 non
680 2461 764 2515 esset
784 2453 902 2516 trinitas
924 2454 977 2516 sed
1001 2453 1113 2527 unitas,
1136 2455 1192 2516 luit
1211 2455 1284 2517 item

57 2559 185 2621 Trinitas
207 2554 364 2635 aliquando
387 2555 557 2634 imperfecta
579 2562 609 2617 et
631 2553 786 2634 aliquando
807 2556 949 2634 perlecta,
972 2556 1141 2634 imperfecta
1165 2555 1284 2634 quidem

56 2669 210 2738 antequam
232 2658 317 2719 lieret
329 2656 432 2730 Filius,
455 2657 584 2736 perlecta
605 2665 703 2718 audem
726 2665 884 2737 postquam
906 2657 985 2719 idem
1006 2658 1100 2718 lactus
1117 2664 1173 2729 est,
1196 2665 1284 2737 atque

56 2761 159 2823 exinde
181 2778 233 2821 res
255 2760 330 2821 lacta
352 2759 449 2838 coepit
471 2757 598 2819 creatori
619 2759 821 2832 annumerari,
845 2767 875 2820 et
895 2757 940 2832 is,
971 2758 1022 2838 qui
1043 2758 1198 2837 aliquando
1222 2775 1284 2821 non

56 2864 114 2937 luit,
138 2881 208 2924 curn
231 2879 279 2934 eo,
302 2861 351 2939 qui
373 2879 492 2940 semper
514 2860 578 2934 luit,
600 2858 679 2921 Deus
695 2860 817 2938 agnosci
832 2867 862 2921 et
883 2858 949 2921 ooli.
987 2858 1180 2932 Quinetiam,
1202 2857 1285 2938 quod

55 2950 169 3042 gincius
192 2971 250 3036 est,
273 2963 336 3043 ipsa
360 2961 489 3023 Trinitas
511 2960 674 3040 suiipsius
698 2963 755 3023 erit
770 2961 933 3034 dissimilis,
956 2960 1065 3041 quippe
1087 2978 1162 3039 quae
1177 2978 1213 3021 ex
1228 2978 1283 3023 ex·

56 3066 145 3127 ternis
168 3064 332 3142 alienisque
354 3063 466 3124 naturis
490 3070 520 3123 et
540 3061 716 3125 substantiis
740 3063 779 3124 sit
801 3063 979 3136 constituta3
1008 3060 1088 3141 quod
1117 3079 1189 3123 sane
1210 3060 1284 3123 nibil

55 3166 128 3231 aliud
152 3174 199 3228 est
227 3182 315 3243 quam
337 3166 442 3225 laetam
471 3163 533 3225 sive
561 3172 689 3227 creatum
717 3164 871 3227 Trinitatis
901 3162 1143 3225 constitutionem
1172 3163 1282 3226 dicere.

56 3266 227 3331 Cuiusmodi
255 3266 344 3344 igitur
364 3264 413 3325 illa
435 3265 585 3326 censenda
606 3273 654 3327 est
673 3265 795 3345 religio,
828 3284 903 3344 quoe
930 3283 986 3327 nec
1013 3264 1060 3326 sui
1090 3264 1195 3325 similis
1224 3272 1281 3338 est,

57 3370 104 3431 sed
125 3379 296 3449 temporum
318 3386 480 3447 progressu
502 3366 671 3446 perficitur,
700 3386 833 3446 quaeque
860 3367 951 3430 modo
979 3386 1040 3429 uon
1067 3366 1107 3427 ita
1128 3365 1218 3427 modo
1242 3365 1282 3426 ita

56 3469 113 3533 sit?
158 3469 311 3555 Siquidem
333 3468 491 3530 verisimile
513 3476 574 3541 est,
603 3468 681 3530 iham
711 3470 819 3531 iterum
841 3468 1055 3531 incrementum
1084 3475 1280 3546 accepturam,

57 3572 140 3653 idque
162 3573 292 3645 inlinite,
322 3570 571 3652 quemadmodum
599 3571 728 3650 primum
757 3589 792 3633 ex
821 3571 1018 3632 additamento
1041 3570 1202 3631 coristituta
1224 3576 1280 3628 est.

58 3674 110 3737 h'ec
131 3693 204 3737 aero
227 3673 426 3746 dubiumst,
449 3672 520 3753 quin
542 3672 644 3735 eadem
666 3673 763 3754 possit
784 3655 973 3745 de'crcscere3
995 3679 1113 3734 constat
1134 3669 1212 3731 enim
1235 3687 1280 3742 ea,

59 3796 126 3855 quae
147 3776 306 3847 adduntur,
330 3775 394 3836 tolli
417 3775 554 3836 similiter
575 3793 677 3854 posse.

139 3880 188 3943 18.
233 3877 344 3939 Verum
365 3878 405 3946 ita
426 3896 488 3938 non
511 3884 574 3951 est;
606 3876 694 3939 absit.
738 3876 805 3937 Non
832 3885 878 3937 est
900 3875 1019 3954 inquam
1042 3875 1116 3935 lacta
1138 3871 1280 3943 TrinitaS,

58 4032 156 4083 lelcbm.
173 4032 269 4081 l.et5.
288 4023 322 4078 ri
338 4023 472 4095 γεννητὸν
489 4027 528 4095 τῷ
545 4023 640 4097 κτίστῃ
693 4023 776 4096 ἑαυτῇ
795 4020 886 4095 ὁμοία.
922 4028 993 4078 Basil.
1013 4028 1069 4088 Reg.
1089 4033 1113 4075 et
1130 4025 1236 4075 Felclnt.
1254 4022 1281 4072 5.

56 4101 153 4152 etintra
171 4091 188 4161 ἢ
206 4092 344 4164 γεννητὴν
361 4092 412 4158 τὴν
429 4096 477 4158 rn's
494 4091 614 4164 τριάδος.
693 4099 783 4147 babent
801 4097 857 4145 item
874 4091 1018 4159 θεοσέβεια
1036 4089 1050 4155 ἡ
1069 4087 1147 4161 μηδέ.
1181 4091 1281 4143 Editiet

82 4185 104 4231 g.
122 4168 264 4233 Sequertan.
280 4160 334 4216 σὺν
350 4164 389 4232 τῷ
407 4157 450 4216 ἀεὶ
468 4156 528 4215 ὄντι
544 4161 640 4215 θεελε-
693 4166 733 4216 alii
752 4159 895 4227 θεεσὲῥεεα
911 4157 981 4231 μηδὲ
999 4153 1083 4222 αὐτῆς
1100 4153 1114 4208 ὁ
1137 4154 1191 4209 ato.

53 4236 139 4299 ysitus
200 4278 203 4287 .
587 4230 591 4236 ’
726 4235 741 4282 i.
766 4233 1019 4294 Sequenfioblerian.
1039 4175 1222 4282 etTeiilrmA.
1238 4219 1277 4291 μὴ

81 4306 265 4367 hchnerian.
285 4294 338 4362 τήν
356 4302 452 4353 omittit
488 4301 640 4381 liquidem,
692 4285 771 4356 oica,
791 4294 857 4349 πετὲ
876 4295 905 4349 δέ
923 4308 969 4349 etc.

52 4373 143 4424 [labier.
163 4383 186 4424 et
205 4373 314 4424 Felclm.
331 4371 353 4420 1.
371 4363 481 4430 ποταπὴ
492 4383 550 4419 our.
576 4369 640 4419 Editi
725 4370 747 4419 t.
767 4368 867 4430 Sequar.
886 4367 977 4429 anglic.
989 4366 1087 4417 Gobler.
1101 4362 1240 4442 epTelclm.
1256 4359 1278 4411 l.

50 4450 71 4492 et
92 4442 133 4493 alii
154 4435 267 4501 ποταπὴ
294 4434 333 4490 δέ.
376 4438 469 4489 ibidem
497 4438 638 4502 Sequerian.
691 4429 728 4493 ais
745 4428 825 4494 ἅπαξ.
860 4435 924 4486 Editi
943 4442 967 4484 et
984 4434 1025 4484 alii
1043 4424 1094 4486 ἕως
1111 4427 1191 4487 απαξ.
1266 4489 1274 4509 ⁸

48 4510 181 4563 maerim
199 4510 310 4562 Telelm.
326 4508 351 4558 l.
374 4501 519 4570 draciliano
535 4498 551 4567 ἢ
568 4499 639 4572 μηδὲ
724 4505 740 4556 l.
759 4501 898 4555 Telcltm.2
917 4511 941 4554 et
959 4501 1031 4553 aditio
1047 4496 1164 4553 camuel.
1181 4509 1277 4564 roam
