2948 5092
121 214 163 277 22
523 232 549 274 s.
564 230 718 275 ιτιιιιιειι
733 230 954 275 nemmem

34 365 192 456 ναικτύις
219 387 292 455 τοῖς
321 376 478 464 ῥήμασιν,
506 373 557 456 οἷς
585 378 758 447 αἰτιῶνται
780 382 836 446 νῦν
858 366 966 443 οὗτοι·
995 378 1078 462 λέγω
1100 374 1140 463 δή
1162 378 1210 463 τῷ
1234 374 1270 443 ἐκ
1290 380 1350 461 τῆς

120 474 236 557 ούσίας
256 481 309 544 καί
332 481 379 564 τῷ
403 475 580 566 όμοουσίην,
602 483 655 547 καὶ
679 476 732 546 ότι
753 481 835 569 μήτε
854 486 976 563 κτίσμα
996 471 1018 565 ἢ
1038 483 1170 561 ποίημα
1183 476 1267 563 μήτε
1282 480 1349 543 τῶν

118 584 261 667 γενητῶν
283 579 373 647 ἐστιν
395 576 414 647 0‘
435 585 494 647 τοῦ
516 584 600 648 θεοῦ
623 580 703 662 υίός,
727 577 811 649 ἀλλά
832 587 973 667 γέννημα
993 578 1048 645 ’ἐκ
1068 581 1127 665 τῆς
1148 572 1268 656 ούσίας
1289 587 1348 643 τοῦ

119 682 247 768 πατρός
280 681 369 749 ἐστιν
402 677 421 747 ύ
453 681 558 768 λόγος.
602 685 657 750 καί
685 683 724 749 τό
744 709 781 770 γε
808 681 1014 768 παράδοξον,
1036 674 1199 765 Εὐσέβιος
1227 674 1248 745 ὁ
1277 672 1348 745 ἀπὸ

118 788 323 869 Καισαρείας
343 785 401 871 τῆς
422 784 657 872 Παλαιστίνης.
681 790 737 851 καί
757 808 810 851 τοι
832 784 899 871 πρὸ
921 785 1001 867 μιᾶς
1022 776 1231 868 ἀρνούμενος,
1257 777 1349 864 όμιος

118 880 255 969 ὕστερον
275 880 485 972 ὑπογράψας,
510 884 679 952 ἐπέστειλε
700 888 740 971 τῇ
763 885 915 972 ἐκκλησία
929 884 1057 963 ἑαυτοῦ,
1080 885 1184 968 λέγων
1206 881 1349 969 Ι’ταύτην

119 981 205 1053 εἶναι
231 989 290 1073 τῆς
317 985 487 1073 ἐκκλησίας
507 986 566 1072 τήν
588 984 704 1053 πίστιν
725 989 778 1053 καί
801 990 868 1053 τῶν
889 991 1043 1070 πατέριον
1063 983 1123 1071 τήν
1144 982 1348 1069 παράδοσιν,

119 1090 208 1153 πᾶσί
229 1113 265 1154 τε
298 1090 449 1174 φανερῶς
477 1088 613 1167 ἐδειξεν,
648 1084 699 1153 ὅτι
729 1086 892 1174 πρότερον
920 1085 1125 1174 ίσψάλλοπο
1154 1087 1207 1151 καί
1240 1084 1349 1171 μάτην

33 1187 345 1275 Ρ.κιι.ίφιλονείκουν
373 1189 460 1275 πρὸς
487 1188 545 1276 τήν
573 1184 744 1276 ἀλήθειαν.
790 1188 819 1255 εί
840 1188 901 1275 γὰρ
923 1192 977 1254 καί
999 1181 1147 1275 ᾐσχύνθη
1170 1186 1248 1253 τότε
1270 1184 1350 1252 ταύ-

120 1314 194 1368 ταις
214 1300 288 1368 ταῖς
310 1292 417 1369 λέξεσι
438 1289 581 1375 γράψαι,
606 1293 658 1356 καὶ
683 1286 727 1367 ιύς
749 1284 912 1377 ἠθέλησεν
933 1283 1032 1367 αύτὸς
1053 1282 1287 1376 ἀπελογήσατο
1309 1289 1350 1374 τῇ

120 1390 287 1478 ἐκκλησίᾳ,
312 1386 397 1457 ἀλλά
418 1416 454 1478 γε
476 1390 533 1457 διὰ
553 1394 612 1476 τής
633 1392 812 1479 ἐπιστολῆς
835 1391 872 1456 τὸ
895 1386 1073 1474 όμοούσιον
1094 1392 1147 1456 καί
1171 1388 1211 1454 τὸ
1234 1389 1270 1455 ἐκ
1291 1392 1351 1475 τῆς

121 1488 235 1570 οὐσίας
263 1492 307 1578 μή
337 1488 575 1579 ἀρνησάμενος,
606 1497 757 1579 ηανεριός
784 1495 881 1557 τοῦτο
910 1494 1053 1578 σημᾶναι
1081 1489 1248 1574 βούλεται.
1294 1492 1350 1557 καλ

121 1599 278 1659 πέπονθέ
300 1620 331 1658 τι
361 1591 503 1659 δεινόν·“
533 1589 578 1671 ιός
606 1594 667 1680 γὰρ
698 1592 978 1679 ἀπολογούμενος,
1002 1592 1204 1679 κατηγόρησε
1225 1590 1351 1659 λοιπὸν

120 1697 186 1761 τῶν
205 1689 402 1780 Ἀρειανιῦν,
438 1691 490 1761 ότι
522 1694 724 1780 γράψαντες
754 1690 811 1761 ούκ
838 1684 877 1781 ἦν
901 1690 918 1759 ὁ
941 1694 1013 1773 υίὸς
1034 1696 1114 1778 πρίν
1135 1696 1349 1782 γεννηθῆναι,

121 1789 179 1861 ούκ
207 1784 330 1880 ήθελον
353 1791 453 1861 αύτὸν
476 1791 558 1862 εἶναι
582 1792 658 1863 οάδὲ
679 1798 747 1883 πρὸ
769 1800 827 1882 τῆς
848 1796 931 1863 κατὰ
954 1795 1060 1881 σάρκα
1080 1800 1247 1880 γενέσεως.
1294 1801 1350 1862 καί

119 1898 218 1961 τοῦτο
247 1892 314 1963 οἶδε
344 1901 397 1963 καὶ
418 1893 582 1977 Ἀκάκιος,
618 1892 657 1964 ἀν
678 1898 723 1985 μὴ
745 1901 797 1964 καί
816 1894 921 1976 αὐτὸς
943 1900 1109 1985 φοβηθεὶς
1130 1899 1187 1963 νῦν
1210 1896 1271 1964 διὰ
1291 1896 1352 1963 τόν

119 1997 234 2084 καιρόν
260 1995 478 2087 ὑποκρίνηται
503 2003 558 2066 καί
581 1994 761 2086 άρνήσηται
782 2000 840 2086 τήν
862 1995 1033 2088 ἀλήθειαν.
1078 1993 1250 2076 ’ύπίταξα
1272 2000 1352 2083 γοῦν

120 2099 155 2166 ἕν
176 2103 223 2184 τῷ
245 2102 332 2166 τέλει
354 2101 411 2188 τὴν
435 2101 612 2188 ἐπιστολήν
634 2097 811 2186 Εόσεβίου,
842 2102 898 2173 ἵνα
921 2101 955 2167 ίκ
975 2099 1096 2187 ταύτης
1117 2102 1202 2185 γνῷς
1223 2102 1293 2167 τῶν
1314 2124 1353 2169 τε

118 2202 347 2287 χριστομάχων
376 2206 429 2269 καί
456 2204 540 2269 κατὰ
568 2203 724 2289 περιττὸν
752 2202 810 2287 τήν
829 2198 984 2269 Ἀκακίου
1013 2199 1099 2288 πρός
1119 2201 1198 2278 τοὺς
1220 2200 1351 2267 ἑαυτῶν

120 2303 339 2381 διδασκάλους
362 2298 603 2389 ἀγνωμοσύνην.

205 2413 236 2471 4.
280 2409 362 2483 Πῶς
383 2413 493 2471 τοίνυν
516 2400 573 2471 οὗκ
597 2399 767 2472 ἀδικοῦσιν
789 2394 896 2483 οὗτοι,
921 2398 980 2491 κάν
1004 2402 1248 2486 ἐνθυμούμενοι
1271 2403 1350 2485 εμό·

120 2528 176 2571 νον
200 2501 378 2592 ἀντιλέγειν
400 2510 440 2593 τῇ
462 2505 606 2593 τοσαύτη
628 2509 682 2572 καί
699 2506 903 2593 οίκουμενικῇ
921 2504 1068 2591 σι·νύδῳ,·
1091 2507 1167 2582 πῶς
1182 2497 1220 2570 ού
1237 2530 1353 2591 παρα-

120 2610 259 2691 νομοῦσι
294 2609 479 2691 τολμῶντες
508 2603 717 2692 ἀντιβλέπειν
744 2618 816 2686 τοῖς
841 2608 949 2684 καλῶς
979 2602 1150 2691 ύρισθεῒσι
1179 2606 1265 2673 κατά
1292 2610 1353 2694 τής

115 2704 289 2796 Ἀρειανής
310 2711 467 2796 αἱρέσεως
489 2711 542 2775 καί
564 2715 843 2795 μαρτυρουμένους
866 2704 932 2773 ύπὸ
954 2710 1021 2773 τῶν
1043 2700 1162 2784 αὖτοὺς
1184 2706 1352 2796 πρότερον

119 2804 250 2897 ἀσεβεῖν
273 2810 494 2893 διδαξόντων,
518 2810 548 2877 εί
569 2812 679 2877 δὲκαὶ
701 2808 786 2894 μετὰ
807 2808 846 2873 τὸ
867 2804 1065 2894 ἀπογράψαι
1077 2807 1303 2894 μετεβάλοντο
1319 2811 1352 2877 ολ

120 2917 195 2995 περὶ
220 2907 396 2996 Εύσέβιον,
425 2916 478 2977 καί
508 2909 553 2989 ιός
581 2910 672 2991 κύνες
701 2910 748 2989 είς
774 2908 813 2975 τὸ
841 2910 928 2977 ίδιον
952 2909 1093 2995 ἐξέραμα
1113 2912 1173 2995 τῆς
1194 2906 1354 2997 ἀσεβείας

120 3012 369 3098 ἐπέστρεψανί),
399 3016 473 3089 πῶς
502 3008 571 3094 σόχὶ
603 3017 654 3078 καί
682 3013 809 3096 μᾶλλον
831 3008 921 3091 ἀξιον.
942 3007 1061 3094 μίσους
1084 3010 1117 3076 οί
1139 3014 1196 3078 νῦν
1220 3007 1353 3080 ἀντιλέ-

119 3136 239 3197 γοντες,
265 3110 318 3177 ότι
338 3112 397 3196 τήν
420 3112 612 3198 ἐλευθερίαν
633 3117 691 3199 τῆς
713 3112 837 3179 ἑαυτῶν
860 3115 967 3199 ψυχῆς
989 3110 1103 3190 ἀλλοις
1124 3119 1355 3198 προπίνοντες

119 3213 255 3292 τούτους
283 3218 336 3279 καί
366 3212 594 3301 καθηγεμόνας
616 3216 675 3301 τῆς
695 3214 852 3300 αἱρέσεως
875 3212 959 3296 ἐχειν
981 3212 1189 3291 (ἐθέλουσιν,
1214 3208 1355 3301 ἀνθρώ-

119 3339 214 3393 πους,
245 3310 290 3393 τάς
313 3310 406 3382 εἶπεν
429 3310 447 3380 ὁ
467 3311 631 3401 Ἰάκωβος,
663 3313 823 3399 διψύχους
844 3316 898 3381 καί
921 3308 1169 3392 άκαταστάτους
1193 3312 1296 3395 ὄντας
1317 3314 1386 3399 ἐνς·

119 3416 247 3494 πάσαις
268 3426 343 3495 ταῖς
366 3413 458 3495 ὁδοῖς
480 3411 626 3495 αότῶνέ),
650 3418 704 3511 καί
726 3413 770 3503 μή
793 3420 873 3498 μίαν
893 3417 954 3500 μὲν
977 3415 1109 3497 ἔχοντας
1124 3414 1267 3503 γνώμην,
1282 3412 1357 3485 ’ἀλ-

119 3519 195 3584 λοτε
224 3519 260 3583 δὲ
289 3516 396 3597 ἄλλως
422 3518 742 3604 μεταβαλλομένους,
777 3518 830 3581 καὶ
853 3520 910 3583 νῦν
930 3518 990 3599 μὲν
1013 3515 1233 3595 ἐπαινοῦντας
1257 3516 1276 3584 ὃ
1299 3506 1386 3587 λίΪΙ

119 3641 223 3703 γουσι,
247 3614 314 3703 μετ’
340 3616 450 3705 ὀλίγον
472 3619 509 3686 δὲ
532 3624 694 3704 ψέγοντας
709 3613 792 3701 ὅπερ
808 3616 964 3702 εἰρήκασι,
980 3619 1033 3682 καὶ
1050 3616 1154 3684 πάλιν
1171 3616 1356 3691 ἐπαινούν-
1382 3650 1385 3655 ·

120 3745 180 3797 τας
203 3717 285 3805 ὅπερ
309 3722 376 3806 πρὸ
397 3723 515 3805 μικροῦ
538 3719 740 3805 διέβαλλονβ
775 3721 871 3783 τοῦτο
895 3719 940 3796 δέ,
965 3713 1011 3795 τός
1028 3713 1197 3809 δΠοιμήν
1213 3721 1356 3809 εἴρηκεν,

123 3820 253 3905 ἐκγονόν
276 3822 347 3888 ἐστι
369 3820 536 3906 διαβόλου,
560 3824 614 3886 καὶ
636 3819 792 3907 καπήλων
816 3819 852 3884 δέ
873 3820 999 3900 μᾶλλον
1015 3821 1071 3885 καί
1086 3812 1126 3885 ού
1140 3820 1369 3891 διδασκάλωιε

196 4046 218 4095 Ι)
236 4044 259 4093 2.
280 4046 342 4094 Petri
361 4044 385 4103 2,
405 4044 444 4093 22.
515 4042 540 4095 λλ
559 4042 640 4093 Ιεοοίνί
660 4044 683 4103 1,
700 4042 725 4093 8.

158 4195 180 4228 ο.
200 4180 240 4227 Sic
258 4178 314 4238 Reg.
350 4178 377 4226 λι
401 4178 441 4226 alii
467 4186 490 4226 ιι
516 4178 571 4226 editi
589 4172 712 4243 γέννημα
763 4176 802 4224 iici
821 4176 970 4225 curavimus:
988 4168 1079 4222 ἔτιτὸ
1097 4167 1359 4255 άναθηματίζεσθαι

124 4241 170 4295 καί
189 4245 236 4305 τῆς
252 4244 302 4292 τοῦ
320 4239 424 4308 πατρὸς
442 4236 545 4296 οὐσίας.
763 4236 794 4289 τό
818 4236 872 4306 πρὸ
897 4239 946 4288 τοῦ
968 4238 1133 4305 γεννηθίναι
1157 4257 1206 4290 ουκ
1229 4228 1280 4301 ήν,
1306 4237 1358 4292 οὐκ

158 4316 182 4364 b.
201 4306 303 4371 ταύτην
320 4312 469 4362 restituimus
488 4328 514 4361 ex
533 4326 577 4360 ms.
596 4312 652 4372 Reg.
763 4301 868 4357 ἄτοπον
886 4302 1020 4374 ἐνομίσθη
1039 4308 1079 4374 τη*
1096 4306 1173 4376 παρὰ
1184 4308 1276 4358 πᾶσιν
1288 4305 1356 4376 δμο-

160 4398 181 4432 c.
200 4380 265 4431 Ηετο
281 4388 338 4429 sunl
355 4380 407 4443 ipsa
426 4379 522 4428 Ensehii
541 4379 711 4428 verbuexeius
761 4372 905 4441 λογεῖσθαι
929 4371 960 4423 τό
978 4365 1049 4425 εἶναι
1065 4371 1116 4425 τὸν
1132 4371 1194 4425 υἱόν
1211 4377 1263 4426 τοῦ
1283 4377 1357 4428 Θεοῦ

128 4446 246 4513 opimis,
263 4462 336 4513 quum
354 4448 378 4497 iu
397 4447 444 4496 ίίιιε
463 4446 534 4496 huius
553 4447 634 4509 operis
652 4446 711 4495 suh·
761 4438 816 4507 πρὸ
835 4441 882 4503 τῆς
899 4438 969 4493 κατὰ
979 4438 1067 4513 σάρκα
1078 4440 1241 4511 γεννήσεως.
1265 4447 1356 4498 Ιδοεις
