2948 5092
463 256 574 308 maro
587 262 632 308 ru.
648 263 765 310 eomas
777 260 912 311 moe.
1069 258 1076 263 ’
1225 249 1289 321 480

61 416 93 477 in
113 412 256 476 omnibus
278 413 343 476 suis
364 412 508 493 Epistolis
531 414 693 494 significat,
715 415 786 478 duna
808 417 850 478 ita
869 416 988 479 scribit:
1021 418 1131 483 brono
1151 421 1237 484 oobi's
1258 411 1395 489 arse

58 516 129 578 Pan
150 534 171 578 s
192 515 256 579 beo
275 525 367 596 patra
387 527 499 580 aestro
520 526 550 578 et
571 515 700 580 limiae
722 517 793 580 lass
816 517 954 582 Christo.v
985 517 1049 582 Una
1071 520 1150 582 enim
1165 522 1289 585 eadent*

59 636 121 697 que
142 625 191 679 est
216 615 326 697 mua,
359 633 436 696 quae
463 617 589 679 aPatre
611 617 641 678 iu
663 617 739 679 Filio
760 618 862 692 datur,
891 619 1140 699 quemadmodum
1161 638 1220 684 una
1241 629 1291 685 est

57 719 111 781 lux
133 718 209 780 solis
230 727 262 781 et
281 717 462 798 splendoris,
486 725 517 780 et
537 717 585 779 sol
606 717 728 781 nonnisi
749 737 804 799 par
825 737 911 782 susm
931 719 1028 783 lucem
1048 720 1202 786 illuminat
1238 723 1291 787 sie
1361 738 1373 767 ²

57 819 133 880 item
155 811 477 883 Thessalonicensibus
505 827 657 899 precatur:
695 820 765 901 lpse
792 829 893 884 ostem
913 822 996 886 beor
1017 832 1050 888 et
1068 815 1163 888 Pater
1182 833 1292 889 sotter

58 930 89 982 et
116 920 267 983 banchus
301 921 387 983 lesse
421 919 560 983 Christus
592 920 705 1001 diripot
735 925 816 984 mass
847 933 987 986 nostrast
1013 925 1054 987 ad
1079 942 1150 997 noe,
1181 925 1291 1006 quibus

58 1019 163 1082 verbis
185 1019 283 1083 Patris
306 1029 337 1083 et
356 1020 424 1083 Filii
445 1021 589 1083 unitatem
610 1021 747 1084 servarit.
780 1021 854 1084 Nem
874 1040 937 1085 non
951 1023 1027 1086 dixit
1039 1026 1186 1106 disspost,
1203 1027 1291 1107 quaid

59 1121 171 1201 duplex
191 1122 284 1201 grafia
306 1141 323 1184 a
346 1122 464 1185 duobus
486 1140 594 1203 nempe
616 1123 654 1185 sb
674 1122 726 1186 illo
748 1132 779 1186 et
799 1122 850 1186 illo
872 1125 1008 1200 daretur,
1031 1126 1085 1189 sed
1107 1129 1234 1208 diripeb
1255 1136 1292 1192 ut

58 1222 141 1283 illam
163 1240 180 1283 a
201 1223 289 1287 Patre
310 1242 365 1304 per
385 1223 492 1286 Filium
515 1224 580 1286 dari
602 1225 798 1305 signiticaret,
826 1243 902 1306 quae
925 1227 1046 1307 quidem
1066 1227 1175 1308 impios
1196 1245 1291 1309 copes

57 1332 129 1384 rent
148 1323 254 1386 saltem
276 1307 463 1399 erubescere,
486 1326 544 1388 nisi
567 1327 746 1390 erubescere
768 1327 890 1390 nollent

149 1731 222 1793 12..
243 1729 377 1809 Namque
405 1730 432 1793 si
459 1748 521 1792 non
553 1738 635 1793 esset
661 1733 776 1805 unitas,
809 1750 866 1794 nec
892 1733 1020 1794 Verbum
1048 1739 1173 1795 naturae
1192 1731 1291 1794 Patris

62 1828 204 1910 proprius
226 1838 306 1892 esset
327 1833 414 1903 letus,
437 1840 472 1893 ut
492 1832 567 1893 luris
590 1832 742 1912 splendor,
765 1834 820 1895 sed
840 1834 933 1896 Filius
955 1852 973 1895 e
994 1834 1082 1896 Patre
1103 1835 1209 1894 natnrt
1230 1832 1291 1894 dil·

62 1931 149 2004 leret,
171 1930 247 1993 satis
268 1941 349 1994 certe
372 1941 455 1994 esset
476 1934 503 1994 si
527 1933 610 1995 solus
632 1933 720 1996 Pater
741 1934 834 2007 daret,
857 1952 923 1996 orum
946 1934 1056 1997 nubem
1077 1951 1140 1996 rem
1163 1941 1292 1995 creatm

62 2031 92 2092 in
114 2031 221 2094 dandis
242 2033 346 2113 gratiis
369 2034 482 2095 sociam
505 2035 611 2096 habeat
626 2034 759 2096 Creator.
793 2035 982 2116 Quapropter
1001 2034 1051 2097 hic
1072 2034 1161 2096 dandi
1181 2033 1291 2095 modus

62 2133 181 2211 signum
214 2140 262 2195 est
292 2134 414 2196 unitatis
442 2135 540 2197 Patris
570 2144 600 2197 et
627 2135 704 2196 Filii.
747 2135 842 2198 Nemo
871 2136 959 2215 igitur
986 2135 1058 2215 qaid
1079 2154 1096 2197 a
1117 2134 1181 2197 beo
1203 2130 1292 2196 etth

61 2234 182 2314 Angelis
203 2242 257 2296 aut
276 2234 373 2315 aliqua
401 2235 457 2296 alia
483 2254 517 2297 re
545 2244 643 2297 creata
671 2245 807 2316 pronatus
839 2237 943 2310 luerit,
975 2252 1124 2315 nemoque
1154 2236 1292 2315 cuiquam

62 2335 184 2397 dixerit:
206 2335 263 2397 bot
285 2336 337 2397 tibi
352 2337 432 2399 Deus
455 2345 486 2399 et
499 2337 645 2416 Angelum
667 2338 720 2399 sed
744 2357 818 2417 quaa
839 2356 1005 2417 precamur,
1028 2337 1148 2398 aPatre
1168 2345 1200 2398 et
1213 2333 1290 2397 Filo

61 2454 221 2514 precemur
252 2437 291 2497 ob
324 2454 429 2499 eorum
459 2438 603 2499 unitatem
636 2439 811 2518 unicamque
844 2439 1046 2501 donationem.
1090 2438 1180 2509 Quae
1212 2434 1293 2498 enim

61 2537 181 2609 dantur,
204 2555 259 2616 per
279 2537 386 2599 Filium
408 2539 533 2611 dantur,
556 2539 689 2618 nihilque
712 2540 834 2600 omniuo
857 2539 1005 2618 estquod
1027 2555 1089 2600 uon
1109 2550 1165 2616 per
1184 2535 1292 2598 Filium

61 2639 170 2700 efficiet
196 2638 302 2713 Pater;
334 2640 462 2718 hincque
488 2649 565 2701 certa
594 2624 634 2702 et
652 2658 758 2726 secura
785 2648 834 2703 est
860 2639 968 2719 qratia,
1003 2656 1091 2719 quam
1118 2637 1292 2716 accipimues

63 2740 152 2813 Quod
175 2740 203 2801 si
224 2741 393 2802 Patriarcha
415 2740 503 2802 Iacob
525 2742 588 2803 suis
610 2741 769 2821 nepotibus
791 2742 933 2821 Ephraim
955 2749 986 2802 et
1007 2741 1143 2801 Manasse
1164 2736 1291 2799 benedi·

61 2858 132 2903 cens
156 2839 244 2901 dixit:
275 2840 375 2917 Dese,
405 2847 458 2922 qai
480 2848 648 2923 poscitare
669 2861 689 2904 a
711 2848 866 2905 momente
886 2861 951 2904 meo
971 2859 1066 2923 sepse
1087 2846 1122 2903 io
1138 2855 1293 2920 prosam

62 2953 119 3004 tesi
141 2942 234 3013 diem,
263 2942 409 3021 lapelee,
439 2948 492 3024 qui
512 2947 594 3005 eruit
615 2960 662 3005 me
683 2944 718 3005 de
742 2947 856 3007 cunetis
877 2942 983 3018 molis,
1011 2943 1165 3004 benedicat
1182 2941 1292 3020 peterit

60 3046 146 3118 istis,
180 3060 366 3122 nequaquam
394 3061 430 3105 ex
463 3045 545 3105 bisce
574 3042 674 3104 verbis
706 3037 834 3122 aliquem
864 3062 900 3105 ex
927 3041 1035 3104 creatis
1064 3052 1095 3102 et
1115 3041 1168 3120 qui
1188 3040 1294 3100 natrut

63 3151 136 3204 sunt
149 3142 252 3222 Angeli
275 3161 342 3205 cum
357 3143 430 3216 Deo,
453 3163 469 3205 a
493 3163 552 3224 quo
575 3144 665 3205 creati
689 3152 768 3217 suut,
792 3143 986 3206 coniunxisse
1007 3141 1220 3204 existimandus
1235 3148 1292 3212 eet,

62 3262 161 3324 neque
181 3244 245 3305 lleo
268 3245 362 3306 altore
383 3264 439 3307 suo
462 3246 589 3307 dimisso
610 3245 849 3307 benedictionem
870 3264 926 3325 pro
948 3242 1107 3323 nepotibus
1129 3241 1166 3303 ab
1180 3238 1293 3318 bupalo

60 3345 261 3426 poposcisse,
291 3346 345 3408 sed
372 3347 420 3407 bis
450 3347 535 3408 dictis
568 3347 632 3419 Qai
657 3350 741 3408 erait
766 3362 813 3407 me
842 3347 878 3408 de
898 3347 1015 3409 mneos
1036 3343 1127 3405 maiis
1150 3340 1293 3414 ostendit,

60 3465 124 3508 non
146 3447 273 3527 aliquem
302 3465 338 3508 ex
365 3448 472 3509 creatis
501 3447 638 3526 Angelis,
673 3446 727 3509 sed
755 3447 809 3508 bei
837 3464 907 3509 esse
933 3444 1079 3517 Verbum,
1113 3442 1194 3523 quod
1226 3456 1296 3503 cum

59 3549 151 3610 Patre
172 3548 204 3610 in
227 3547 361 3609 oratione
383 3549 576 3621 consociavit,
599 3548 669 3628 quia
689 3565 744 3627 per
766 3548 864 3627 ipsum
878 3546 961 3609 Deus
981 3562 1059 3625 quos
1074 3540 1293 3607 volueritlibe÷

59 3727 212 3796 Σαβίλλιον
234 3728 280 3780 eoi
299 3723 410 3802 Ἄρειον.
446 3733 537 3783 ibidem
556 3733 612 3794 neg.
632 3733 655 3782 1.
708 3734 850 3783 obtenturos
868 3745 1006 3797 speramns,

60 3812 86 3850 et
105 3804 207 3862 Segoer.
225 3792 250 3849 el
271 3795 382 3867 γὰρμὴ
402 3786 443 3860 ἦν.
479 3801 540 3850 Editi
559 3793 583 3848 sl
598 3793 654 3864 γὰρ
741 3816 763 3863 g.
782 3801 838 3860 ileq.
855 3799 876 3848 l.
896 3807 920 3848 et
936 3799 1036 3861 Sequar.
1054 3795 1104 3845 τοῦ
1120 3792 1195 3845 θεοῦ.
1231 3786 1296 3843 said

56 3862 109 3916 aral
125 3862 164 3933 peip
183 3853 225 3927 ἢν.
707 3875 731 3916 et
749 3867 789 3916 alli
808 3863 857 3913 sari
873 3858 985 3933 πατρός.
1188 3920 1195 3936 ἱ

97 3937 121 3984 d.
141 3937 197 3996 lieg.
219 3935 241 3983 l·
261 3944 284 3983 et
302 3935 373 3996 Sspo.
398 3925 452 3982 ἀπὸ
476 3932 526 3983 τοῦ
542 3926 653 3999 πατρός.
690 3994 695 4001 ,
741 3934 764 3983 h.
784 3934 888 3997 Uterque
911 3933 968 3993 Rea.
988 3939 1012 3981 et
1028 3931 1061 3980 Se
1078 3944 1128 3978 uer.
1151 3939 1198 3974 aas
1215 3918 1229 3972 d
1248 3916 1297 3988 ty·

58 4004 89 4052 ln
109 4002 162 4051 aliis
181 4010 205 4051 st
223 4002 294 4050 editis
312 4002 380 4051 deest
398 3993 461 4050 ἀπό.
705 3997 790 4065 γελος.
819 4000 897 4050 Ceteri
916 4007 939 4049 et
957 3999 1013 4049 editi
1030 3945 1112 4045 καςᾶ
1137 3990 1215 4072 'stoc
1230 3992 1296 4070 'idox

99 4083 120 4117 e.
140 4069 198 4131 lteg.
218 4069 239 4117 l.
259 4077 283 4117 et
300 4069 399 4131 Sequer.
417 4061 432 4128 ἧ
452 4059 529 4128 αὐτή.
559 4068 656 4118 Editiet
705 4068 762 4130 lter.
784 4065 806 4117 1.
825 4075 849 4116 et
865 4067 897 4116 Se
914 4080 965 4115 ner.
982 4060 1029 4113 sei
1044 4057 1103 4114 ἑνοε
1132 4078 1158 4120 a.
1192 4060 1256 4109 Edita
1272 4065 1299 4108 et

60 4137 106 4188 alii
124 4128 141 4196 ἢ
159 4129 281 4193 remusq-
707 4137 748 4185 etii
765 4127 812 4182 ssi
827 4125 880 4192 nir
895 4081 1009 4192 insedi.
1204 4196 1208 4205 Ι

99 4205 116 4252 t.
140 4204 217 4252 deuio
242 4203 302 4252 haee
319 4202 343 4252 S.
362 4204 483 4253 Athanasii
501 4202 572 4251 rerba
590 4208 658 4266 patet
741 4203 757 4251 i.
776 4203 833 4258 lter.
853 4201 876 4250 l.
894 4202 966 4261 Sego.
985 4206 1009 4249 et
1032 4199 1139 4249 Graecus
1157 4196 1298 4258 Scripturas
1401 4192 1417 4225 ⁴

59 4256 333 4321 etthesiorum
361 4270 513 4319 invocationi.
547 4269 656 4333 Namque
707 4277 785 4319 testas
809 4260 824 4315 ri
847 4258 980 4333 ῥυόμενίς
1000 4277 1043 4331 με.
1083 4263 1147 4313 ilditt
1169 4268 1194 4311 et
1216 4250 1299 4310 altit

60 4351 120 4389 can
139 4337 243 4398 Angelos
262 4345 303 4386 ent
320 4338 423 4386 Sanctae
441 4339 589 4395 invocemus,
607 4350 655 4386 non
708 4327 861 4403 ρυσᾶμενός
874 4347 918 4401 με.

59 4400 164 4455 abillis
180 4404 225 4454 sed
242 4419 256 4453 s
275 4404 324 4453 beo
348 4405 467 4454 honorum
486 4407 593 4453 omnium
611 4418 655 4452 su·
742 4405 765 4453 l.
783 4406 824 4454 Sic
841 4411 941 4466 uterque
959 4401 1015 4462 Res.
1034 4407 1059 4448 at
1075 4399 1177 4459 Smer.
1212 4396 1241 4446 ht
1257 4393 1303 4445 dit

59 4481 133 4524 ctare
157 4486 219 4536 qaae
243 4473 348 4535 patinos
371 4472 432 4536 ipsis
449 4470 670 4539 intercedentibus
706 4478 733 4522 et
750 4471 808 4522 editi
826 4467 971 4528 sarincae,
990 4466 1117 4518 mendose.
