<?xml version="1.0" encoding="UTF-8"?>
<!DOCTYPE html PUBLIC "-//W3C//DTD XHTML 1.0 Transitional//EN"
    "http://www.w3.org/TR/xhtml1/DTD/xhtml1-transitional.dtd">
<html xmlns="http://www.w3.org/1999/xhtml" xml:lang="en" lang="en">
 <head>
  <title>
</title>
<meta http-equiv="Content-Type" content="text/html;charset=utf-8" />
  <meta name='ocr-system' content='tesseract 3.04.00' />
  <meta name='ocr-capabilities' content='ocr_page ocr_carea ocr_par ocr_line ocrx_word'/>
</head>
<body>
  <div class='ocr_page' id='page_1' title='image "./sanctiathanasii02athagoog_0933.png"; bbox 0 0 2948 5092; ppageno 0'>
   <div class='ocr_carea' id='block_1_1' title="bbox 459 264 1286 329">
    <p class='ocr_par' dir='ltr' id='par_1_1' title="bbox 459 264 1286 329">
     <span class='ocr_line' id='line_1_1' title="bbox 459 264 1286 329; baseline 0.01 -8"><span class='ocrx_word' id='word_1_1' title='bbox 459 276 605 322; x_wconf 80' lang='lat' dir='ltr'><strong>urrerem</strong></span> <span class='ocrx_word' id='word_1_2' title='bbox 619 278 657 321; x_wconf 78' lang='grc' dir='ltr'><strong>ιν.</strong></span> <span class='ocrx_word' id='word_1_3' title='bbox 673 278 709 320; x_wconf 78' lang='lat' dir='ltr'><strong>un</strong></span> <span class='ocrx_word' id='word_1_4' title='bbox 726 276 921 321; x_wconf 79' lang='lat' dir='ltr'><strong>searorouau.</strong></span> <span class='ocrx_word' id='word_1_5' title='bbox 1224 264 1286 329; x_wconf 76' lang='lat'><strong>813</strong></span> 
     </span>
    </p>
   </div>
   <div class='ocr_carea' id='block_1_2' title="bbox 49 406 1392 4448">
    <p class='ocr_par' dir='ltr' id='par_1_2' title="bbox 49 406 1392 4448">
     <span class='ocr_line' id='line_1_2' title="bbox 63 406 1376 511; baseline -0.002 -16"><span class='ocrx_word' id='word_1_6' title='bbox 63 406 204 497; x_wconf 86' lang='lat' dir='ltr'><strong>hominis</strong></span> <span class='ocrx_word' id='word_1_7' title='bbox 226 431 440 511; x_wconf 87' lang='lat' dir='ltr'><strong>blasphemare,</strong></span> <span class='ocrx_word' id='word_1_8' title='bbox 463 430 490 490; x_wconf 89' lang='lat' dir='ltr'><strong>si</strong></span> <span class='ocrx_word' id='word_1_9' title='bbox 512 429 578 508; x_wconf 81' lang='lat' dir='ltr'><strong>quis</strong></span> <span class='ocrx_word' id='word_1_10' title='bbox 600 447 670 490; x_wconf 80' lang='lat' dir='ltr'><strong>vero</strong></span> <span class='ocrx_word' id='word_1_11' title='bbox 693 427 757 490; x_wconf 89' lang='lat' dir='ltr'><strong>eius</strong></span> <span class='ocrx_word' id='word_1_12' title='bbox 780 447 871 507; x_wconf 89' lang='lat' dir='ltr'><strong>opera</strong></span> <span class='ocrx_word' id='word_1_13' title='bbox 892 429 989 490; x_wconf 86' lang='lat' dir='ltr'><strong>videat</strong></span> <span class='ocrx_word' id='word_1_14' title='bbox 1005 430 1034 491; x_wconf 93' lang='lat' dir='ltr'><strong>in</strong></span> <span class='ocrx_word' id='word_1_15' title='bbox 1051 431 1163 510; x_wconf 78' lang='lat' dir='ltr'>Spiritu</span> <span class='ocrx_word' id='word_1_16' title='bbox 1186 441 1376 496; x_wconf 68' lang='lat' dir='ltr'><strong>sanctonus.</strong></span> 
     </span>
     <span class='ocr_line' id='line_1_3' title="bbox 64 530 1288 613; baseline 0 -17"><span class='ocrx_word' id='word_1_17' title='bbox 64 534 149 597; x_wconf 82' lang='lat' dir='ltr'><strong>loeta</strong></span> <span class='ocrx_word' id='word_1_18' title='bbox 170 534 323 613; x_wconf 87' lang='lat' dir='ltr'><strong>dicatque,</strong></span> <span class='ocrx_word' id='word_1_19' title='bbox 345 551 427 606; x_wconf 88' lang='lat' dir='ltr'><strong>eum,</strong></span> <span class='ocrx_word' id='word_1_20' title='bbox 451 532 500 610; x_wconf 79' lang='lat' dir='ltr'><strong>qui</strong></span> <span class='ocrx_word' id='word_1_21' title='bbox 523 531 590 592; x_wconf 88' lang='lat' dir='ltr'><strong>talia</strong></span> <span class='ocrx_word' id='word_1_22' title='bbox 607 530 718 604; x_wconf 87' lang='lat' dir='ltr'><strong>edidit,</strong></span> <span class='ocrx_word' id='word_1_23' title='bbox 740 548 796 591; x_wconf 89' lang='lat' dir='ltr'><strong>nec</strong></span> <span class='ocrx_word' id='word_1_24' title='bbox 815 531 909 591; x_wconf 83' lang='lat' dir='ltr'><strong>Deum</strong></span> <span class='ocrx_word' id='word_1_25' title='bbox 931 549 999 593; x_wconf 88' lang='lat' dir='ltr'><strong>esse</strong></span> <span class='ocrx_word' id='word_1_26' title='bbox 1021 532 1149 594; x_wconf 82' lang='lat' dir='ltr'><strong>neellel</strong></span> <span class='ocrx_word' id='word_1_27' title='bbox 1171 534 1288 608; x_wconf 83' lang='lat' dir='ltr'><strong>Filium,</strong></span> 
     </span>
     <span class='ocr_line' id='line_1_4' title="bbox 63 631 1298 720; baseline 0 -23"><span class='ocrx_word' id='word_1_28' title='bbox 63 636 127 698; x_wconf 78' lang='lat' dir='ltr'><strong>sed</strong></span> <span class='ocrx_word' id='word_1_29' title='bbox 149 655 183 696; x_wconf 90' lang='lat' dir='ltr'><strong>ea</strong></span> <span class='ocrx_word' id='word_1_30' title='bbox 205 635 368 696; x_wconf 86' lang='lat' dir='ltr'><strong>Beelzebuli</strong></span> <span class='ocrx_word' id='word_1_31' title='bbox 390 634 545 705; x_wconf 80' lang='lat' dir='ltr'><strong>adscribat,</strong></span> <span class='ocrx_word' id='word_1_32' title='bbox 568 632 724 694; x_wconf 87' lang='lat' dir='ltr'><strong>manilesto</strong></span> <span class='ocrx_word' id='word_1_33' title='bbox 746 631 950 711; x_wconf 78' lang='lat' dir='ltr'>blasphemare</span> <span class='ocrx_word' id='word_1_34' title='bbox 971 635 1105 720; x_wconf 78' lang='lat' dir='ltr'><strong>negando</strong></span> <span class='ocrx_word' id='word_1_35' title='bbox 1127 635 1190 697; x_wconf 90' lang='lat' dir='ltr'><strong>eius</strong></span> <span class='ocrx_word' id='word_1_36' title='bbox 1213 637 1298 697; x_wconf 80' lang='lat' dir='ltr'><strong>divi-¹</strong></span> 
     </span>
     <span class='ocr_line' id='line_1_5' title="bbox 65 732 1291 815; baseline 0.002 -16"><span class='ocrx_word' id='word_1_37' title='bbox 65 738 204 800; x_wconf 86' lang='lat' dir='ltr'><strong>nitatem.</strong></span> <span class='ocrx_word' id='word_1_38' title='bbox 249 738 364 799; x_wconf 84' lang='lat' dir='ltr'>Etenim</span> <span class='ocrx_word' id='word_1_39' title='bbox 388 736 416 798; x_wconf 90' lang='lat' dir='ltr'><strong>in</strong></span> <span class='ocrx_word' id='word_1_40' title='bbox 438 732 611 815; x_wconf 81' lang='lat' dir='ltr'><strong>Evangelieo</strong></span> <span class='ocrx_word' id='word_1_41' title='bbox 634 734 722 805; x_wconf 88' lang='lat' dir='ltr'><strong>dieto,</strong></span> <span class='ocrx_word' id='word_1_42' title='bbox 744 736 789 796; x_wconf 90' lang='lat' dir='ltr'><strong>uti</strong></span> <span class='ocrx_word' id='word_1_43' title='bbox 809 753 898 814; x_wconf 83' lang='lat' dir='ltr'><strong>saepe</strong></span> <span class='ocrx_word' id='word_1_44' title='bbox 920 735 1029 798; x_wconf 90' lang='lat' dir='ltr'><strong>dictum</strong></span> <span class='ocrx_word' id='word_1_45' title='bbox 1053 745 1107 810; x_wconf 88' lang='lat' dir='ltr'><strong>est,</strong></span> <span class='ocrx_word' id='word_1_46' title='bbox 1130 739 1291 811; x_wconf 81' lang='lat' dir='ltr'><strong>cumdieit</strong></span> 
     </span>
     <span class='ocr_line' id='line_1_6' title="bbox 63 832 1288 911; baseline 0.002 -10"><span class='ocrx_word' id='word_1_47' title='bbox 63 839 178 901; x_wconf 79' lang='lat' dir='ltr'><strong>Filium</strong></span> <span class='ocrx_word' id='word_1_48' title='bbox 200 832 341 910; x_wconf 89' lang='lat' dir='ltr'><strong>hominis,</strong></span> <span class='ocrx_word' id='word_1_49' title='bbox 356 839 507 900; x_wconf 84' lang='lat' dir='ltr'><strong>carnalem</strong></span> <span class='ocrx_word' id='word_1_50' title='bbox 521 846 560 899; x_wconf 84' lang='lat' dir='ltr'><strong>et</strong></span> <span class='ocrx_word' id='word_1_51' title='bbox 581 838 736 899; x_wconf 83' lang='lat' dir='ltr'><strong>humanam</strong></span> <span class='ocrx_word' id='word_1_52' title='bbox 760 855 842 898; x_wconf 90' lang='lat' dir='ltr'><strong>suam</strong></span> <span class='ocrx_word' id='word_1_53' title='bbox 866 847 998 899; x_wconf 89' lang='lat' dir='ltr'><strong>naturam</strong></span> <span class='ocrx_word' id='word_1_54' title='bbox 1021 839 1145 911; x_wconf 89' lang='lat' dir='ltr'><strong>indicat,</strong></span> <span class='ocrx_word' id='word_1_55' title='bbox 1168 848 1201 901; x_wconf 93' lang='lat' dir='ltr'><strong>ut</strong></span> <span class='ocrx_word' id='word_1_56' title='bbox 1222 852 1288 905; x_wconf 86' lang='lat' dir='ltr'><strong>eum</strong></span> 
     </span>
     <span class='ocr_line' id='line_1_7' title="bbox 65 939 1289 1021; baseline 0.002 -19"><span class='ocrx_word' id='word_1_57' title='bbox 65 940 215 1021; x_wconf 88' lang='lat' dir='ltr'><strong>Spiritum</strong></span> <span class='ocrx_word' id='word_1_58' title='bbox 238 942 323 1013; x_wconf 90' lang='lat' dir='ltr'><strong>dicit,</strong></span> <span class='ocrx_word' id='word_1_59' title='bbox 351 941 478 1002; x_wconf 80' lang='lat' dir='ltr'><strong>declaret</strong></span> <span class='ocrx_word' id='word_1_60' title='bbox 500 957 586 1001; x_wconf 90' lang='lat' dir='ltr'><strong>suum</strong></span> <span class='ocrx_word' id='word_1_61' title='bbox 609 958 677 1001; x_wconf 85' lang='lat' dir='ltr'><strong>esse</strong></span> <span class='ocrx_word' id='word_1_62' title='bbox 699 948 831 1001; x_wconf 86' lang='lat' dir='ltr'><strong>sanctum</strong></span> <span class='ocrx_word' id='word_1_63' title='bbox 854 939 1012 1018; x_wconf 89' lang='lat' dir='ltr'><strong>Spiritum,</strong></span> <span class='ocrx_word' id='word_1_64' title='bbox 1041 941 1072 1001; x_wconf 92' lang='lat' dir='ltr'><strong>in</strong></span> <span class='ocrx_word' id='word_1_65' title='bbox 1100 959 1159 1020; x_wconf 84' lang='lat' dir='ltr'><strong>qno</strong></span> <span class='ocrx_word' id='word_1_66' title='bbox 1190 944 1289 1006; x_wconf 83' lang='lat' dir='ltr'><strong>omnia</strong></span> 
     </span>
     <span class='ocr_line' id='line_1_8' title="bbox 64 1035 1287 1124; baseline 0.003 -20"><span class='ocrx_word' id='word_1_67' title='bbox 64 1042 257 1122; x_wconf 78' lang='lat' dir='ltr'><strong>operabatur.</strong></span> <span class='ocrx_word' id='word_1_68' title='bbox 309 1042 391 1103; x_wconf 86' lang='lat' dir='ltr'><strong>Unde</strong></span> <span class='ocrx_word' id='word_1_69' title='bbox 413 1061 478 1103; x_wconf 91' lang='lat' dir='ltr'><strong>eum</strong></span> <span class='ocrx_word' id='word_1_70' title='bbox 503 1055 593 1120; x_wconf 88' lang='lat' dir='ltr'><strong>opera</strong></span> <span class='ocrx_word' id='word_1_71' title='bbox 615 1040 731 1113; x_wconf 87' lang='lat' dir='ltr'><strong>ederet,</strong></span> <span class='ocrx_word' id='word_1_72' title='bbox 761 1035 870 1102; x_wconf 85' lang='lat' dir='ltr'><strong>aiebat:</strong></span> <span class='ocrx_word' id='word_1_73' title='bbox 900 1042 937 1103; x_wconf 89' lang='lat' dir='ltr'><strong>Si</strong></span> <span class='ocrx_word' id='word_1_74' title='bbox 961 1043 1037 1104; x_wconf 81' lang='lat' dir='ltr'><strong>milti</strong></span> <span class='ocrx_word' id='word_1_75' title='bbox 1063 1062 1126 1105; x_wconf 81' lang='lat' dir='ltr'><strong>aon</strong></span> <span class='ocrx_word' id='word_1_76' title='bbox 1155 1047 1287 1124; x_wconf 83' lang='lat' dir='ltr'><strong>creditis,</strong></span> 
     </span>
     <span class='ocr_line' id='line_1_9' title="bbox 63 1129 1288 1224; baseline 0.002 -17"><span class='ocrx_word' id='word_1_77' title='bbox 63 1144 177 1207; x_wconf 69' lang='lat' dir='ltr'><strong>saltem</strong></span> <span class='ocrx_word' id='word_1_78' title='bbox 200 1144 341 1224; x_wconf 77' lang='lat' dir='ltr'><strong>operibus</strong></span> <span class='ocrx_word' id='word_1_79' title='bbox 362 1147 434 1205; x_wconf 83' lang='lat' dir='ltr'><strong>meis</strong></span> <span class='ocrx_word' id='word_1_80' title='bbox 457 1144 584 1216; x_wconf 65' lang='lat' dir='ltr'><strong>crealiter</strong></span> <span class='ocrx_word' id='word_1_81' title='bbox 607 1129 643 1204; x_wconf 76' lang='lat' dir='ltr'><strong>alt</strong></span> <span class='ocrx_word' id='word_1_82' title='bbox 664 1146 849 1223; x_wconf 73' lang='lat' dir='ltr'><strong>cophoscutia</strong></span> <span class='ocrx_word' id='word_1_83' title='bbox 871 1147 941 1223; x_wconf 81' lang='lat' dir='ltr'><strong>quio</strong></span> <span class='ocrx_word' id='word_1_84' title='bbox 962 1162 1013 1223; x_wconf 77' lang='lat' dir='ltr'><strong>epo</strong></span> <span class='ocrx_word' id='word_1_85' title='bbox 1030 1148 1063 1206; x_wconf 83' lang='lat' dir='ltr'><strong>in</strong></span> <span class='ocrx_word' id='word_1_86' title='bbox 1078 1144 1170 1208; x_wconf 85' lang='lat' dir='ltr'><strong>Putre</strong></span> <span class='ocrx_word' id='word_1_87' title='bbox 1185 1158 1212 1209; x_wconf 86' lang='lat' dir='ltr'><strong>et</strong></span> <span class='ocrx_word' id='word_1_88' title='bbox 1227 1148 1288 1209; x_wconf 86' lang='lat' dir='ltr'><strong>Pu-</strong></span> 
     </span>
     <span class='ocr_line' id='line_1_10' title="bbox 64 1239 1374 1324; baseline 0.002 -16"><span class='ocrx_word' id='word_1_89' title='bbox 64 1255 119 1308; x_wconf 75' lang='lat' dir='ltr'><strong>ter</strong></span> <span class='ocrx_word' id='word_1_90' title='bbox 140 1251 173 1307; x_wconf 81' lang='lat' dir='ltr'><strong>in</strong></span> <span class='ocrx_word' id='word_1_91' title='bbox 193 1264 248 1306; x_wconf 88' lang='lat' dir='ltr'><strong>me.</strong></span> <span class='ocrx_word' id='word_1_92' title='bbox 293 1245 364 1305; x_wconf 86' lang='lat' dir='ltr'><strong>Cum</strong></span> <span class='ocrx_word' id='word_1_93' title='bbox 386 1253 484 1307; x_wconf 92' lang='lat' dir='ltr'><strong>autem</strong></span> <span class='ocrx_word' id='word_1_94' title='bbox 507 1245 604 1323; x_wconf 81' lang='lat' dir='ltr'><strong>seipse</strong></span> <span class='ocrx_word' id='word_1_95' title='bbox 625 1261 680 1324; x_wconf 85' lang='lat' dir='ltr'><strong>pro</strong></span> <span class='ocrx_word' id='word_1_96' title='bbox 702 1244 790 1304; x_wconf 88' lang='lat' dir='ltr'><strong>nobis</strong></span> <span class='ocrx_word' id='word_1_97' title='bbox 813 1245 1005 1324; x_wconf 85' lang='lat' dir='ltr'><strong>corporaliter</strong></span> <span class='ocrx_word' id='word_1_98' title='bbox 1026 1239 1186 1309; x_wconf 83' lang='lat' dir='ltr'><strong>oblaturus</strong></span> <span class='ocrx_word' id='word_1_99' title='bbox 1196 1258 1285 1323; x_wconf 89' lang='lat' dir='ltr'><strong>esset,</strong></span> <span class='ocrx_word' id='word_1_100' title='bbox 1371 1288 1374 1293; x_wconf 90' lang='lat'>-</span> 
     </span>
     <span class='ocr_line' id='line_1_11' title="bbox 65 1342 1286 1426; baseline 0.005 -19"><span class='ocrx_word' id='word_1_101' title='bbox 65 1347 188 1426; x_wconf 84' lang='lat' dir='ltr'><strong>qnando</strong></span> <span class='ocrx_word' id='word_1_102' title='bbox 212 1364 245 1406; x_wconf 91' lang='lat' dir='ltr'><strong>ea</strong></span> <span class='ocrx_word' id='word_1_103' title='bbox 267 1346 304 1407; x_wconf 88' lang='lat' dir='ltr'><strong>de</strong></span> <span class='ocrx_word' id='word_1_104' title='bbox 326 1365 412 1407; x_wconf 89' lang='lat' dir='ltr'><strong>causa</strong></span> <span class='ocrx_word' id='word_1_105' title='bbox 429 1346 561 1407; x_wconf 88' lang='lat' dir='ltr'><strong>ascendit</strong></span> <span class='ocrx_word' id='word_1_106' title='bbox 576 1345 795 1426; x_wconf 82' lang='lat' dir='ltr'><strong>lerosolymam,</strong></span> <span class='ocrx_word' id='word_1_107' title='bbox 817 1342 973 1426; x_wconf 85' lang='lat' dir='ltr'><strong>Discipu&#39;lls</strong></span> <span class='ocrx_word' id='word_1_108' title='bbox 989 1348 1052 1409; x_wconf 86' lang='lat' dir='ltr'><strong>suis</strong></span> <span class='ocrx_word' id='word_1_109' title='bbox 1068 1349 1179 1410; x_wconf 90' lang='lat' dir='ltr'><strong>aiebat:</strong></span> <span class='ocrx_word' id='word_1_110' title='bbox 1201 1352 1286 1413; x_wconf 85' lang='lat' dir='ltr'><strong>Dor-</strong></span> 
     </span>
     <span class='ocr_line' id='line_1_12' title="bbox 61 1449 1286 1529; baseline 0.004 -20"><span class='ocrx_word' id='word_1_111' title='bbox 61 1451 218 1510; x_wconf 67' lang='lat' dir='ltr'><strong>mire-ium</strong></span> <span class='ocrx_word' id='word_1_112' title='bbox 241 1459 269 1510; x_wconf 84' lang='lat' dir='ltr'><strong>et</strong></span> <span class='ocrx_word' id='word_1_113' title='bbox 290 1451 481 1528; x_wconf 77' lang='lat' dir='ltr'><strong>requiescite5</strong></span> <span class='ocrx_word' id='word_1_114' title='bbox 504 1462 567 1509; x_wconf 83' lang='lat' dir='ltr'><strong>eece</strong></span> <span class='ocrx_word' id='word_1_115' title='bbox 589 1452 666 1509; x_wconf 79' lang='lat' dir='ltr'><strong>enim</strong></span> <span class='ocrx_word' id='word_1_116' title='bbox 688 1452 944 1529; x_wconf 82' lang='lat' dir='ltr'><strong>appropinquavit</strong></span> <span class='ocrx_word' id='word_1_117' title='bbox 966 1449 1051 1526; x_wconf 83' lang='lat' dir='ltr'><strong>bore,</strong></span> <span class='ocrx_word' id='word_1_118' title='bbox 1075 1463 1103 1512; x_wconf 84' lang='lat' dir='ltr'><strong>et</strong></span> <span class='ocrx_word' id='word_1_119' title='bbox 1118 1451 1213 1513; x_wconf 86' lang='lat' dir='ltr'><strong>Filius</strong></span> <span class='ocrx_word' id='word_1_120' title='bbox 1230 1453 1286 1514; x_wconf 88' lang='lat' dir='ltr'><strong>ho-</strong></span> 
     </span>
     <span class='ocr_line' id='line_1_13' title="bbox 58 1548 1284 1630; baseline 0.004 -20"><span class='ocrx_word' id='word_1_121' title='bbox 58 1552 157 1610; x_wconf 73' lang='lat' dir='ltr'><strong>mitit</strong></span> <span class='ocrx_word' id='word_1_122' title='bbox 186 1551 326 1612; x_wconf 83' lang='lat' dir='ltr'><strong>trudetur</strong></span> <span class='ocrx_word' id='word_1_123' title='bbox 353 1553 385 1611; x_wconf 84' lang='lat' dir='ltr'><strong>in</strong></span> <span class='ocrx_word' id='word_1_124' title='bbox 413 1568 520 1611; x_wconf 77' lang='lat' dir='ltr'><strong>munita</strong></span> <span class='ocrx_word' id='word_1_125' title='bbox 539 1560 741 1629; x_wconf 82' lang='lat' dir='ltr'><strong>peccatorum.</strong></span> <span class='ocrx_word' id='word_1_126' title='bbox 786 1548 857 1610; x_wconf 84' lang='lat' dir='ltr'><strong>Nam</strong></span> <span class='ocrx_word' id='word_1_127' title='bbox 886 1569 976 1630; x_wconf 90' lang='lat' dir='ltr'><strong>opera</strong></span> <span class='ocrx_word' id='word_1_128' title='bbox 1003 1551 1121 1629; x_wconf 87' lang='lat' dir='ltr'><strong>quidem</strong></span> <span class='ocrx_word' id='word_1_129' title='bbox 1150 1554 1284 1627; x_wconf 81' lang='lat' dir='ltr'><strong>effecere,</strong></span> 
     </span>
     <span class='ocr_line' id='line_1_14' title="bbox 59 1651 1284 1732; baseline 0.004 -20"><span class='ocrx_word' id='word_1_130' title='bbox 59 1658 99 1712; x_wconf 88' lang='lat' dir='ltr'><strong>nl</strong></span> <span class='ocrx_word' id='word_1_131' title='bbox 120 1668 208 1711; x_wconf 81' lang='lat' dir='ltr'><strong>verus</strong></span> <span class='ocrx_word' id='word_1_132' title='bbox 230 1651 309 1712; x_wconf 85' lang='lat' dir='ltr'><strong>Deus</strong></span> <span class='ocrx_word' id='word_1_133' title='bbox 332 1651 518 1723; x_wconf 88' lang='lat' dir='ltr'><strong>crederetur,</strong></span> <span class='ocrx_word' id='word_1_134' title='bbox 546 1670 627 1712; x_wconf 89' lang='lat' dir='ltr'><strong>mors</strong></span> <span class='ocrx_word' id='word_1_135' title='bbox 649 1660 746 1712; x_wconf 90' lang='lat' dir='ltr'><strong>autem</strong></span> <span class='ocrx_word' id='word_1_136' title='bbox 770 1651 834 1712; x_wconf 90' lang='lat' dir='ltr'><strong>eius</strong></span> <span class='ocrx_word' id='word_1_137' title='bbox 856 1652 950 1732; x_wconf 89' lang='lat' dir='ltr'><strong>palam</strong></span> <span class='ocrx_word' id='word_1_138' title='bbox 974 1655 1057 1722; x_wconf 89' lang='lat' dir='ltr'><strong>lecit,</strong></span> <span class='ocrx_word' id='word_1_139' title='bbox 1087 1673 1153 1716; x_wconf 90' lang='lat' dir='ltr'><strong>eum</strong></span> <span class='ocrx_word' id='word_1_140' title='bbox 1180 1674 1284 1717; x_wconf 82' lang='lat' dir='ltr'><strong>revera</strong></span> 
     </span>
     <span class='ocr_line' id='line_1_15' title="bbox 59 1752 1284 1836; baseline 0.002 -22"><span class='ocrx_word' id='word_1_141' title='bbox 59 1768 178 1830; x_wconf 76' lang='lat' dir='ltr'><strong>eorpus</strong></span> <span class='ocrx_word' id='word_1_142' title='bbox 200 1752 324 1822; x_wconf 88' lang='lat' dir='ltr'><strong>habere,</strong></span> <span class='ocrx_word' id='word_1_143' title='bbox 354 1755 480 1832; x_wconf 89' lang='lat' dir='ltr'><strong>ideoque</strong></span> <span class='ocrx_word' id='word_1_144' title='bbox 497 1753 573 1821; x_wconf 85' lang='lat' dir='ltr'><strong>¹iure</strong></span> <span class='ocrx_word' id='word_1_145' title='bbox 595 1753 701 1814; x_wconf 83' lang='lat' dir='ltr'><strong>Filium</strong></span> <span class='ocrx_word' id='word_1_146' title='bbox 729 1753 858 1814; x_wconf 89' lang='lat' dir='ltr'><strong>hominis</strong></span> <span class='ocrx_word' id='word_1_147' title='bbox 886 1754 1001 1817; x_wconf 91' lang='lat' dir='ltr'><strong>dicebat</strong></span> <span class='ocrx_word' id='word_1_148' title='bbox 1029 1775 1097 1816; x_wconf 91' lang='lat' dir='ltr'><strong>eum</strong></span> <span class='ocrx_word' id='word_1_149' title='bbox 1120 1774 1204 1825; x_wconf 87' lang='lat' dir='ltr'><strong>esse,</strong></span> <span class='ocrx_word' id='word_1_150' title='bbox 1233 1757 1284 1836; x_wconf 91' lang='lat' dir='ltr'><strong>qui</strong></span> 
     </span>
     <span class='ocr_line' id='line_1_16' title="bbox 56 1854 1283 1935; baseline 0.002 -18"><span class='ocrx_word' id='word_1_151' title='bbox 56 1854 245 1917; x_wconf 79' lang='lat' dir='ltr'><strong>tradebatur.</strong></span> <span class='ocrx_word' id='word_1_152' title='bbox 289 1856 416 1916; x_wconf 86' lang='lat' dir='ltr'><strong>Verbum</strong></span> <span class='ocrx_word' id='word_1_153' title='bbox 440 1855 517 1915; x_wconf 90' lang='lat' dir='ltr'><strong>enim</strong></span> <span class='ocrx_word' id='word_1_154' title='bbox 540 1854 705 1916; x_wconf 89' lang='lat' dir='ltr'><strong>immortale</strong></span> <span class='ocrx_word' id='word_1_155' title='bbox 724 1864 753 1915; x_wconf 92' lang='lat' dir='ltr'><strong>et</strong></span> <span class='ocrx_word' id='word_1_156' title='bbox 775 1855 902 1917; x_wconf 89' lang='lat' dir='ltr'><strong>intactile</strong></span> <span class='ocrx_word' id='word_1_157' title='bbox 924 1864 954 1917; x_wconf 90' lang='lat' dir='ltr'><strong>et</strong></span> <span class='ocrx_word' id='word_1_158' title='bbox 973 1856 1124 1935; x_wconf 86' lang='lat' dir='ltr'><strong>ipsissima</strong></span> <span class='ocrx_word' id='word_1_159' title='bbox 1146 1858 1204 1918; x_wconf 92' lang='lat' dir='ltr'><strong>vita</strong></span> <span class='ocrx_word' id='word_1_160' title='bbox 1226 1867 1283 1920; x_wconf 90' lang='lat' dir='ltr'><strong>est.</strong></span> 
     </span>
     <span class='ocr_line' id='line_1_17' title="bbox 57 1955 1283 2038; baseline 0.004 -22"><span class='ocrx_word' id='word_1_161' title='bbox 57 1955 173 2016; x_wconf 81' lang='lat' dir='ltr'><strong>Verum</strong></span> <span class='ocrx_word' id='word_1_162' title='bbox 196 1975 251 2018; x_wconf 91' lang='lat' dir='ltr'><strong>nec</strong></span> <span class='ocrx_word' id='word_1_163' title='bbox 272 1957 309 2017; x_wconf 90' lang='lat' dir='ltr'><strong>iis</strong></span> <span class='ocrx_word' id='word_1_164' title='bbox 331 1957 480 2019; x_wconf 88' lang='lat' dir='ltr'><strong>Pharisaei</strong></span> <span class='ocrx_word' id='word_1_165' title='bbox 503 1957 670 2031; x_wconf 90' lang='lat' dir='ltr'><strong>credebant,</strong></span> <span class='ocrx_word' id='word_1_166' title='bbox 692 1974 788 2036; x_wconf 83' lang='lat' dir='ltr'><strong>neque</strong></span> <span class='ocrx_word' id='word_1_167' title='bbox 809 1957 946 2018; x_wconf 79' lang='lat' dir='ltr'><strong>volebant</strong></span> <span class='ocrx_word' id='word_1_168' title='bbox 967 1959 1032 2038; x_wconf 91' lang='lat' dir='ltr'><strong>ipsa</strong></span> <span class='ocrx_word' id='word_1_169' title='bbox 1053 1959 1181 2020; x_wconf 89' lang='lat' dir='ltr'><strong>liliorum</strong></span> <span class='ocrx_word' id='word_1_170' title='bbox 1199 1966 1283 2021; x_wconf 87' lang='lat' dir='ltr'><strong>&#39;suo-</strong></span> 
     </span>
     <span class='ocr_line' id='line_1_18' title="bbox 55 2042 1317 2151; baseline 0.004 -32"><span class='ocrx_word' id='word_1_171' title='bbox 55 2042 132 2119; x_wconf 80' lang='lat' dir='ltr'><strong>rum</strong></span> <span class='ocrx_word' id='word_1_172' title='bbox 154 2076 244 2137; x_wconf 88' lang='lat' dir='ltr'><strong>opera</strong></span> <span class='ocrx_word' id='word_1_173' title='bbox 266 2058 382 2130; x_wconf 81' lang='lat' dir='ltr'><strong>videre3</strong></span> <span class='ocrx_word' id='word_1_174' title='bbox 410 2069 589 2138; x_wconf 87' lang='lat' dir='ltr'><strong>quapropter</strong></span> <span class='ocrx_word' id='word_1_175' title='bbox 617 2078 670 2120; x_wconf 87' lang='lat' dir='ltr'><strong>eos</strong></span> <span class='ocrx_word' id='word_1_176' title='bbox 698 2077 818 2120; x_wconf 90' lang='lat' dir='ltr'><strong>rursum</strong></span> <span class='ocrx_word' id='word_1_177' title='bbox 845 2059 952 2120; x_wconf 89' lang='lat' dir='ltr'><strong>leniter</strong></span> <span class='ocrx_word' id='word_1_178' title='bbox 979 2062 1118 2139; x_wconf 49' lang='lat' dir='ltr'><strong>coarguit*</strong></span> <span class='ocrx_word' id='word_1_179' title='bbox 1139 2061 1283 2124; x_wconf 85' lang='lat' dir='ltr'><strong>Dominus</strong></span> <span class='ocrx_word' id='word_1_180' title='bbox 1312 2141 1317 2151; x_wconf 33' lang='grc' dir='ltr'><strong><em>Ι</em></strong></span> 
     </span>
     <span class='ocr_line' id='line_1_19' title="bbox 57 2153 1284 2243; baseline 0.004 -22"><span class='ocrx_word' id='word_1_181' title='bbox 57 2158 111 2221; x_wconf 89' lang='lat' dir='ltr'><strong>his</strong></span> <span class='ocrx_word' id='word_1_182' title='bbox 135 2159 248 2219; x_wconf 86' lang='lat' dir='ltr'><strong>verbis:</strong></span> <span class='ocrx_word' id='word_1_183' title='bbox 273 2153 312 2221; x_wconf 83' lang='lat' dir='ltr'><strong>Si¹</strong></span> <span class='ocrx_word' id='word_1_184' title='bbox 328 2180 378 2241; x_wconf 79' lang='lat' dir='ltr'><strong>epo</strong></span> <span class='ocrx_word' id='word_1_185' title='bbox 402 2161 659 2241; x_wconf 73' lang='lat' dir='ltr'><strong>inlieelzebulcm</strong></span> <span class='ocrx_word' id='word_1_186' title='bbox 681 2165 766 2223; x_wconf 85' lang='lat' dir='ltr'><strong>eiicio</strong></span> <span class='ocrx_word' id='word_1_187' title='bbox 789 2163 960 2235; x_wconf 75' lang='lat' dir='ltr'><strong>doemonio,</strong></span> <span class='ocrx_word' id='word_1_188' title='bbox 983 2162 1056 2223; x_wconf 86' lang='lat' dir='ltr'><strong>Filii</strong></span> <span class='ocrx_word' id='word_1_189' title='bbox 1069 2168 1211 2225; x_wconf 84' lang='lat' dir='ltr'><strong>oestriin</strong></span> <span class='ocrx_word' id='word_1_190' title='bbox 1227 2182 1284 2243; x_wconf 80' lang='lat' dir='ltr'><strong>quo</strong></span> 
     </span>
     <span class='ocr_line' id='line_1_20' title="bbox 57 2260 1392 2343; baseline 0.001 -19"><span class='ocrx_word' id='word_1_191' title='bbox 57 2260 213 2324; x_wconf 73' lang='lat' dir='ltr'><strong>eiiciuut?</strong></span> <span class='ocrx_word' id='word_1_192' title='bbox 257 2261 326 2324; x_wconf 87' lang='lat' dir='ltr'><strong>ldeo</strong></span> <span class='ocrx_word' id='word_1_193' title='bbox 354 2267 415 2342; x_wconf 84' lang='lat' dir='ltr'><strong>i&#39;pai</strong></span> <span class='ocrx_word' id='word_1_194' title='bbox 441 2264 551 2323; x_wconf 86' lang='lat' dir='ltr'><strong>iudices</strong></span> <span class='ocrx_word' id='word_1_195' title='bbox 583 2266 681 2324; x_wconf 84' lang='lat' dir='ltr'><strong>vestri</strong></span> <span class='ocrx_word' id='word_1_196' title='bbox 706 2274 808 2324; x_wconf 81' lang='lat' dir='ltr'><strong>erunt.</strong></span> <span class='ocrx_word' id='word_1_197' title='bbox 852 2261 953 2324; x_wconf 83' lang='lat' dir='ltr'><strong>Porro</strong></span> <span class='ocrx_word' id='word_1_198' title='bbox 983 2268 1011 2324; x_wconf 82' lang='lat' dir='ltr'><strong>ai</strong></span> <span class='ocrx_word' id='word_1_199' title='bbox 1030 2268 1064 2324; x_wconf 80' lang='lat' dir='ltr'><strong>in</strong></span> <span class='ocrx_word' id='word_1_200' title='bbox 1086 2263 1205 2343; x_wconf 78' lang='lat' dir='ltr'><strong>Spiritu</strong></span> <span class='ocrx_word' id='word_1_201' title='bbox 1228 2264 1288 2326; x_wconf 84' lang='lat' dir='ltr'><strong>Dei</strong></span> <span class='ocrx_word' id='word_1_202' title='bbox 1390 2308 1392 2312; x_wconf 88' lang='lat'><em>-</em></span> 
     </span>
     <span class='ocr_line' id='line_1_21' title="bbox 58 2364 1284 2445; baseline 0 -19"><span class='ocrx_word' id='word_1_203' title='bbox 58 2366 149 2426; x_wconf 81' lang='lat' dir='ltr'><strong>eiicio</strong></span> <span class='ocrx_word' id='word_1_204' title='bbox 173 2364 341 2435; x_wconf 86' lang='lat' dir='ltr'><strong>doemonio,</strong></span> <span class='ocrx_word' id='word_1_205' title='bbox 369 2366 510 2445; x_wconf 69' lang='lat' dir='ltr'><strong>profecto</strong></span> <span class='ocrx_word' id='word_1_206' title='bbox 536 2366 678 2442; x_wconf 82' lang='lat' dir='ltr'><strong>pervenit</strong></span> <span class='ocrx_word' id='word_1_207' title='bbox 704 2367 736 2424; x_wconf 87' lang='lat' dir='ltr'><strong>in</strong></span> <span class='ocrx_word' id='word_1_208' title='bbox 763 2381 817 2424; x_wconf 82' lang='lat' dir='ltr'><strong>vos</strong></span> <span class='ocrx_word' id='word_1_209' title='bbox 847 2382 972 2441; x_wconf 72' lang='lat' dir='ltr'><strong>reorum</strong></span> <span class='ocrx_word' id='word_1_210' title='bbox 998 2365 1064 2426; x_wconf 86' lang='lat' dir='ltr'><strong>Dei.</strong></span> <span class='ocrx_word' id='word_1_211' title='bbox 1109 2366 1165 2426; x_wconf 85' lang='lat' dir='ltr'><strong>llic</strong></span> <span class='ocrx_word' id='word_1_212' title='bbox 1186 2374 1284 2426; x_wconf 91' lang='lat' dir='ltr'><strong>autem</strong></span> 
     </span>
     <span class='ocr_line' id='line_1_22' title="bbox 57 2463 1283 2545; baseline 0.002 -21"><span class='ocrx_word' id='word_1_213' title='bbox 57 2463 137 2525; x_wconf 83' lang='lat' dir='ltr'><strong>dixit</strong></span> <span class='ocrx_word' id='word_1_214' title='bbox 158 2470 190 2525; x_wconf 82' lang='lat' dir='ltr'><strong>in</strong></span> <span class='ocrx_word' id='word_1_215' title='bbox 213 2464 331 2545; x_wconf 80' lang='lat' dir='ltr'><strong>Spiritu</strong></span> <span class='ocrx_word' id='word_1_216' title='bbox 354 2466 426 2541; x_wconf 87' lang='lat' dir='ltr'><strong>D&#39;ei,</strong></span> <span class='ocrx_word' id='word_1_217' title='bbox 455 2484 515 2525; x_wconf 92' lang='lat' dir='ltr'><strong>non</strong></span> <span class='ocrx_word' id='word_1_218' title='bbox 545 2464 623 2544; x_wconf 87' lang='lat' dir='ltr'><strong>quod</strong></span> <span class='ocrx_word' id='word_1_219' title='bbox 651 2464 749 2526; x_wconf 91' lang='lat' dir='ltr'><strong>minor</strong></span> <span class='ocrx_word' id='word_1_220' title='bbox 777 2474 857 2526; x_wconf 90' lang='lat' dir='ltr'><strong>esset</strong></span> <span class='ocrx_word' id='word_1_221' title='bbox 878 2466 944 2545; x_wconf 90' lang='lat' dir='ltr'><strong>ipse</strong></span> <span class='ocrx_word' id='word_1_222' title='bbox 966 2464 1092 2544; x_wconf 85' lang='lat' dir='ltr'><strong>Spiritu,</strong></span> <span class='ocrx_word' id='word_1_223' title='bbox 1121 2486 1177 2527; x_wconf 89' lang='lat' dir='ltr'><strong>nec</strong></span> <span class='ocrx_word' id='word_1_224' title='bbox 1199 2467 1283 2545; x_wconf 88' lang='lat' dir='ltr'><strong>quasi</strong></span> 
     </span>
     <span class='ocr_line' id='line_1_23' title="bbox 57 2564 1284 2646; baseline 0.003 -21"><span class='ocrx_word' id='word_1_225' title='bbox 57 2564 246 2645; x_wconf 84' lang='lat' dir='ltr'><strong>Spiritus&#39;ea</strong></span> <span class='ocrx_word' id='word_1_226' title='bbox 269 2567 298 2627; x_wconf 93' lang='lat' dir='ltr'><strong>in</strong></span> <span class='ocrx_word' id='word_1_227' title='bbox 322 2586 355 2628; x_wconf 93' lang='lat' dir='ltr'><strong>se</strong></span> <span class='ocrx_word' id='word_1_228' title='bbox 377 2575 567 2646; x_wconf 83' lang='lat' dir='ltr'><strong>operaretur,</strong></span> <span class='ocrx_word' id='word_1_229' title='bbox 591 2566 644 2627; x_wconf 90' lang='lat' dir='ltr'><strong>sed</strong></span> <span class='ocrx_word' id='word_1_230' title='bbox 665 2575 698 2628; x_wconf 93' lang='lat' dir='ltr'><strong>ut</strong></span> <span class='ocrx_word' id='word_1_231' title='bbox 718 2584 841 2627; x_wconf 90' lang='lat' dir='ltr'><strong>rursum.</strong></span> <span class='ocrx_word' id='word_1_232' title='bbox 859 2566 1035 2639; x_wconf 85' lang='lat' dir='ltr'><strong>declararet,</strong></span> <span class='ocrx_word' id='word_1_233' title='bbox 1059 2586 1109 2634; x_wconf 81' lang='lat' dir='ltr'><strong>se.</strong></span> <span class='ocrx_word' id='word_1_234' title='bbox 1143 2586 1208 2628; x_wconf 89' lang='lat' dir='ltr'><strong>curn</strong></span> <span class='ocrx_word' id='word_1_235' title='bbox 1232 2567 1284 2629; x_wconf 83' lang='lat' dir='ltr'><strong>llei</strong></span> 
     </span>
     <span class='ocr_line' id='line_1_24' title="bbox 55 2665 1282 2755; baseline 0.003 -29"><span class='ocrx_word' id='word_1_236' title='bbox 55 2665 191 2728; x_wconf 84' lang='lat' dir='ltr'><strong>Verbum</strong></span> <span class='ocrx_word' id='word_1_237' title='bbox 213 2677 304 2741; x_wconf 90' lang='lat' dir='ltr'><strong>esset,</strong></span> <span class='ocrx_word' id='word_1_238' title='bbox 324 2688 382 2748; x_wconf 87' lang='lat' dir='ltr'><strong>per</strong></span> <span class='ocrx_word' id='word_1_239' title='bbox 404 2669 545 2747; x_wconf 88' lang='lat' dir='ltr'><strong>Spirltum</strong></span> <span class='ocrx_word' id='word_1_240' title='bbox 569 2669 668 2729; x_wconf 89' lang='lat' dir='ltr'><strong>omnia</strong></span> <span class='ocrx_word' id='word_1_241' title='bbox 681 2667 822 2755; x_wconf 84' lang='lat' dir='ltr'><strong>operari,</strong></span> <span class='ocrx_word' id='word_1_242' title='bbox 847 2668 1055 2747; x_wconf 85' lang='lat' dir='ltr'><strong>auditoresque</strong></span> <span class='ocrx_word' id='word_1_243' title='bbox 1078 2669 1213 2741; x_wconf 87' lang='lat' dir='ltr'><strong>doceret,</strong></span> <span class='ocrx_word' id='word_1_244' title='bbox 1239 2687 1282 2742; x_wconf 91' lang='lat' dir='ltr'><strong>se,</strong></span> 
     </span>
     <span class='ocr_line' id='line_1_25' title="bbox 55 2768 1284 2854; baseline 0.002 -24"><span class='ocrx_word' id='word_1_245' title='bbox 55 2786 128 2830; x_wconf 81' lang='lat' dir='ltr'><strong>etam</strong></span> <span class='ocrx_word' id='word_1_246' title='bbox 151 2768 280 2847; x_wconf 86' lang='lat' dir='ltr'><strong>Spiritus</strong></span> <span class='ocrx_word' id='word_1_247' title='bbox 303 2789 392 2849; x_wconf 88' lang='lat' dir='ltr'><strong>opera</strong></span> <span class='ocrx_word' id='word_1_248' title='bbox 413 2770 578 2854; x_wconf 84' lang='lat' dir='ltr'><strong>Beelzebuli</strong></span> <span class='ocrx_word' id='word_1_249' title='bbox 600 2769 811 2843; x_wconf 85' lang='lat' dir='ltr'><strong>adscriberent,</strong></span> <span class='ocrx_word' id='word_1_250' title='bbox 834 2771 864 2830; x_wconf 94' lang='lat' dir='ltr'><strong>in</strong></span> <span class='ocrx_word' id='word_1_251' title='bbox 887 2790 921 2831; x_wconf 90' lang='lat' dir='ltr'><strong>ea</strong></span> <span class='ocrx_word' id='word_1_252' title='bbox 945 2780 1116 2849; x_wconf 85' lang='lat' dir='ltr'><strong>operantem</strong></span> <span class='ocrx_word' id='word_1_253' title='bbox 1139 2772 1284 2851; x_wconf 85' lang='lat' dir='ltr'><strong>Spiritum</strong></span> 
     </span>
     <span class='ocr_line' id='line_1_26' title="bbox 55 2869 1284 2952; baseline 0.003 -22"><span class='ocrx_word' id='word_1_254' title='bbox 55 2869 276 2949; x_wconf 84' lang='lat' dir='ltr'><strong>blasphemare.</strong></span> <span class='ocrx_word' id='word_1_255' title='bbox 320 2873 437 2933; x_wconf 87' lang='lat' dir='ltr'><strong>Etenim</strong></span> <span class='ocrx_word' id='word_1_256' title='bbox 459 2873 533 2933; x_wconf 88' lang='lat' dir='ltr'><strong>haee</strong></span> <span class='ocrx_word' id='word_1_257' title='bbox 554 2891 619 2933; x_wconf 91' lang='lat' dir='ltr'><strong>cum</strong></span> <span class='ocrx_word' id='word_1_258' title='bbox 642 2872 722 2943; x_wconf 91' lang='lat' dir='ltr'><strong>dicit,</strong></span> <span class='ocrx_word' id='word_1_259' title='bbox 746 2871 885 2942; x_wconf 86' lang='lat' dir='ltr'><strong>ostendit,</strong></span> <span class='ocrx_word' id='word_1_260' title='bbox 909 2891 963 2932; x_wconf 91' lang='lat' dir='ltr'><strong>eos</strong></span> <span class='ocrx_word' id='word_1_261' title='bbox 986 2891 1045 2933; x_wconf 92' lang='lat' dir='ltr'><strong>non</strong></span> <span class='ocrx_word' id='word_1_262' title='bbox 1068 2892 1104 2934; x_wconf 82' lang='lat' dir='ltr'><strong>ex</strong></span> <span class='ocrx_word' id='word_1_263' title='bbox 1118 2873 1284 2952; x_wconf 83' lang='lat' dir='ltr'><strong>ignorantia</strong></span> 
     </span>
     <span class='ocr_line' id='line_1_27' title="bbox 55 2953 1281 3054; baseline 0.002 -22"><span class='ocrx_word' id='word_1_264' title='bbox 55 2953 113 3033; x_wconf 77' lang='lat' dir='ltr'><strong>sed</strong></span> <span class='ocrx_word' id='word_1_265' title='bbox 138 2980 244 3050; x_wconf 90' lang='lat' dir='ltr'><strong>sponte</strong></span> <span class='ocrx_word' id='word_1_266' title='bbox 274 2993 327 3034; x_wconf 91' lang='lat' dir='ltr'><strong>sua</strong></span> <span class='ocrx_word' id='word_1_267' title='bbox 355 2993 387 3034; x_wconf 92' lang='lat' dir='ltr'><strong>se</strong></span> <span class='ocrx_word' id='word_1_268' title='bbox 419 2974 449 3033; x_wconf 92' lang='lat' dir='ltr'><strong>in</strong></span> <span class='ocrx_word' id='word_1_269' title='bbox 478 2974 554 3034; x_wconf 90' lang='lat' dir='ltr'><strong>hane</strong></span> <span class='ocrx_word' id='word_1_270' title='bbox 582 2973 833 3034; x_wconf 80' lang='lat' dir='ltr'><strong>evidentissimam</strong></span> <span class='ocrx_word' id='word_1_271' title='bbox 859 2973 1073 3052; x_wconf 86' lang='lat' dir='ltr'><strong>blasphemiam</strong></span> <span class='ocrx_word' id='word_1_272' title='bbox 1102 2975 1281 3054; x_wconf 90' lang='lat' dir='ltr'><strong>implicasse,</strong></span> 
     </span>
     <span class='ocr_line' id='line_1_28' title="bbox 54 3073 1280 3156; baseline 0.002 -21"><span class='ocrx_word' id='word_1_273' title='bbox 54 3090 116 3135; x_wconf 87' lang='lat' dir='ltr'><strong>nec</strong></span> <span class='ocrx_word' id='word_1_274' title='bbox 135 3073 305 3145; x_wconf 87' lang='lat' dir='ltr'><strong>erubuisse,</strong></span> <span class='ocrx_word' id='word_1_275' title='bbox 329 3076 408 3155; x_wconf 88' lang='lat' dir='ltr'><strong>quod</strong></span> <span class='ocrx_word' id='word_1_276' title='bbox 431 3095 464 3136; x_wconf 90' lang='lat' dir='ltr'><strong>ea</strong></span> <span class='ocrx_word' id='word_1_277' title='bbox 487 3094 586 3154; x_wconf 88' lang='lat' dir='ltr'><strong>opera,</strong></span> <span class='ocrx_word' id='word_1_278' title='bbox 610 3094 684 3153; x_wconf 87' lang='lat' dir='ltr'><strong>quae</strong></span> <span class='ocrx_word' id='word_1_279' title='bbox 706 3076 750 3136; x_wconf 82' lang='lat' dir='ltr'><strong>rel</strong></span> <span class='ocrx_word' id='word_1_280' title='bbox 773 3077 830 3154; x_wconf 90' lang='lat' dir='ltr'><strong>ipsi</strong></span> <span class='ocrx_word' id='word_1_281' title='bbox 854 3075 906 3135; x_wconf 82' lang='lat' dir='ltr'><strong>llei</strong></span> <span class='ocrx_word' id='word_1_282' title='bbox 928 3094 997 3136; x_wconf 85' lang='lat' dir='ltr'><strong>esse</strong></span> <span class='ocrx_word' id='word_1_283' title='bbox 1024 3086 1209 3156; x_wconf 88' lang='lat' dir='ltr'><strong>compertum</strong></span> <span class='ocrx_word' id='word_1_284' title='bbox 1224 3079 1280 3137; x_wconf 89' lang='lat' dir='ltr'><strong>ha-</strong></span> 
     </span>
     <span class='ocr_line' id='line_1_29' title="bbox 55 3175 1283 3259; baseline 0.004 -23"><span class='ocrx_word' id='word_1_285' title='bbox 55 3175 174 3247; x_wconf 82' lang='lat' dir='ltr'><strong>berent,</strong></span> <span class='ocrx_word' id='word_1_286' title='bbox 198 3185 330 3237; x_wconf 85' lang='lat' dir='ltr'><strong>amentes</strong></span> <span class='ocrx_word' id='word_1_287' title='bbox 346 3177 511 3238; x_wconf 78' lang='lat' dir='ltr'><strong>beelzebuli</strong></span> <span class='ocrx_word' id='word_1_288' title='bbox 533 3176 764 3257; x_wconf 88' lang='lat' dir='ltr'><strong>adscripsissent</strong></span> <span class='ocrx_word' id='word_1_289' title='bbox 786 3187 872 3256; x_wconf 89' lang='lat' dir='ltr'><strong>atque</strong></span> <span class='ocrx_word' id='word_1_290' title='bbox 895 3177 930 3237; x_wconf 94' lang='lat' dir='ltr'><strong>ah</strong></span> <span class='ocrx_word' id='word_1_291' title='bbox 953 3179 1069 3258; x_wconf 90' lang='lat' dir='ltr'><strong>impuro</strong></span> <span class='ocrx_word' id='word_1_292' title='bbox 1086 3179 1192 3259; x_wconf 85' lang='lat' dir='ltr'><strong>spiritu</strong></span> <span class='ocrx_word' id='word_1_293' title='bbox 1208 3181 1283 3241; x_wconf 82' lang='lat' dir='ltr'><strong>heta</strong></span> 
     </span>
     <span class='ocr_line' id='line_1_30' title="bbox 54 3266 291 3339; baseline 0 -1"><span class='ocrx_word' id='word_1_294' title='bbox 54 3266 291 3339; x_wconf 70' lang='lat' dir='ltr'><strong>asseverassent.</strong></span> 
     </span>
     <span class='ocr_line' id='line_1_31' title="bbox 55 3406 1282 3500; baseline 0.006 -21"><span class='ocrx_word' id='word_1_295' title='bbox 55 3406 115 3493; x_wconf 74' lang='lat' dir='ltr'><strong>lleg&#39;.</strong></span> <span class='ocrx_word' id='word_1_296' title='bbox 135 3439 158 3479; x_wconf 91' lang='lat' dir='ltr'><strong>et</strong></span> <span class='ocrx_word' id='word_1_297' title='bbox 167 3432 265 3492; x_wconf 76' lang='lat' dir='ltr'><strong>Seguer.</strong></span> <span class='ocrx_word' id='word_1_298' title='bbox 284 3447 345 3495; x_wconf 89' lang='lat' dir='ltr'><strong>quos</strong></span> <span class='ocrx_word' id='word_1_299' title='bbox 363 3433 487 3496; x_wconf 72' lang='lat' dir='ltr'><strong>sequtimur</strong></span> <span class='ocrx_word' id='word_1_300' title='bbox 499 3424 645 3497; x_wconf 75' lang='grc' dir='ltr'><em>εἰργάζετο.</em></span> <span class='ocrx_word' id='word_1_301' title='bbox 697 3443 719 3483; x_wconf 91' lang='lat' dir='ltr'><strong>et</strong></span> <span class='ocrx_word' id='word_1_302' title='bbox 736 3433 826 3497; x_wconf 74' lang='lat' dir='ltr'><strong>anglie.</strong></span> <span class='ocrx_word' id='word_1_303' title='bbox 846 3425 873 3479; x_wconf 83' lang='grc' dir='ltr'><strong>οἱ</strong></span> <span class='ocrx_word' id='word_1_304' title='bbox 890 3433 1037 3500; x_wconf 78' lang='grc' dir='ltr'><strong><em>Φαρισαῖοι</em></strong></span> <span class='ocrx_word' id='word_1_305' title='bbox 1063 3434 1115 3494; x_wconf 83' lang='lat' dir='ltr'><strong>(sed</strong></span> <span class='ocrx_word' id='word_1_306' title='bbox 1134 3436 1232 3498; x_wconf 81' lang='lat' dir='ltr'><strong>Seguer.</strong></span> <span class='ocrx_word' id='word_1_307' title='bbox 1253 3437 1282 3486; x_wconf 90' lang='lat' dir='ltr'><strong>de</strong></span> 
     </span>
     <span class='ocr_line' id='line_1_32' title="bbox 53 3493 1281 3567; baseline 0.007 -21"><span class='ocrx_word' id='word_1_308' title='bbox 53 3497 119 3546; x_wconf 75' lang='lat' dir='ltr'><strong>Editi</strong></span> <span class='ocrx_word' id='word_1_309' title='bbox 139 3507 162 3548; x_wconf 91' lang='lat' dir='ltr'><strong>et</strong></span> <span class='ocrx_word' id='word_1_310' title='bbox 180 3500 220 3547; x_wconf 81' lang='lat' dir='ltr'><strong>alii</strong></span> <span class='ocrx_word' id='word_1_311' title='bbox 238 3493 393 3563; x_wconf 76' lang='grc' dir='ltr'><em>εἰργάσατο.</em></span> <span class='ocrx_word' id='word_1_312' title='bbox 430 3501 503 3548; x_wconf 79' lang='lat' dir='ltr'><strong>Patrio</strong></span> <span class='ocrx_word' id='word_1_313' title='bbox 520 3503 644 3564; x_wconf 74' lang='lat' dir='ltr'><strong>postlleg.</strong></span> <span class='ocrx_word' id='word_1_314' title='bbox 697 3512 765 3550; x_wconf 82' lang='lat' dir='ltr'><strong>mora</strong></span> <span class='ocrx_word' id='word_1_315' title='bbox 782 3500 958 3567; x_wconf 72' lang='grc' dir='ltr'><strong><em>Φαρισσαίοι)</em></strong></span> <span class='ocrx_word' id='word_1_316' title='bbox 982 3511 1004 3551; x_wconf 89' lang='lat' dir='ltr'><strong>et</strong></span> <span class='ocrx_word' id='word_1_317' title='bbox 1030 3505 1060 3551; x_wconf 87' lang='lat' dir='ltr'><strong>lta</strong></span> <span class='ocrx_word' id='word_1_318' title='bbox 1085 3503 1142 3566; x_wconf 66' lang='lat' dir='ltr'><strong>legit</strong></span> <span class='ocrx_word' id='word_1_319' title='bbox 1166 3505 1281 3554; x_wconf 81' lang='lat' dir='ltr'><strong>Nunnius.</strong></span> 
     </span>
     <span class='ocr_line' id='line_1_33' title="bbox 53 3559 1283 3633; baseline 0.007 -20"><span class='ocrx_word' id='word_1_320' title='bbox 53 3559 207 3625; x_wconf 75' lang='grc' dir='ltr'><em>πιστεύητε.</em></span> <span class='ocrx_word' id='word_1_321' title='bbox 243 3569 302 3616; x_wconf 89' lang='lat' dir='ltr'><strong>lbid.</strong></span> <span class='ocrx_word' id='word_1_322' title='bbox 314 3582 369 3632; x_wconf 85' lang='grc' dir='ltr'><strong>μου</strong></span> <span class='ocrx_word' id='word_1_323' title='bbox 382 3577 440 3631; x_wconf 84' lang='lat' dir='ltr'><strong>post</strong></span> <span class='ocrx_word' id='word_1_324' title='bbox 456 3561 546 3633; x_wconf 79' lang='grc' dir='ltr'><em>ἔργοις</em></span> <span class='ocrx_word' id='word_1_325' title='bbox 564 3571 648 3620; x_wconf 84' lang='lat' dir='ltr'><strong>deerat</strong></span> <span class='ocrx_word' id='word_1_326' title='bbox 695 3571 756 3619; x_wconf 78' lang='lat' dir='ltr'><strong>Edit.</strong></span> <span class='ocrx_word' id='word_1_327' title='bbox 775 3570 891 3619; x_wconf 86' lang='lat' dir='ltr'><strong>Commel.</strong></span> <span class='ocrx_word' id='word_1_328' title='bbox 911 3560 1081 3619; x_wconf 70' lang='lat' dir='ltr'><strong>attondant.</strong></span> <span class='ocrx_word' id='word_1_329' title='bbox 1120 3573 1171 3621; x_wconf 76' lang='lat' dir='ltr'><strong>ttor</strong></span> <span class='ocrx_word' id='word_1_330' title='bbox 1190 3575 1245 3631; x_wconf 71' lang='lat' dir='ltr'><strong>hep.</strong></span> <span class='ocrx_word' id='word_1_331' title='bbox 1259 3582 1283 3623; x_wconf 90' lang='lat' dir='ltr'><strong>et</strong></span> 
     </span>
     <span class='ocr_line' id='line_1_34' title="bbox 56 3632 1281 3716; baseline 0.005 -33"><span class='ocrx_word' id='word_1_332' title='bbox 56 3635 82 3683; x_wconf 92' lang='lat' dir='ltr'><strong>in</strong></span> <span class='ocrx_word' id='word_1_333' title='bbox 101 3637 181 3690; x_wconf 79' lang='lat' dir='ltr'><strong>editis,</strong></span> <span class='ocrx_word' id='word_1_334' title='bbox 200 3637 242 3685; x_wconf 91' lang='lat' dir='ltr'><strong>sed</strong></span> <span class='ocrx_word' id='word_1_335' title='bbox 261 3639 362 3685; x_wconf 86' lang='lat' dir='ltr'><strong>hebetur</strong></span> <span class='ocrx_word' id='word_1_336' title='bbox 375 3639 410 3713; x_wconf 47' lang='lat' dir='ltr'><strong>&#39;in</strong></span> <span class='ocrx_word' id='word_1_337' title='bbox 431 3637 486 3698; x_wconf 82' lang='lat' dir='ltr'><strong>lteg.</strong></span> <span class='ocrx_word' id='word_1_338' title='bbox 505 3647 528 3687; x_wconf 90' lang='lat' dir='ltr'><strong>et</strong></span> <span class='ocrx_word' id='word_1_339' title='bbox 545 3642 644 3698; x_wconf 78' lang='lat' dir='ltr'><strong>Seguer.</strong></span> <span class='ocrx_word' id='word_1_340' title='bbox 695 3639 844 3698; x_wconf 70' lang='lat' dir='ltr'><strong>Seguerlen,</strong></span> <span class='ocrx_word' id='word_1_341' title='bbox 863 3653 924 3716; x_wconf 82' lang='lat' dir='ltr'><strong>qups</strong></span> <span class='ocrx_word' id='word_1_342' title='bbox 934 3639 1003 3713; x_wconf 78' lang='lat' dir='ltr'><strong>sequi</strong></span> <span class='ocrx_word' id='word_1_343' title='bbox 1017 3640 1092 3688; x_wconf 86' lang='lat' dir='ltr'><strong>risum</strong></span> <span class='ocrx_word' id='word_1_344' title='bbox 1111 3649 1155 3699; x_wconf 86' lang='lat' dir='ltr'><strong>est,</strong></span> <span class='ocrx_word' id='word_1_345' title='bbox 1175 3633 1202 3686; x_wconf 84' lang='lat' dir='ltr'><strong>oi</strong></span> <span class='ocrx_word' id='word_1_346' title='bbox 1219 3632 1281 3690; x_wconf 79' lang='grc' dir='ltr'><strong><em>υἱοί.</em></strong></span> 
     </span>
     <span class='ocr_line' id='line_1_35' title="bbox 53 3701 1266 3784; baseline 0.002 -34"><span class='ocrx_word' id='word_1_347' title='bbox 53 3701 149 3751; x_wconf 82' lang='lat' dir='ltr'><strong>ibidem</strong></span> <span class='ocrx_word' id='word_1_348' title='bbox 167 3705 271 3780; x_wconf 63' lang='lat' dir='ltr'><strong>Seguer3</strong></span> <span class='ocrx_word' id='word_1_349' title='bbox 289 3716 438 3781; x_wconf 59' lang='grc' dir='ltr'><em>πεσεευητε.</em></span> <span class='ocrx_word' id='word_1_350' title='bbox 584 3765 592 3784; x_wconf 34' lang='grc' dir='ltr'><strong><em>ε</em></strong></span> <span class='ocrx_word' id='word_1_351' title='bbox 695 3705 739 3754; x_wconf 80' lang='lat' dir='ltr'><strong>Alii</strong></span> <span class='ocrx_word' id='word_1_352' title='bbox 758 3713 781 3754; x_wconf 88' lang='lat' dir='ltr'><strong>et</strong></span> <span class='ocrx_word' id='word_1_353' title='bbox 800 3707 854 3781; x_wconf 73' lang='lat' dir='ltr'><strong>editi</strong></span> <span class='ocrx_word' id='word_1_354' title='bbox 874 3701 986 3782; x_wconf 65' lang='lat' dir='ltr'><strong>orient.</strong></span> <span class='ocrx_word' id='word_1_355' title='bbox 1253 3775 1266 3784; x_wconf 93' lang='lat'><strong>..</strong></span> 
     </span>
     <span class='ocr_line' id='line_1_36' title="bbox 85 3773 1281 3836; baseline 0.006 -18"><span class='ocrx_word' id='word_1_356' title='bbox 85 3786 111 3833; x_wconf 67' lang='lat' dir='ltr'><strong>p.</strong></span> <span class='ocrx_word' id='word_1_357' title='bbox 130 3774 221 3831; x_wconf 70' lang='lat' dir='ltr'><strong>anglic.</strong></span> <span class='ocrx_word' id='word_1_358' title='bbox 239 3785 331 3819; x_wconf 80' lang='lat' dir='ltr'><strong>auron.</strong></span> <span class='ocrx_word' id='word_1_359' title='bbox 371 3773 404 3820; x_wconf 92' lang='lat' dir='ltr'><strong>ld.</strong></span> <span class='ocrx_word' id='word_1_360' title='bbox 430 3787 483 3820; x_wconf 83' lang='lat' dir='ltr'><strong>mox</strong></span> <span class='ocrx_word' id='word_1_361' title='bbox 507 3782 563 3834; x_wconf 90' lang='lat' dir='ltr'><strong>post</strong></span> <span class='ocrx_word' id='word_1_362' title='bbox 580 3787 645 3832; x_wconf 79' lang='grc' dir='ltr'><em>οπη-</em></span> <span class='ocrx_word' id='word_1_363' title='bbox 729 3789 749 3823; x_wconf 90' lang='lat' dir='ltr'><strong>e.</strong></span> <span class='ocrx_word' id='word_1_364' title='bbox 766 3787 812 3819; x_wconf 75' lang='grc' dir='ltr'><strong>και</strong></span> <span class='ocrx_word' id='word_1_365' title='bbox 830 3774 897 3822; x_wconf 87' lang='lat' dir='ltr'><strong>deest</strong></span> <span class='ocrx_word' id='word_1_366' title='bbox 915 3789 938 3822; x_wconf 84' lang='lat' dir='ltr'><strong>tn</strong></span> <span class='ocrx_word' id='word_1_367' title='bbox 957 3776 1014 3836; x_wconf 79' lang='lat' dir='ltr'><strong>lleg.</strong></span> <span class='ocrx_word' id='word_1_368' title='bbox 1034 3775 1163 3836; x_wconf 75' lang='lat' dir='ltr'><strong>etSegner.</strong></span> <span class='ocrx_word' id='word_1_369' title='bbox 1188 3774 1281 3825; x_wconf 74' lang='lat' dir='ltr'><strong>tuitus</strong></span> 
     </span>
     <span class='ocr_line' id='line_1_37' title="bbox 52 3830 920 3902; baseline 0.006 -16"><span class='ocrx_word' id='word_1_370' title='bbox 52 3830 117 3886; x_wconf 76' lang='lat' dir='ltr'><strong>rixa</strong></span> <span class='ocrx_word' id='word_1_371' title='bbox 137 3839 208 3889; x_wconf 83' lang='lat' dir='ltr'><strong>habet</strong></span> <span class='ocrx_word' id='word_1_372' title='bbox 224 3834 278 3887; x_wconf 76' lang='grc' dir='ltr'><strong><em>καί.</em></strong></span> <span class='ocrx_word' id='word_1_373' title='bbox 314 3841 387 3888; x_wconf 85' lang='lat' dir='ltr'><strong>l&#39;aulo</strong></span> <span class='ocrx_word' id='word_1_374' title='bbox 406 3848 461 3901; x_wconf 83' lang='lat' dir='ltr'><strong>post</strong></span> <span class='ocrx_word' id='word_1_375' title='bbox 480 3842 534 3900; x_wconf 71' lang='lat' dir='ltr'><strong>llep.</strong></span> <span class='ocrx_word' id='word_1_376' title='bbox 546 3844 645 3902; x_wconf 82' lang='lat' dir='ltr'><strong>Seguer.</strong></span> <span class='ocrx_word' id='word_1_377' title='bbox 696 3851 718 3889; x_wconf 88' lang='lat' dir='ltr'><strong>et</strong></span> <span class='ocrx_word' id='word_1_378' title='bbox 737 3841 806 3889; x_wconf 85' lang='lat' dir='ltr'><strong>editis</strong></span> <span class='ocrx_word' id='word_1_379' title='bbox 825 3841 920 3902; x_wconf 79' lang='lat' dir='ltr'><strong>legitur.</strong></span> 
     </span>
     <span class='ocr_line' id='line_1_38' title="bbox 53 3900 1281 3975; baseline -0.002 -18"><span class='ocrx_word' id='word_1_380' title='bbox 53 3906 154 3957; x_wconf 85' lang='lat' dir='ltr'><strong>Gobler.</strong></span> <span class='ocrx_word' id='word_1_381' title='bbox 167 3915 190 3955; x_wconf 87' lang='lat' dir='ltr'><strong>et</strong></span> <span class='ocrx_word' id='word_1_382' title='bbox 198 3908 304 3958; x_wconf 80' lang='lat' dir='ltr'><strong>Felclrm.</strong></span> <span class='ocrx_word' id='word_1_383' title='bbox 316 3908 338 3956; x_wconf 89' lang='lat' dir='ltr'><strong>l.</strong></span> <span class='ocrx_word' id='word_1_384' title='bbox 356 3900 427 3970; x_wconf 75' lang='grc' dir='ltr'><em>ἔλεγε</em></span> <span class='ocrx_word' id='word_1_385' title='bbox 445 3902 571 3954; x_wconf 66' lang='lat' dir='ltr'><strong>incidiae</strong></span> <span class='ocrx_word' id='word_1_386' title='bbox 588 3908 646 3962; x_wconf 79' lang='grc' dir='ltr'><strong>τοῖς</strong></span> <span class='ocrx_word' id='word_1_387' title='bbox 731 3910 746 3957; x_wconf 88' lang='lat' dir='ltr'><strong>l.</strong></span> <span class='ocrx_word' id='word_1_388' title='bbox 771 3909 827 3969; x_wconf 81' lang='lat' dir='ltr'><strong>lleg.</strong></span> <span class='ocrx_word' id='word_1_389' title='bbox 838 3918 861 3956; x_wconf 82' lang='grc' dir='ltr'><strong>ει</strong></span> <span class='ocrx_word' id='word_1_390' title='bbox 871 3911 969 3970; x_wconf 73' lang='lat' dir='ltr'><strong>Segusa.</strong></span> <span class='ocrx_word' id='word_1_391' title='bbox 985 3909 1032 3958; x_wconf 89' lang='lat' dir='ltr'><strong>soli</strong></span> <span class='ocrx_word' id='word_1_392' title='bbox 1050 3901 1123 3974; x_wconf 76' lang='grc' dir='ltr'><strong>αὐτῷ</strong></span> <span class='ocrx_word' id='word_1_393' title='bbox 1141 3901 1281 3975; x_wconf 68' lang='grc' dir='ltr'><em>ἐνεργοῦν-</em></span> 
     </span>
     <span class='ocr_line' id='line_1_39' title="bbox 50 3967 996 4041; baseline 0.005 -20"><span class='ocrx_word' id='word_1_394' title='bbox 50 3973 195 4040; x_wconf 62' lang='lat' dir='ltr'><strong>proderetis</strong></span> <span class='ocrx_word' id='word_1_395' title='bbox 219 3978 310 4026; x_wconf 86' lang='lat' dir='ltr'><strong>omisso</strong></span> <span class='ocrx_word' id='word_1_396' title='bbox 338 3967 429 4023; x_wconf 78' lang='grc' dir='ltr'><strong><em>αὐτοῦ.</em></strong></span> <span class='ocrx_word' id='word_1_397' title='bbox 472 3978 562 4024; x_wconf 88' lang='lat' dir='ltr'><strong>ibidem</strong></span> <span class='ocrx_word' id='word_1_398' title='bbox 587 3978 643 4039; x_wconf 77' lang='lat' dir='ltr'><strong>lleg.</strong></span> <span class='ocrx_word' id='word_1_399' title='bbox 691 3989 741 4028; x_wconf 70' lang='grc' dir='ltr'><em>-τος</em></span> <span class='ocrx_word' id='word_1_400' title='bbox 759 3991 850 4025; x_wconf 78' lang='lat' dir='ltr'><strong>omisso</strong></span> <span class='ocrx_word' id='word_1_401' title='bbox 867 3968 897 4024; x_wconf 73' lang='grc' dir='ltr'><strong>ἰν</strong></span> <span class='ocrx_word' id='word_1_402' title='bbox 914 3968 996 4041; x_wconf 73' lang='grc' dir='ltr'><em>αὐτῷ.</em></span> 
     </span>
     <span class='ocr_line' id='line_1_40' title="bbox 51 4037 1016 4107; baseline -0.001 -15"><span class='ocrx_word' id='word_1_403' title='bbox 51 4046 156 4105; x_wconf 68' lang='lat' dir='ltr'><strong>Sepuer.</strong></span> <span class='ocrx_word' id='word_1_404' title='bbox 176 4045 232 4092; x_wconf 86' lang='lat' dir='ltr'><strong>edit.</strong></span> <span class='ocrx_word' id='word_1_405' title='bbox 252 4045 369 4094; x_wconf 84' lang='lat' dir='ltr'><strong>Commel.</strong></span> <span class='ocrx_word' id='word_1_406' title='bbox 389 4053 411 4092; x_wconf 90' lang='lat' dir='ltr'><strong>et</strong></span> <span class='ocrx_word' id='word_1_407' title='bbox 429 4044 468 4092; x_wconf 89' lang='lat' dir='ltr'><strong>alii</strong></span> <span class='ocrx_word' id='word_1_408' title='bbox 487 4045 582 4107; x_wconf 83' lang='lat' dir='ltr'><strong>quidam</strong></span> <span class='ocrx_word' id='word_1_409' title='bbox 602 4061 644 4094; x_wconf 89' lang='lat' dir='ltr'><strong>eo·</strong></span> <span class='ocrx_word' id='word_1_410' title='bbox 728 4061 750 4106; x_wconf 74' lang='lat' dir='ltr'><strong>g.</strong></span> <span class='ocrx_word' id='word_1_411' title='bbox 769 4046 859 4105; x_wconf 79' lang='lat' dir='ltr'><strong>llnglic.</strong></span> <span class='ocrx_word' id='word_1_412' title='bbox 878 4037 986 4100; x_wconf 76' lang='grc' dir='ltr'><strong>διδάξει.</strong></span> <span class='ocrx_word' id='word_1_413' title='bbox 1013 4063 1016 4078; x_wconf 81' lang='lat'><em>=</em></span> 
     </span>
     <span class='ocr_line' id='line_1_41' title="bbox 51 4105 1280 4181; baseline 0.002 -20"><span class='ocrx_word' id='word_1_414' title='bbox 51 4111 122 4161; x_wconf 85' lang='lat' dir='ltr'><strong>dices</strong></span> <span class='ocrx_word' id='word_1_415' title='bbox 139 4105 293 4167; x_wconf 74' lang='grc' dir='ltr'><em>καθεύδετε,</em></span> <span class='ocrx_word' id='word_1_416' title='bbox 315 4122 338 4160; x_wconf 85' lang='grc' dir='ltr'><strong>ει</strong></span> <span class='ocrx_word' id='word_1_417' title='bbox 356 4115 386 4161; x_wconf 89' lang='lat' dir='ltr'><strong>lta</strong></span> <span class='ocrx_word' id='word_1_418' title='bbox 406 4113 492 4173; x_wconf 77' lang='lat' dir='ltr'><strong>legitur</strong></span> <span class='ocrx_word' id='word_1_419' title='bbox 511 4113 532 4160; x_wconf 86' lang='lat' dir='ltr'><strong>in</strong></span> <span class='ocrx_word' id='word_1_420' title='bbox 553 4113 643 4162; x_wconf 85' lang='lat' dir='ltr'><strong>Graeco</strong></span> <span class='ocrx_word' id='word_1_421' title='bbox 729 4114 752 4160; x_wconf 87' lang='lat' dir='ltr'><strong>h.</strong></span> <span class='ocrx_word' id='word_1_422' title='bbox 773 4105 968 4177; x_wconf 71' lang='lat' dir='ltr'><strong>llueerooodcp</strong></span> <span class='ocrx_word' id='word_1_423' title='bbox 981 4107 1030 4160; x_wconf 78' lang='grc' dir='ltr'><strong>τὸν</strong></span> <span class='ocrx_word' id='word_1_424' title='bbox 1034 4110 1211 4181; x_wconf 73' lang='grc' dir='ltr'><em>χορηγοῦντα</em></span> <span class='ocrx_word' id='word_1_425' title='bbox 1223 4105 1280 4163; x_wconf 72' lang='lat' dir='ltr'><strong>dos·-</strong></span> 
     </span>
     <span class='ocr_line' id='line_1_42' title="bbox 49 4177 1281 4245; baseline 0.002 -18"><span class='ocrx_word' id='word_1_426' title='bbox 49 4177 176 4240; x_wconf 77' lang='lat' dir='ltr'><strong>Erangelii</strong></span> <span class='ocrx_word' id='word_1_427' title='bbox 199 4189 271 4229; x_wconf 79' lang='lat' dir='ltr'><strong>textu.</strong></span> <span class='ocrx_word' id='word_1_428' title='bbox 314 4181 374 4228; x_wconf 83' lang='lat' dir='ltr'><strong>Edit.</strong></span> <span class='ocrx_word' id='word_1_429' title='bbox 400 4181 473 4229; x_wconf 87' lang='lat' dir='ltr'><strong>Paris.</strong></span> <span class='ocrx_word' id='word_1_430' title='bbox 499 4180 595 4229; x_wconf 87' lang='lat' dir='ltr'><strong>Gobler.</strong></span> <span class='ocrx_word' id='word_1_431' title='bbox 621 4189 644 4229; x_wconf 85' lang='lat' dir='ltr'><strong>et</strong></span> <span class='ocrx_word' id='word_1_432' title='bbox 695 4178 820 4245; x_wconf 76' lang='grc' dir='ltr'><strong><em>φημοῦσι</em></strong></span> <span class='ocrx_word' id='word_1_433' title='bbox 842 4181 929 4230; x_wconf 83' lang='lat' dir='ltr'><strong>desunt</strong></span> <span class='ocrx_word' id='word_1_434' title='bbox 952 4197 975 4229; x_wconf 94' lang='lat' dir='ltr'><strong>m</strong></span> <span class='ocrx_word' id='word_1_435' title='bbox 1000 4181 1072 4229; x_wconf 83' lang='lat' dir='ltr'><strong>Basti.</strong></span> <span class='ocrx_word' id='word_1_436' title='bbox 1113 4181 1165 4229; x_wconf 77' lang='lat' dir='ltr'><strong>tlon</strong></span> <span class='ocrx_word' id='word_1_437' title='bbox 1184 4181 1238 4239; x_wconf 80' lang='lat' dir='ltr'><strong>[teg.</strong></span> <span class='ocrx_word' id='word_1_438' title='bbox 1257 4188 1281 4229; x_wconf 86' lang='lat' dir='ltr'><strong>ct</strong></span> 
     </span>
     <span class='ocr_line' id='line_1_43' title="bbox 50 4240 1281 4317; baseline 0.001 -21"><span class='ocrx_word' id='word_1_439' title='bbox 50 4246 161 4297; x_wconf 79' lang='lat' dir='ltr'><strong>Felcltm.</strong></span> <span class='ocrx_word' id='word_1_440' title='bbox 183 4253 204 4297; x_wconf 88' lang='lat' dir='ltr'><strong>l.</strong></span> <span class='ocrx_word' id='word_1_441' title='bbox 228 4244 405 4299; x_wconf 60' lang='lat' dir='ltr'><strong>auaritiam.</strong></span> <span class='ocrx_word' id='word_1_442' title='bbox 442 4249 500 4296; x_wconf 88' lang='lat' dir='ltr'><strong>lbid.</strong></span> <span class='ocrx_word' id='word_1_443' title='bbox 526 4242 557 4293; x_wconf 85' lang='grc' dir='ltr'><strong>τό</strong></span> <span class='ocrx_word' id='word_1_444' title='bbox 576 4250 644 4297; x_wconf 75' lang='lat' dir='ltr'><strong>deest</strong></span> <span class='ocrx_word' id='word_1_445' title='bbox 694 4253 793 4309; x_wconf 72' lang='lat' dir='ltr'><strong>sepner.</strong></span> <span class='ocrx_word' id='word_1_446' title='bbox 811 4240 928 4317; x_wconf 76' lang='grc' dir='ltr'><strong><em>καὶγὰρ</em></strong></span> <span class='ocrx_word' id='word_1_447' title='bbox 946 4242 991 4295; x_wconf 79' lang='grc' dir='ltr'><strong>καὶ</strong></span> <span class='ocrx_word' id='word_1_448' title='bbox 1008 4247 1097 4296; x_wconf 81' lang='grc' dir='ltr'><em>τοῦτο.</em></span> <span class='ocrx_word' id='word_1_449' title='bbox 1132 4249 1159 4297; x_wconf 93' lang='lat' dir='ltr'><strong>ln</strong></span> <span class='ocrx_word' id='word_1_450' title='bbox 1177 4249 1281 4297; x_wconf 77' lang='lat' dir='ltr'><strong>editiset</strong></span> 
     </span>
     <span class='ocr_line' id='line_1_44' title="bbox 50 4310 1118 4383; baseline -0.001 -18"><span class='ocrx_word' id='word_1_451' title='bbox 50 4316 78 4365; x_wconf 90' lang='lat' dir='ltr'><strong>in</strong></span> <span class='ocrx_word' id='word_1_452' title='bbox 95 4314 156 4383; x_wconf 60' lang='lat' dir='ltr'><strong>plen.</strong></span> <span class='ocrx_word' id='word_1_453' title='bbox 174 4317 274 4378; x_wconf 78' lang='lat' dir='ltr'><strong>Segner.</strong></span> <span class='ocrx_word' id='word_1_454' title='bbox 293 4327 315 4365; x_wconf 85' lang='lat' dir='ltr'><strong>er</strong></span> <span class='ocrx_word' id='word_1_455' title='bbox 334 4317 405 4367; x_wconf 78' lang='lat' dir='ltr'><strong>ltasil.</strong></span> <span class='ocrx_word' id='word_1_456' title='bbox 440 4317 468 4365; x_wconf 93' lang='lat' dir='ltr'><strong>ln</strong></span> <span class='ocrx_word' id='word_1_457' title='bbox 490 4314 592 4377; x_wconf 78' lang='lat' dir='ltr'><strong>allisit</strong></span> <span class='ocrx_word' id='word_1_458' title='bbox 620 4319 642 4365; x_wconf 88' lang='lat' dir='ltr'><strong>in</strong></span> <span class='ocrx_word' id='word_1_459' title='bbox 694 4310 1024 4381; x_wconf 77' lang='lat' dir='ltr'><strong>reliquisxclpostremnm</strong></span> <span class='ocrx_word' id='word_1_460' title='bbox 1043 4317 1118 4366; x_wconf 87' lang='lat' dir='ltr'><strong>deest.</strong></span> 
     </span>
     <span class='ocr_line' id='line_1_45' title="bbox 49 4374 1171 4448; baseline 0 -16"><span class='ocrx_word' id='word_1_461' title='bbox 49 4381 126 4433; x_wconf 80' lang='lat' dir='ltr'><strong>editis</strong></span> <span class='ocrx_word' id='word_1_462' title='bbox 144 4384 238 4445; x_wconf 70' lang='lat' dir='ltr'><strong>legitur.</strong></span> <span class='ocrx_word' id='word_1_463' title='bbox 702 4443 705 4447; x_wconf 36' lang='grc'><strong>,</strong></span> <span class='ocrx_word' id='word_1_464' title='bbox 728 4382 744 4433; x_wconf 92' lang='lat' dir='ltr'><strong>i.</strong></span> <span class='ocrx_word' id='word_1_465' title='bbox 768 4385 824 4446; x_wconf 74' lang='lat' dir='ltr'><strong>hag.</strong></span> <span class='ocrx_word' id='word_1_466' title='bbox 843 4374 1015 4448; x_wconf 73' lang='grc' dir='ltr'><strong>αἰσχύνοντο,</strong></span> <span class='ocrx_word' id='word_1_467' title='bbox 1027 4378 1171 4448; x_wconf 80' lang='lat' dir='ltr'><strong>&#39;perperam</strong></span> 
     </span>
    </p>
   </div>
   <div class='ocr_carea' id='block_1_3' title="bbox 47 4442 1279 4583">
    <p class='ocr_par' dir='ltr' id='par_1_3' title="bbox 47 4442 1279 4583">
     <span class='ocr_line' id='line_1_46' title="bbox 86 4442 1279 4516; baseline -0.002 -14"><span class='ocrx_word' id='word_1_468' title='bbox 86 4453 113 4502; x_wconf 89' lang='lat' dir='ltr'><strong>d.</strong></span> <span class='ocrx_word' id='word_1_469' title='bbox 131 4452 246 4514; x_wconf 83' lang='lat' dir='ltr'><strong>Siclleg.</strong></span> <span class='ocrx_word' id='word_1_470' title='bbox 266 4460 289 4500; x_wconf 89' lang='lat' dir='ltr'><strong>et</strong></span> <span class='ocrx_word' id='word_1_471' title='bbox 307 4452 406 4513; x_wconf 76' lang='lat' dir='ltr'><strong>Seguer.</strong></span> <span class='ocrx_word' id='word_1_472' title='bbox 435 4451 643 4502; x_wconf 81' lang='lat' dir='ltr'><strong>lnaltiseteditls</strong></span> <span class='ocrx_word' id='word_1_473' title='bbox 681 4511 684 4516; x_wconf 60' lang='lat'><strong>,</strong></span> <span class='ocrx_word' id='word_1_474' title='bbox 729 4453 750 4501; x_wconf 85' lang='lat' dir='ltr'><strong>l.</strong></span> <span class='ocrx_word' id='word_1_475' title='bbox 769 4442 837 4499; x_wconf 78' lang='grc' dir='ltr'><strong>ὄντα</strong></span> <span class='ocrx_word' id='word_1_476' title='bbox 854 4451 922 4501; x_wconf 84' lang='lat' dir='ltr'><strong>deest</strong></span> <span class='ocrx_word' id='word_1_477' title='bbox 945 4454 969 4501; x_wconf 91' lang='lat' dir='ltr'><strong>lu</strong></span> <span class='ocrx_word' id='word_1_478' title='bbox 988 4453 1043 4513; x_wconf 70' lang='lat' dir='ltr'><strong>teg.</strong></span> <span class='ocrx_word' id='word_1_479' title='bbox 1063 4452 1163 4515; x_wconf 71' lang='lat' dir='ltr'><strong>Seguer.</strong></span> <span class='ocrx_word' id='word_1_480' title='bbox 1180 4448 1279 4503; x_wconf 73' lang='lat' dir='ltr'><strong>uenter.</strong></span> 
     </span>
     <span class='ocr_line' id='line_1_47' title="bbox 47 4510 1278 4583; baseline 0 -15"><span class='ocrx_word' id='word_1_481' title='bbox 47 4510 94 4569; x_wconf 73' lang='grc' dir='ltr'><strong>ὂν</strong></span> <span class='ocrx_word' id='word_1_482' title='bbox 110 4521 188 4573; x_wconf 66' lang='lat' dir='ltr'><strong>deut.</strong></span> <span class='ocrx_word' id='word_1_483' title='bbox 224 4521 277 4570; x_wconf 86' lang='lat' dir='ltr'><strong>llor</strong></span> <span class='ocrx_word' id='word_1_484' title='bbox 301 4520 357 4570; x_wconf 86' lang='lat' dir='ltr'><strong>edit.</strong></span> <span class='ocrx_word' id='word_1_485' title='bbox 375 4520 450 4571; x_wconf 78' lang='lat' dir='ltr'><strong>Paris.</strong></span> <span class='ocrx_word' id='word_1_486' title='bbox 471 4521 526 4583; x_wconf 67' lang='lat' dir='ltr'><strong>lleg.</strong></span> <span class='ocrx_word' id='word_1_487' title='bbox 545 4522 643 4581; x_wconf 71' lang='lat' dir='ltr'><strong>signer.</strong></span> <span class='ocrx_word' id='word_1_488' title='bbox 694 4526 718 4569; x_wconf 80' lang='lat' dir='ltr'><strong>et</strong></span> <span class='ocrx_word' id='word_1_489' title='bbox 736 4518 841 4570; x_wconf 66' lang='lat' dir='ltr'><strong>ielcltm.</strong></span> <span class='ocrx_word' id='word_1_490' title='bbox 858 4517 891 4580; x_wconf 79' lang='lat'><strong>1,</strong></span> <span class='ocrx_word' id='word_1_491' title='bbox 920 4520 944 4570; x_wconf 90' lang='lat' dir='ltr'><strong>in</strong></span> <span class='ocrx_word' id='word_1_492' title='bbox 968 4520 1038 4571; x_wconf 77' lang='lat' dir='ltr'><strong>editis</strong></span> <span class='ocrx_word' id='word_1_493' title='bbox 1061 4528 1085 4571; x_wconf 86' lang='lat' dir='ltr'><strong>et</strong></span> <span class='ocrx_word' id='word_1_494' title='bbox 1107 4520 1161 4570; x_wconf 79' lang='lat' dir='ltr'><strong>aliis</strong></span> <span class='ocrx_word' id='word_1_495' title='bbox 1184 4518 1278 4582; x_wconf 72' lang='lat' dir='ltr'><strong>legitur.</strong></span> 
     </span>
    </p>
   </div>
   <div class='ocr_carea' id='block_1_4' title="bbox 0 0 1478 5092">
    <p class='ocr_par' dir='ltr' id='par_1_4' title="bbox 0 0 1478 5092">
     <span class='ocr_line' id='line_1_48' title="bbox 0 0 1478 5092; baseline 0 2"><span class='ocrx_word' id='word_1_496' title='bbox 0 0 1478 5092; x_wconf 95' lang='lat' dir='ltr'><strong> </strong></span> 
     </span>
    </p>
   </div>
  </div>
 </body>
</html>
