2948 5092
452 267 561 311 onnam
576 267 616 309 av.
633 267 749 321 conaus
764 267 900 313 ausos.
1213 259 1275 321 otu

44 439 118 482 esse
139 419 257 491 Filium,
281 418 403 498 solaque
425 418 603 496 cogitatione
625 428 736 480 nomen
750 418 816 480 Filii
832 419 928 481 Verbo
955 420 1045 482 tn'bui
1067 422 1178 495 volunt,
1203 437 1364 487 venosus.

45 522 169 600 utrique
192 529 309 582 conatu.
543 505 546 513 ’

136 625 168 686 9.
213 623 275 701 Epo
298 633 326 683 et
348 621 557 684 Paternacum
579 641 694 685 sumus.
738 621 789 683 Vel
812 623 871 683 duo
894 642 948 684 vos
972 642 1063 685 unum
1086 645 1154 687 esse
1169 626 1277 701 dicitis,

41 723 93 786 uel
110 743 204 786 unum
227 723 336 803 duplici
358 724 480 785 nomine
502 733 640 785 ornatum
663 742 742 797 esse,
765 725 810 786 vel
825 743 917 786 unum
933 725 963 786 in
980 725 1038 787 duo
1055 746 1125 788 esse
1140 728 1276 791 divisum.

47 825 80 887 Si
96 842 193 887 unum
215 827 245 887 in
268 826 327 888 duo
350 825 476 888 divisum
502 832 559 898 est,
583 843 707 888 necesse
729 834 776 887 est
791 845 900 905 corpus
913 827 1032 901 esseid
1057 830 1136 908 quod
1150 830 1278 892 divisum

47 937 105 999 est,
129 936 328 1006 neutrumque
351 946 417 988 csse
439 928 622 1006 perlectum,
645 928 754 1007 quippe
777 946 843 988 cum
866 918 1022 1007 utrumque
1044 947 1113 1008 pars
1137 930 1193 1003 sit,
1216 949 1277 993 non

45 1047 120 1090 sero
145 1035 249 1089 totum.
294 1028 352 1088 Sed
376 1027 402 1088 si
423 1046 515 1088 unum
539 1036 586 1089 est
602 1027 717 1109 duplici
740 1040 876 1089 ornatum
900 1029 1035 1103 nomine,
1059 1030 1132 1092 baec
1153 1032 1273 1095 Sabellii

45 1129 196 1191 sententia
218 1137 281 1202 est,
311 1128 361 1207 qui
383 1130 499 1189 Patrem
525 1138 553 1190 et
574 1128 681 1191 Filium
704 1129 829 1190 eundem
853 1149 920 1209 mse
943 1130 1046 1201 docet,
1069 1140 1099 1192 ct
1120 1141 1277 1213 utrumque

46 1230 140 1303 tollit,
174 1230 292 1291 Patrem
320 1230 455 1308 quidem,
490 1250 555 1293 cum
577 1230 671 1295 Filius
694 1241 755 1302 est,
778 1231 884 1292 Filium
906 1250 993 1304 vero,
1023 1251 1089 1293 cum
1113 1241 1158 1294 est
1179 1234 1276 1298 Pater.

45 1331 137 1405 Quod
159 1330 187 1392 si
209 1331 268 1392 duo
291 1349 383 1392 unum
407 1333 483 1401 sint,
514 1350 639 1395 necesse
668 1340 716 1394 est
738 1333 805 1394 illos
828 1333 903 1395 duos
926 1334 1045 1412 quidem
1068 1353 1152 1408 csse,
1187 1354 1276 1399 unum
1377 1347 1380 1352 ·

45 1451 118 1494 sero
147 1431 309 1493 secuudum
340 1433 523 1494 divinitatem
555 1441 584 1493 et
612 1441 758 1513 quatenus
786 1435 877 1496 Filius
900 1436 980 1512 Petri
1009 1445 1057 1497 est
1078 1435 1277 1498 consubstau-
1380 1414 1386 1425 ’

45 1534 127 1596 uatis
149 1541 181 1595 et
203 1551 239 1595 ex
262 1533 329 1612 ipso
352 1533 439 1594 Patre
461 1534 589 1594 Verbum
613 1545 668 1609 est,
692 1536 731 1597 ita
755 1545 787 1597 ut
809 1536 868 1597 duo
892 1536 1011 1616 quidem
1034 1536 1103 1610 sint,
1128 1538 1195 1616 quia
1218 1537 1278 1599 Pa·

44 1644 93 1698 tes
114 1646 174 1707 ost,
198 1642 229 1696 et
248 1633 340 1696 Filius
363 1635 441 1714 quod
464 1643 510 1696 cst
531 1635 669 1710 Verbum,
692 1655 783 1698 omum
805 1646 914 1707 autem,
936 1638 1004 1716 quia
1018 1638 1097 1699 Deus
1118 1656 1197 1699 unus
1219 1645 1276 1699 est.

43 1735 120 1798 Nam
143 1736 202 1797 nisi
225 1735 265 1796 ita
288 1736 337 1808 sit,
360 1736 517 1798 dicendum
541 1742 621 1798 certe
643 1737 684 1798 illi
708 1746 786 1799 emt:
809 1739 871 1818 Ego
894 1756 960 1799 sum
977 1740 1074 1811 Pater,
1096 1738 1141 1799 vel
1163 1739 1225 1818 Ego
1248 1746 1280 1801 et

41 1836 135 1899 Peter
156 1854 235 1898 sum.
278 1836 363 1898 Nunc
384 1856 456 1898 vero
480 1838 538 1899 ista
558 1856 631 1899 voce
646 1838 708 1919 Epo
723 1838 831 1901 Filium
852 1839 1012 1918 significan
1034 1838 1200 1918 genitorem
1223 1858 1277 1903 eu·

42 1946 122 2012 mm,
152 1956 219 2000 cum
242 1937 342 1999 subdit
365 1951 393 2002 et
414 1938 523 2011 Peter,
552 1938 681 2019 denique
709 1940 838 2002 dictione
859 1961 955 2004 unum
976 1958 1064 2002 unum
1095 1931 1278 2003 divinitatem

42 2057 190 2119 suumque
212 2039 348 2118 designat
369 2040 716 2104 consubstantialitatem.
761 2044 822 2103 Nec
844 2043 933 2112 enim,
957 2051 990 2103 ut
1010 2042 1143 2103 Gentiles
1163 2048 1289 2121 putent·

42 2141 126 2204 idem
148 2149 197 2201 est
218 2140 337 2220 sapiens
360 2150 391 2203 et
412 2141 572 2221 sapientia,
605 2143 651 2203 vel
673 2142 751 2204 idem
773 2143 861 2204 Pater
890 2154 920 2204 et
940 2143 1085 2216 Verbum,
1115 2143 1277 2204 absurdum

42 2243 127 2305 enim
150 2250 197 2302 cst
218 2242 346 2303 eundem
369 2243 415 2303 sui
439 2243 534 2322 ipsius
557 2253 672 2322 patrem
694 2263 781 2317 esse,
814 2263 916 2306 verum
941 2244 1040 2305 divina
1061 2244 1195 2304 docti-ina
1217 2244 1276 2304 l'a-

42 2351 122 2405 trem
146 2342 302 2404 etlilium
324 2343 416 2415 novit,
439 2343 604 2422 sapientem
627 2352 658 2406 et
679 2346 865 2424 sapientiem,
889 2345 981 2406 Deum
1005 2354 1035 2406 et
1050 2345 1188 2414 Verbum,
1211 2362 1276 2405 ma-

41 2443 124 2505 xime
146 2452 243 2506 autem
268 2452 359 2517 cavet,
382 2463 420 2506 ne
443 2445 512 2525 quid
536 2445 699 2520 dividuum,
722 2447 897 2510 dissolubile
911 2447 958 2508 vel
973 2445 1138 2526 separabile
1154 2445 1276 2506 omnino

42 2545 74 2607 in
97 2545 161 2606 Deo
183 2545 326 2608 admittet.
1390 2614 1392 2618 Α

133 2652 183 2712 10.
229 2647 365 2710 Ceterum
395 2648 421 2709 si
451 2650 517 2728 quis
546 2650 623 2710 duos
651 2650 857 2713 essePatrem
888 2647 1043 2710 etlilium
1073 2647 1196 2709 audiens
1219 2662 1361 2708 nosnos.
1464 2666 1468 2673 ’

42 2749 257 2822 columniam,
291 2749 375 2828 quasi
404 2749 454 2829 qui
483 2752 559 2812 duos
582 2750 660 2842 [teos
682 2750 856 2812 inducamus
889 2748 1035 2824 (nonnulli
1065 2749 1144 2810 enim
1167 2749 1196 2808 id
1220 2748 1276 2809 sibi

41 2852 176 2931 fingunt,
208 2850 367 2931 statimque
401 2870 457 2912 nos
480 2852 527 2913 bis
548 2851 646 2913 verbis
668 2852 808 2913 inrident:
836 2853 898 2911 Vos
921 2851 997 2911 dnos
1020 2849 1094 2910 deos
1117 2850 1275 2926 asseritis),
1297 2918 1300 2923 ,

42 2953 218 3017 huiusmodi
240 2953 411 3015 bominibus
435 2954 480 3015 sio
502 2953 744 3032 respondendum
766 2960 827 3014 est:
850 2951 880 3012 st
905 2953 943 3025 is,
966 2953 1017 3031 qui
1039 2952 1155 3012 Patrem
1179 2961 1208 3011 et
1224 2951 1276 3010 Fi·

41 3058 116 3120 lium
139 3056 284 3136 agnoscit,
307 3056 383 3116 duos
405 3055 479 3117 deos
503 3055 584 3137 dicit,
607 3072 732 3117 neccsse
755 3061 802 3115 est
823 3053 914 3133 igitur
935 3063 966 3114 ot
987 3052 1063 3113 Fibo
1086 3051 1240 3130 repudiato
1259 3070 1276 3112 a

42 3157 174 3222 Sabellio
199 3164 273 3231 stet,
303 3157 352 3236 qui
381 3174 473 3218 unum
496 3175 566 3218 esse
587 3154 690 3218 credit.
735 3154 867 3234 Namque
890 3154 916 3216 si
938 3154 981 3225 is,
1011 3154 1061 3233 qui
1089 3153 1166 3214 duos
1195 3151 1276 3224 dicit,

42 3258 170 3323 Gentilis
193 3266 255 3331 cst,
279 3257 367 3336 igitur
389 3258 455 3330 ille,
478 3257 529 3337 qui
551 3274 642 3319 unum
664 3257 751 3331 dicit,
775 3256 960 3318 Sabellianus
984 3263 1039 3315 est.
1083 3255 1192 3314 Verum
1214 3271 1277 3314 non

43 3360 84 3424 ita
107 3379 142 3423 sc
163 3378 214 3421 res
236 3359 341 3432 babet,
371 3359 464 3433 ebsit3
493 3358 546 3421 sed
568 3359 816 3438 quemadmodum
839 3359 882 3430 is,
905 3357 955 3435 qui
977 3357 1095 3416 Patrem
1119 3355 1284 3418 etlilium.

44 3463 123 3524 duos
152 3479 223 3522 esse
252 3461 402 3540 agnoscit,
434 3479 525 3522 unum
548 3461 641 3522 Deum
664 3479 732 3522 esse
754 3459 927 3530 confltetur,
956 3457 995 3517 ita
1018 3456 1082 3529 ille,
1110 3455 1160 3535 qui
1183 3456 1276 3516 Mum

44 3579 137 3625 mm
159 3561 264 3634 credit,
286 3562 403 3624 Patrem
427 3570 457 3623 et
479 3562 582 3623 Filium
606 3558 682 3624 duos
705 3561 805 3624 medat
827 3578 907 3635 esse,
934 3558 987 3620 scd
1010 3576 1101 3617 unum
1125 3557 1278 3619 divinitate

10 3650 15 3663 '
46 3670 77 3724 st
96 3670 243 3742 quatenus
272 3682 308 3724 ex
329 3664 416 3725 Patre
438 3671 540 3724 natum
562 3663 692 3725 Verbum
721 3663 758 3726 sb
788 3662 856 3742 ipso
872 3660 966 3722 ‘Patre
989 3676 1045 3719 nec
1066 3658 1198 3736 separari
1221 3673 1277 3717 nec

45 3763 135 3825 otdot
157 3780 214 3824 nec
235 3764 351 3843 seiungi
373 3772 483 3845 potest.
527 3765 675 3838 Humano,
698 3764 726 3825 si
745 3764 851 3842 placet,
874 3769 993 3823 utamur
1007 3759 1152 3838 exemplo.
1199 3755 1277 3834 ignis

46 3873 76 3925 et
97 3864 240 3945 splendor
263 3883 298 3925 en
321 3884 356 3926 eo
379 3872 464 3926 ortus
488 3865 546 3925 duo
570 3865 687 3943 quidem
711 3872 797 3937 sunt,
830 3871 974 3941 quatenus
1004 3862 1134 3922 existunt
1157 3865 1186 3917 et
1208 3875 1275 3917 cer—

77 4084 96 4135 i.
121 4082 193 4133 basil.
218 4091 241 4133 st
263 4083 356 4146 Anglic.
381 4078 537 4148 φυλάττειν.
586 4083 635 4132 lbi·
721 4083 744 4131 b.
761 4081 852 4143 logiis.
871 4071 926 4128 ἕνα.

42 4152 99 4231 ¹¹!
113 4152 182 4231 Μ·
206 4151 307 4214 S‘ssl‘f·
326 4151 423 4230 ΨΜ·
448 4160 475 4229 tl.
495 4149 599 4228 soem.
615 4149 635 4229 l·
720 4184 736 4233 a.
760 4183 802 4233 sa
820 4183 876 4245 neg.
901 4189 924 4230 e
941 4180 1041 4242 segne.
1076 4178 1104 4227 n
1129 4175 1233 4227 conten
1254 4183 1279 4226 u
1371 4168 1375 4178 '

41 4213 284 4269 madocomor.
314 4211 636 4268 tlisstsdmxotodto·
686 4247 793 4300 ΝΜ.
815 4249 838 4300 ¹·
863 4246 969 4314 (soma
990 4239 1022 4293 τὸ
1039 4239 1153 4308 πατέρα.
1189 4242 1234 4291 ΑΜ
1254 4250 1278 4294 a

42 4296 177 4417 nxz:
194 4354 335 4417 ”seam
351 4346 380 4400 u
399 4365 445 4400 ων.
481 4351 528 4401 Sed
547 4352 571 4402 in
590 4354 635 4402 se·
687 4319 760 4368 editio
773 4319 865 4368 Comm.
885 4313 999 4383 φρονεῖ·
1019 4312 1058 4377 τῷ
1076 4307 1189 4375 πατέρα.
1226 4309 1278 4360 llos

39 4420 284 4542 Me
303 4427 341 4471 e
384 4431 443 4535 rus
469 4428 536 4470 a
613 4428 637 4470 οι
687 4371 1276 4515 autumabat·{catacu-
