2948 5092
451 274 597 318 urrerom
612 276 643 318 ιι.
653 256 695 318 Ἅι)
712 276 910 321 summorum.
1231 267 1291 331 toi

60 427 111 489 bis
133 447 227 509 neque
250 427 344 488 Filius
367 436 486 505 putant,
509 445 575 488 curn
598 426 647 488 iiie
669 445 703 488 se
724 427 862 508 ignorare
883 440 1058 508 asseverat,
1079 451 1141 493 rem
1164 418 1376 497 creatameou.

61 542 96 590 'se
120 548 188 590 esse
210 527 384 607 significare.
430 528 536 590 Verum
560 528 681 590 nonita
703 537 759 603 ost,
782 528 869 591 absit.
913 531 1029 594 Etenim
1045 534 1292 612 quemadmodum

60 649 130 693 mm
153 630 240 690 dixit:
265 634 379 692 creavit
400 650 454 701 me,
478 630 636 690 humanam
657 640 791 692 naturam
814 632 997 711 designabat,
1021 636 1059 696 ita
1075 656 1140 698 cum
1159 636 1214 697 ait:
1238 656 1292 699 nc-

59 753 120 815 que
142 731 252 803 Filius,
282 732 406 792 eandem
436 732 593 793 humanam
623 741 757 793 naturam
781 734 947 796 denotabat.
992 736 1028 796 Et
1051 737 1168 817 quidem
1192 757 1291 809 causa,

60 852 119 896 cur
139 834 179 895 ita
201 832 318 894 locutus
341 833 395 901 sit,
427 832 510 894 valde
539 842 736 895 consentanea
765 845 821 896 est.
872 836 948 907 Quia
975 837 1054 899 eninr
1083 840 1173 900 homo
1196 841 1376 904 iaetusreoo.

60 943 121 1009 eat,
143 935 185 996 uti
208 934 351 1013 scripturn
375 943 431 1005 est,
455 945 484 995 et
507 935 658 997 bominum
674 936 828 1015 proprium
844 939 884 999 sit
907 939 1053 1017 ignorare,
1076 949 1153 1002 utet
1175 943 1292 1002 esurire

59 1036 273 1117 ceteraque-id
296 1055 388 1116 genus
421 1039 559 1116 (namque
581 1037 655 1098 nihil
681 1038 819 1101 homines
848 1050 1034 1119 cognoscunt
1061 1042 1119 1104 nisi
1147 1042 1292 1105 audierint

60 1149 92 1203 et
114 1138 295 1214 didicerint),
317 1139 428 1200 ideirco
450 1139 604 1201 hominum
626 1142 822 1219 ignorantiam
844 1151 990 1221 quatenus
1006 1144 1096 1205 homo
1111 1146 1205 1205 iaetus
1220 1162 1292 1223 prae

59 1260 97 1303 se
120 1242 198 1302 iorre
220 1242 326 1313 voluit,
349 1242 477 1322 primum
499 1243 618 1320 quidem
640 1252 671 1304 ut
694 1245 879 1318 ostenderet,
904 1263 938 1305 se
961 1264 1030 1307 vere
1052 1264 1160 1326 corpus
1182 1234 1312 1307 huma·

59 1362 137 1406 num
157 1343 277 1416 habere,
300 1344 405 1405 deinde
428 1352 460 1406 ut
480 1346 634 1406 hominum
656 1344 851 1424 ignorantiam
874 1347 904 1408 in
927 1366 1053 1427 corporo
1070 1366 1177 1428 gerens
1200 1357 1289 1409 natu·

59 1464 127 1508 ram
149 1446 306 1532 humanam
330 1447 366 1507 ab
390 1447 526 1508 omnibus
550 1446 689 1510 liberaret
710 1455 740 1509 et
760 1459 908 1528 purgaret,
931 1452 1149 1529 perfectamque
1169 1469 1203 1510 ac
1217 1467 1289 1510 san·
1382 1451 1386 1458 '

59 1555 141 1609 mam
167 1547 247 1608 Patri
281 1547 441 1609 exhiberet.
498 1548 575 1621 Quid
607 1549 697 1628 igitur
727 1551 842 1611 Arianis
875 1560 1030 1630 superest,
1063 1551 1142 1631 quod
1174 1551 1291 1630 possint

59 1647 242 1729 opponere?
286 1649 363 1721 Quid
386 1649 453 1709 novi
476 1650 512 1710 ad
535 1650 772 1729 obganniondum
795 1646 1027 1732 excogitabunt?
1072 1653 1225 1732 Siquidem
1240 1653 1288 1714 di-

57 1749 160 1813 lucide
181 1750 376 1823 ostendimus,
400 1769 453 1811 eos
477 1752 531 1811 bas
554 1770 643 1813 voces
665 1770 726 1813 non
748 1753 928 1832 intelligere:
952 1755 1100 1823 Dominus
1116 1759 1230 1817 creauit
1243 1772 1291 1816 me

58 1858 96 1915 ite
118 1870 215 1933 opero
242 1872 314 1924 ouo,
343 1861 374 1912 et
395 1852 453 1913 ne·
469 1854 515 1914 die
543 1863 643 1915 cutem
671 1854 832 1917 dionanto
855 1861 926 1939 scit,
956 1876 1049 1938 neque
1071 1857 1177 1936 Angeb‘
1197 1874 1291 1937 neque

59 1954 171 2018 nto-2.
221 1954 337 2015 Etenim
365 1963 397 2015 ut
426 1954 483 2015 hoe
513 1954 604 2015 verbo
639 1962 753 2018 creauit
785 1957 942 2018 humanam
971 1968 1105 2018 naturam
1134 1958 1289 2036 significat,

58 2057 132 2136 quia
152 2073 224 2116 rere
245 2057 335 2117 homo
358 2058 451 2117 iactus
474 2066 504 2116 et
527 2064 644 2119 creatus
668 2068 723 2131 est,
747 2067 778 2119 ut
807 2059 877 2120 item
900 2078 966 2121 oum
989 2061 1044 2121 ait:
1069 2061 1129 2140 Ego
1152 2071 1182 2121 et
1196 2060 1290 2122 Peter

57 2176 159 2221 marm
180 2176 300 2229 romae,
324 2166 354 2218 et
379 2158 442 2231 Qui
461 2160 542 2221 videt
562 2177 624 2228 me,
647 2163 727 2222 videt
749 2170 778 2221 ct
800 2160 932 2235 Putrem,
955 2169 986 2222 et
1007 2161 1069 2240 Epo
1092 2167 1124 2222 in
1147 2162 1239 2223 Putre
1261 2171 1291 2224 et

60 2259 156 2321 Pater
176 2263 209 2320 in
230 2279 285 2330 me,
310 2278 393 2320 suam
417 2260 621 2320 aeternitatem
644 2270 674 2321 et
694 2259 1027 2324 consubstantialitatem
1050 2282 1117 2324 cum
1133 2263 1218 2323 Patre
1234 2263 1289 2324 de·
1344 2316 1346 2321 .
1402 2264 1406 2273 '

59 2371 161 2433 notan
183 2363 223 2422 ita
245 2363 319 2422 baec
340 2361 444 2422 verba:
468 2361 560 2421 Nemo
583 2366 746 2441 tritaeque
763 2361 868 2432 Filius,
890 2371 1027 2442 tanquam
1050 2364 1141 2424 homo
1159 2372 1291 2442 usurpat,
1317 2435 1320 2441 ¹
1404 2394 1412 2403 ·

58 2466 131 2546 quia
153 2482 261 2544 nempe
282 2463 433 2543 proprium
458 2463 611 2523 hominnm
635 2463 676 2524 sit
697 2463 844 2542 ignorare.
889 2463 1047 2525 Enimvero
1071 2465 1134 2535 iile,
1167 2465 1217 2543 qui
1232 2465 1288 2525 ·di-

58 2569 117 2630 eit:
146 2566 239 2627 Neruo
267 2569 354 2627 novit
377 2564 499 2627 Putrem
521 2568 583 2625 nisi
604 2563 700 2626 Fiiiuc
722 2583 816 2645 neque
839 2564 949 2626 Filium
977 2571 1039 2626 nr'sr'
1060 2566 1165 2636 Potor,
1194 2565 1288 2626 multo
1383 2608 1398 2638 -,

56 2669 156 2748 magis
178 2686 228 2729 res
249 2675 361 2728 creatas
383 2664 462 2725 idem
485 2666 611 2726 noverit.
655 2665 731 2727 Hine
745 2665 885 2745 Discipuli
909 2667 986 2745 apud
1004 2667 1145 2727 ioannem
1160 2667 1288 2727 Domino
1363 2736 1366 2741 ,

57 2770 196 2834 aiebant:
226 2769 314 2830 Nunc
336 2771 445 2828 scimur
469 2771 538 2845 quio
561 2772 620 2828 scio
642 2772 752 2830 omm'o.
796 2768 897 2847 ltaque
921 2769 1108 2830 manifestum
1132 2777 1193 2842 est,
1216 2767 1290 2830 nihii

57 2873 149 2955 plane
172 2891 255 2943 esse,
285 2869 364 2949 qnod
388 2869 524 2929 Christus
554 2869 689 2947 ignoret,
719 2870 872 2949 cumipse
896 2871 936 2932 sit
958 2871 1101 2945 Verbum,
1131 2889 1185 2950 per
1208 2869 1289 2948 quod

58 2974 162 3037 omnia
184 2975 257 3035 iacta
281 2979 360 3032 smrt.
406 2971 552 3043 Quocirca
575 2971 643 3050 quia
664 2971 729 3033 dies
751 2971 799 3032 iiia
815 2972 924 3051 aliquid
941 2980 988 3033 est
1004 2991 1037 3033 ex
1054 2972 1203 3044 omuibus,
1227 2989 1287 3031 non

58 3076 184 3139 dubium
208 3084 256 3137 est
277 3074 349 3152 quin
370 3091 425 3152 per
446 3072 543 3151 ipsum
566 3073 637 3153 ipsa
652 3091 770 3152 quoque
788 3074 886 3135 futura
903 3074 950 3146 sit,
975 3073 1088 3135 etiamsi
1104 3073 1201 3134 driani
1217 3091 1289 3152 proc

58 3197 115 3240 sua
137 3175 305 3256 ignorantia
328 3174 494 3235 sexcenties
516 3173 731 3255 dirumpantur.

94 3417 116 3451 c.
137 3400 194 3461 Bag.
219 3399 359 3460 etSeguer.
385 3400 499 3448 omittunt
522 3387 559 3446 aie
582 3386 650 3460 ἔργα
700 3395 773 3445 florii.
798 3395 886 3445 babent
904 3411 1000 3460 qnoque
1018 3390 1107 3447 ἶκτισέ
1122 3409 1166 3461 με.
1204 3396 1248 3447 niti
1266 3402 1291 3447 et

59 3460 157 3524 «ὖῐοῦ,
177 3482 222 3517 nee
239 3482 268 3515 ea
286 3466 478 3516 certith'aouins.
515 3465 565 3513 ntor
577 3465 649 3514 iidem
702 3465 758 3514 editi
776 3458 911 3528 λέγωντὰ
930 3457 1027 3522 ἔκτισε,
1048 3459 1079 3513 τό
1098 3475 1144 3514 etc.

58 3538 117 3598 [teg.
137 3544 160 3585 et
178 3535 277 3596 Segoer.
295 3528 357 3599 περὶ
376 3528 404 3582 δὲ
421 3533 477 3593 τῆς.
517 3534 541 3581 ln
561 3533 651 3581 aiiiset
735 3527 992 3596 diiasityavrurei.
1031 3534 1120 3582 ibidem
1145 3533 1235 3592 dngtic.
1262 3524 1291 3580 dr

59 3597 274 3655 editisdideest.
310 3603 401 3650 ibidem
421 3603 491 3651 hasii.
517 3601 650 3662 etnngiic.
700 3591 1140 3665 rpnazi’roiwpeiayyettp,
1160 3614 1290 3665 quaeum-

60 3671 108 3732 τῆς
126 3663 228 3736 ἡμέρας
245 3659 346 3727 ἐκείνης
362 3664 408 3716 καὶ
427 3669 472 3729 τῆς
490 3661 570 3746 ὥρας.
601 3670 649 3718 Go-
701 3670 740 3716 nia
758 3669 845 3717 desunt
863 3670 886 3718 iu
905 3670 1002 3719 Gobier.
1023 3680 1046 3718 et
1064 3671 1169 3718 i'eietrn.
1192 3669 1212 3716 i.

58 3740 121 3789 bier.
142 3746 165 3788 et
184 3738 288 3787 i'eicim.
306 3738 327 3785 1.
353 3738 440 3785 ibidem
467 3728 529 3784 obde
554 3728 567 3782 ὃ
592 3727 650 3787 υἱός
735 3752 755 3784 o.
774 3738 816 3786 Sic
835 3739 990 3800 manuscripti
1010 3753 1102 3786 ornnes.
1128 3736 1204 3784 Editio
1216 3736 1289 3784 Com-

60 3796 125 3856 eide.
164 3805 222 3855 item
247 3806 336 3853 ibidem
361 3806 416 3866 iieg.
441 3806 539 3865 Seguer.
559 3803 649 3864 hughe.
702 3803 757 3851 mei.
777 3804 839 3852 maie
858 3795 966 3862 ἄδηλον.
1005 3806 1095 3854 ibidem
1115 3788 1164 3849 οὖν
1182 3803 1248 3851 deest
1263 3801 1288 3878 in

58 3875 132 3925 basii.
151 3874 249 3925 Gobier.
269 3872 374 3922 Feicim.
397 3872 417 3920 1.
445 3881 468 3937 et
494 3871 574 3920 Ottob.
602 3861 650 3923 uic·
701 3870 757 3931 Reg.
776 3880 799 3919 et
817 3873 917 3928 Segrrer.
954 3871 1005 3922 biox
1022 3873 1103 3922 ottob.
1129 3863 1210 3935 λόγος
1227 3882 1288 3933 ,γαρ

58 3956 117 4009 περ.
156 3941 236 3991 Ceteri
250 3949 274 3989 et
292 3942 349 3990 editi
368 3932 411 3992 eir·
451 3941 541 3988 Rursus
561 3939 649 3988 ibidem
688 3929 812 3986 iortdc'
838 3923 932 3988 odetc.

59 4011 159 4074 Segner.
177 4004 258 4071 λέγων
275 4003 341 4072 μέν,
362 4010 417 4068 dog.
435 4003 566 4071 λέγομεν,
587 4006 650 4055 maio
736 4008 750 4055 i.
779 4008 835 4068 Reg.
861 4012 960 4067 seguer.
986 4005 1083 4057 Gobier.
1108 4013 1130 4054 et
1150 4004 1289 4055 retribui.

58 4073 212 4143 prodirem
227 4071 294 4141 priv,
319 4076 608 4125 othobeutGobietian.
627 4083 651 4123 et
700 4067 789 4140 ἔντῇ.
827 4076 906 4124 Ceteri
925 4066 1204 4124 etodina’vomittunt.
1240 4071 1289 4122 ibi·

58 4148 164 4199 i’ciehm.
185 4144 224 4205 i.‚
249 4145 289 4207 qui
313 4144 385 4192 iidem
405 4152 429 4192 ot
447 4153 470 4193 et
486 4144 608 4204 Angiicao.
627 4149 651 4191 et
702 4143 755 4192 dem
775 4144 831 4205 hog.
851 4153 874 4194 et
892 4142 991 4206 Seguer.
1010 4134 1110 4189 αὐτῶν.
