2948 5092
127 184 171 247 at
548 175 552 181 ’
659 198 831 243 eassrarro.
882 214 885 218 ⁴

127 351 330 413 Antiochenae
358 348 523 411 modestius
553 367 587 410 se
615 349 691 410 intra
721 347 864 410 terminon
893 346 1009 410 divinae
1036 349 1243 428 patefactionis
1273 354 1362 417 cohi-

88 511 92 517 .
128 451 193 537 buit
221 469 277 513 nec
310 448 465 530 quicquam
488 448 591 511 babuit
622 449 770 529 antiquius
799 467 887 528 quarn
915 458 947 511 ut
975 450 1111 528 dogmata
1133 451 1201 512 fidei
1224 454 1261 515 ad
1283 454 1361 517 uitae

127 552 360 615 conformandae
388 570 474 613 usum
503 552 670 624 conterret,
698 550 824 629 ideoque
851 549 1010 630 praecipue
1041 550 1177 630 dogmata
1209 573 1277 616 cum
1299 556 1361 618 vita

76 701 80 709 .
126 650 321 732 acribusque
344 652 390 715 vel
412 672 478 715 curn
501 653 609 714 horum
632 652 797 732 praeceptis
819 652 1006 714 cohaerentia
1028 659 1058 713 et
1079 653 1247 727 coniuncta,
1277 657 1360 720 velut

126 752 165 815 de
186 762 326 834 peccato,
351 753 387 815 de
409 753 503 815 libere
526 748 648 815 arbitrio
672 762 702 814 et
723 752 815 832 gratia
837 771 872 814 ac
891 753 1179 833 praedestinatione,
1203 755 1240 817 de
1263 757 1361 820 salute

125 873 182 936 per
214 852 367 917 Christum
400 865 533 938 reparata
567 857 690 934 eiusque
722 854 949 933 consequendae
980 853 1069 915 modo
1100 864 1130 916 et
1158 855 1360 932 adminiculis,

126 956 297 1035 diligentius
332 957 480 1036 exposuit.
535 955 590 1018 Ubi
621 956 658 1016 de
687 955 744 1016 illis
770 955 844 1017 locis
876 955 1051 1034 theologicis
1084 957 1252 1036 quaeritur,
1285 977 1362 1021 sane

126 1057 328 1119 consulendus
351 1066 397 1119 est
419 1057 668 1136 Chrysostomus,
700 1056 737 1117 de
761 1055 908 1136 mysteriis
934 1056 1073 1123 trinitatis
1096 1056 1143 1117 dei
1166 1065 1197 1118 et
1217 1057 1360 1121 incarna-

127 1159 220 1220 tionis
248 1177 309 1220 non
339 1159 420 1220 item.
470 1157 564 1219 Nemo
593 1157 683 1236 igitur
711 1156 766 1217 nisi
796 1156 846 1236 qui
874 1157 985 1237 hospes
1016 1167 1063 1219 est
1089 1157 1120 1219 in
1149 1158 1360 1238 Chrysostomi

123 1259 313 1339 aliorumque
335 1268 453 1338 patrum
475 1259 607 1339 scriptis,
629 1256 794 1330 mirabitur,
817 1258 896 1336 quod
918 1259 949 1318 in
972 1258 1153 1320 collectione
1175 1269 1281 1322 nostra
1303 1280 1362 1324 nec

124 1360 200 1423 aliae
233 1359 367 1422 eiusdem
391 1380 428 1422 ex
460 1359 682 1422 commentariis
704 1359 733 1419 in
768 1359 945 1439 scripturam
980 1379 1093 1420 sacram
1124 1360 1281 1435 homiliae,
1304 1380 1364 1424 nec

126 1461 193 1523 illae
215 1461 371 1524 duodecim
394 1471 498 1523 contra
519 1463 689 1523 hnomoeos
712 1460 774 1521 sive
796 1458 999 1521 Eunomianos
1020 1460 1137 1522 habitae
1158 1462 1362 1540 reperiuntur,

126 1563 205 1647 inter
226 1581 300 1641 quas
323 1562 454 1642 quinque
481 1563 599 1643 priores
622 1570 652 1622 et
671 1561 826 1623 undecima
850 1562 885 1622 de
907 1562 1204 1642 incomprehensibili
1225 1564 1274 1624 dei
1301 1583 1363 1627 nn-

128 1675 218 1735 tsro,
243 1663 370 1743 septima
393 1666 428 1727 de
458 1663 714 1727 consubstantiali
740 1671 769 1724 et
796 1661 970 1723 duodecima
999 1664 1033 1725 de
1062 1664 1218 1725 divinitate
1243 1665 1365 1728 Christi

126 1783 223 1845 paene
256 1773 336 1826 totae
370 1773 441 1826 sunt
474 1764 639 1844 argumenti
670 1762 829 1843 dogmatici
863 1782 897 1824 ac
928 1762 1074 1842 polemici.
1119 1763 1183 1824 Vid.
1207 1764 1286 1845 Opp.
1308 1767 1380 1829 cd.=

125 1866 315 1928 llontlaucon
343 1866 438 1927 Paris.
461 1884 488 1927 a.
514 1867 605 1930 1834.
638 1865 724 1927 Tom.
748 1865 769 1926 Ι.
799 1882 827 1942 p.
851 1866 1032 1929 ste—680.
1075 1865 1139 1926 lluo
1163 1874 1260 1927 autern
1284 1865 1361 1928 Ser-

128 1985 244 2041 mones,
266 1985 344 2029 unus
370 1969 405 2029 de
428 1979 535 2029 sonato
558 1971 711 2038 trinitate,
742 1964 817 2026 alter
838 1967 873 2027 de
896 1978 1000 2029 sancto
1031 1970 1159 2045 spin'tn,
1188 1964 1220 2026 in
1248 1965 1361 2046 quibus

125 2069 398 2148 argumentationes
427 2077 529 2129 contra
556 2068 682 2129 Arianos
711 2076 742 2128 et
761 2066 994 2129 Macedonianos
1028 2066 1145 2129 tenuius
1178 2073 1209 2128 et
1240 2068 1361 2129 annuus

125 2178 305 2249 tractantur,
336 2187 396 2230 non
420 2170 554 2230 relerunt
581 2169 659 2230 illam
683 2168 887 2247 Chrysostomi
917 2177 1025 2246 sponte
1047 2168 1187 2229 fluentem
1210 2167 1361 2247 eloquen-

123 2270 195 2331 tiam
224 2277 253 2331 et
280 2280 439 2350 propterea
466 2269 546 2330 inter
574 2269 674 2349 spuria
703 2269 794 2348 posili
826 2277 896 2330 sunt
923 2268 1009 2330 Tum.
1033 2269 1055 2330 Ι.
1084 2288 1114 2348 p.
1140 2271 1234 2333 1024.
1257 2287 1305 2349 sq.
1330 2280 1363 2331 et

125 2369 176 2432 ΙΙΙ.
199 2388 230 2449 p.
254 2373 327 2435 964.
353 2390 397 2449 sq.
442 2370 485 2432 Ne
502 2379 600 2431 tamen
621 2371 693 2432 tanti
708 2369 840 2431 doctoris
867 2386 976 2431 nomen
1000 2370 1121 2430 omnino
1144 2368 1223 2430 absit
1243 2368 1280 2431 ab
1304 2370 1363 2432 bac

126 2470 316 2542 bibliotheca,
352 2472 449 2532 locum
483 2470 559 2532 dabo
593 2470 803 2532 celeberrimae
831 2469 867 2530 ad
890 2469 1059 2531 Caesarium
1089 2469 1230 2549 epistolae
1252 2478 1361 2532 contra

122 2556 349 2652 Apollinaristas
371 2573 499 2651 scriptae
522 2571 612 2651 (Opp.
628 2572 714 2632 Tum.
736 2571 786 2631 lll.
802 2589 832 2650 p.
849 2572 1041 2647 895—900.)
1065 2579 1095 2633 et
1116 2572 1245 2632 sortasse
1267 2572 1361 2634 ctiam

123 2674 256 2736 sermoni
279 2673 320 2734 illi
343 2680 444 2735 contra
466 2671 604 2746 Arianos,
628 2672 678 2751 qui
700 2680 847 2733 extremus
871 2680 917 2732 cst
939 2671 1015 2733 inter
1031 2670 1232 2751 Chrysostomi
1248 2670 1360 2735 Homi-

122 2775 177 2837 lias
194 2775 224 2836 V.
249 2795 284 2836 ex
307 2775 372 2837 cod.
389 2773 551 2836 Drasdensi
574 2772 610 2863 ab
632 2773 764 2835 Bechero
789 2773 915 2853 primum
940 2773 1034 2834 editas
1056 2772 1185 2852 Lipsiae.
1207 2792 1234 2833 a.
1261 2776 1359 2840 1839.

123 2876 290 2955 lnscriptus
314 2886 360 2937 est
375 2872 435 2952 Εἷς
455 2871 504 2953 τὸ,
521 2871 758 2959 Κατοοοήσατε
772 2870 829 2937 τὸν
846 2865 1035 2938 ἀπόστολον
1057 2868 1113 2936 καὶ
1126 2863 1281 2957 ἀρχιερέα
1296 2875 1359 2960 τῆς

123 2969 301 3058 ὁμολογίας
328 2969 420 3057 ἡμῶν
439 2967 561 3059 Ἰησοῦν
585 2971 733 3056 Χριστὸν
761 2971 882 3038 πιστὸν
913 2969 993 3038 ὄντα
1021 2974 1068 3057 τῷ
1092 2969 1272 3056 ποιήσαντι
1296 2969 1359 3039 αὐ-

121 3072 189 3139 τόν.
214 3075 315 3146 (Hebr.
339 3074 389 3134 lll.
416 3079 456 3140 1.t
500 3074 568 3134 Pari
589 3074 696 3146 modo,
720 3075 746 3135 si
768 3074 949 3137 voluminum
974 3093 1112 3136 mensura
1141 3074 1170 3134 id
1191 3076 1357 3152 permittet,

121 3175 222 3239 anilii
245 3171 325 3256 περὶ
339 3175 397 3236 τοῦ
413 3167 508 3258 ἁγίου
530 3170 718 3254 πνεύματος
738 3174 814 3265 libro
837 3175 873 3236 ad
888 3175 1124 3255 Amphilochium
1146 3176 1234 3236 huius
1258 3175 1359 3254 ipsius

122 3275 279 3357 epistolam
302 3274 471 3356 synodicam
494 3294 509 3336 a
533 3275 680 3337 Cotelerio
696 3277 878 3337 hlorrument.
901 3276 1009 3338 eccles.
1038 3295 1081 3355 gr.
1097 3275 1183 3337 Tem.
1206 3276 1243 3337 ll.
1265 3295 1296 3356 p.
1313 3280 1357 3341 99

122 3381 238 3440 -rub
261 3376 388 3456 primum
417 3376 592 3456 publicatam
620 3376 792 3450 subiiciam,
822 3385 908 3457 atque
937 3378 977 3439 illi
1001 3377 1204 3456 Chrysostomi
1237 3379 1356 3455 episto-

122 3477 167 3538 lae
189 3476 341 3538 adnectam
357 3477 482 3539 selectas
505 3477 617 3558 aliquot
631 3476 740 3539 isidori
756 3478 923 3541 Pelusiotae
945 3478 1098 3558 epistolas,
1121 3495 1197 3557 quac
1218 3476 1254 3536 nd
1278 3496 1357 3539 con·

122 3577 298 3639 troversiam
322 3578 359 3640 de
380 3579 470 3639 modo
492 3587 522 3640 et
543 3579 650 3640 ellectu
672 3579 891 3641 coniunctionis
920 3579 1075 3659 utriusque
1103 3578 1134 3640 in
1156 3578 1274 3640 Christo
1298 3597 1355 3640 na-

122 3686 208 3740 turae
228 3678 389 3757 pertinent.

206 3778 265 3839 Sed
288 3780 360 3840 satis
375 3779 433 3840 iam
448 3779 661 3859 exemplorum,
684 3798 720 3840 ex
735 3779 841 3859 quibus
856 3788 1068 3860 cognoscatur,
1092 3778 1253 3858 quomodo,
1277 3799 1356 3860 quae

121 3876 159 3939 da
181 3878 297 3941 delectu
325 3879 510 3941 instituendo
539 3882 605 3961 ipse
634 3880 706 3942 mihi
733 3880 929 3961 praescripsi,
959 3888 1118 3942 exsecutus
1141 3881 1208 3942 sim.
1251 3880 1357 3961 ltaque

122 3979 159 4040 ad
187 3979 298 4059 reliqua
328 3981 503 4061 progrediar
531 3981 749 4060 lectoribusque
776 3981 913 4044 indicabo
942 3981 1008 4062 ipsa
1036 3989 1154 4062 patrum
1176 3999 1355 4061 graecorum

120 4080 272 4161 opuscula,
296 4101 381 4162 quae,
405 4084 431 4144 si
446 4082 559 4161 coeptis
582 4083 656 4145 deus
678 4082 824 4156 adnuerit,
847 4091 881 4145 ut
902 4081 1081 4145 bibliotheca
1106 4082 1219 4145 absolvi
1240 4084 1353 4162 possit,

119 4181 241 4244 collecta
263 4182 295 4244 in
316 4203 350 4245 ea
372 4185 567 4264 reperientur.
612 4184 651 4246 dt
663 4185 792 4264 primum
814 4184 934 4264 quidem
956 4184 994 4246 de
1015 4183 1221 4246 Athanasianis
1244 4183 1353 4260 dicam,

45 4366 48 4371 Ι
119 4301 195 4363 quae
215 4285 313 4365 primo
335 4285 393 4347 hoc
414 4285 562 4348 volumine
584 4285 799 4366 comprehensa
820 4285 891 4347 viris
914 4286 1009 4348 doctis
1032 4287 1207 4348 offeruntur.

206 4386 287 4448 lnter
309 4387 473 4466 scriptores
497 4405 619 4467 graecos
642 4387 751 4451 saeculi
774 4387 881 4469 qunti,
903 4387 954 4466 qui
981 4387 1118 4466 dogmata
1141 4405 1224 4449 sacra
1253 4405 1351 4467 expo-
