2948 5092
103 217 144 279 72
502 212 936 271 s.srasussrrsuca1aarscoer

15 383 244 455 νοωστασίας
271 373 380 463 πατὴρ
408 379 551 458 γέγονεν,
582 368 600 435 ό
626 369 683 437 καί
709 368 792 436 κατὰ
819 368 877 458 τὴν
906 363 1005 455 ἀρχὴν
1026 364 1103 454 όμίν
1124 367 1329 456 έπισπείρας

104 477 162 563 τὴν
185 471 338 562 ἀσέβειαν
360 475 495 562 ταύτην,
518 471 574 538 καὶ
594 474 651 537 νῦν
673 471 837 556 λοιδορεῖν
858 469 917 558 τὴν
940 468 1165 558 οίκουμενικὴν
1187 468 1327 537 σύνοδον

104 570 229 656 πείσας
251 574 351 658 ῦιιᾶς,
383 571 436 642 ότι
462 574 506 659 μὴ
534 572 577 639 τὰ
599 568 737 658 ὑμέτερα
759 567 843 639 ἀλλὰ
864 573 968 638 ταῦτα
989 569 1208 658 γεγράφασιν,
1240 567 1327 657 άπερ

104 680 138 747 οἱ
167 673 223 745 ἀπ’
249 673 349 765 ἀρχῆς
377 671 542 743 αὐτόπται
563 672 619 740 καί
637 669 800 760 ῦπηρέται
822 663 883 739 τοῦ
904 670 1001 757 λόγου
1021 671 1193 758 γενόμενοι
1216 697 1327 757 παρα-

103 779 295 847 δεδώκασιν.
339 777 378 865 ἣν
406 775 467 862 γάρ
488 773 508 863 ἡ
531 773 669 853 σύνοδος
690 774 860 862 ἐγγράφως
882 768 1072 859 ώμολόγησε
1093 779 1220 854 πίστιν,
1243 770 1326 862 αῦτη

9 875 14 880 ’
105 885 163 968 τῆς
194 882 374 967 καθολικῆς
407 878 575 963 ἐκκλησίας
608 875 687 942 ἔστί.
731 875 850 962 ταύτην
881 874 1080 952 ἐκδικοῦντες
1109 875 1142 940 οἱ
1168 875 1328 962 μακάριοι

106 988 246 1067 πατέρες
278 978 382 1059 οὕτως
412 979 575 1065 ἔγραψαν,
608 977 663 1043 καὶ
689 985 878 1064 κατέκριναν
904 974 962 1064 την
981 971 1153 1073 Ἀρερανὴν
1182 977 1327 1063 αἵρεσιν·

107 1082 159 1149 διὸ
182 1082 403 1166 μάλιστακαὶ
426 1077 614 1165 διαβάλλειν
636 1077 693 1164 τὴν
715 1077 853 1144 σόνοδον
876 1077 1107 1162 ἐπιχειροῦσιν.
1154 1072 1192 1142 οῦ
1214 1077 1277 1163 γὰρ
1292 1076 1327 1142 αλ

106 1184 210 1263 λέξεις
231 1179 350 1261 αῦτοῦς
371 1183 546 1257 λυποῦσιν,
571 1173 638 1244 ἀλλ’
664 1175 717 1244 ὅτι
738 1178 772 1245 ἒν
796 1173 910 1256 αὐτοῖς
932 1172 1180 1263 ἀπεδείχθησαν
1204 1178 1327 1264 αίρετι-

7 1296 8 1304 ’
105 1282 160 1351 κοί
179 1281 235 1350 καί
256 1287 322 1350 τῶν
345 1281 454 1349 ἀλλων
475 1279 651 1364 ἀίρέσεων
672 1279 917 1366 τολμηρότεροι.
1266 1340 1290 1373 .-

191 1390 241 1452 28.
284 1378 417 1465 Ἀμέλει
443 1383 509 1446 τῶν
537 1380 704 1459 λεξειδίων
732 1376 840 1447 αῦτιῦν
863 1382 1059 1462 δειχθέντων
1081 1376 1158 1445 τότε
1180 1376 1326 1466 φαύλων,

105 1483 162 1552 καί
183 1480 236 1552 ἀεὶ
258 1485 294 1550 δὲ
316 1478 508 1568 εῦελέγκτων
531 1478 635 1548 όντων
658 1478 702 1560 ώς
717 1479 855 1567 ἀσεβῶν,
880 1479 1056 1567 ἐχρήσαντο
1071 1474 1149 1564 παρ’
1171 1475 1327 1567 Ἑλλήνων

20 1585 227 1652 usitamus
255 1584 313 1672 τὴν
342 1584 429 1662 λέξιν
451 1586 508 1648 τοῦ
532 1577 722 1670 Ι’ἀγενήτοω
752 1583 808 1648 ἵνα
834 1580 1007 1669 προφάσει
1032 1583 1086 1647 καί
1118 1580 1237 1647 τοῦτου
1268 1580 1326 1647 τοῦ

106 1678 268 1768 ὀνόματος
296 1684 329 1750 έν
359 1694 431 1763 τοῖς
451 1695 599 1771 γενητοῖς
620 1683 723 1750 πάλιν
745 1682 799 1750 καὶ
821 1693 892 1761 τοῖς
913 1679 1069 1766 κτίσμασι
1093 1685 1328 1768 συναριθμιῦσι

104 1783 163 1853 τόν
190 1788 249 1850 τοῦ
277 1789 361 1853 θεοῦ
385 1784 495 1870 λόγον,
521 1780 567 1852 δι’
593 1774 631 1850 οῦ
653 1779 737 1851 αὐτοὶ
758 1784 800 1850 τά
820 1783 938 1871 γενητὰ
960 1790 1104 1870 γέγονεν·
1133 1779 1239 1863 οὕτως
1262 1782 1328 1850 είσὶ

104 1884 191 1971 πρὸς
219 1881 373 1971 ἀσέβειαν
403 1876 613 1969 ἀναίσχυντοι
634 1885 690 1951 καὶ
711 1885 797 1971 πρὸς
820 1884 878 1964 τὰς
899 1888 958 1951 τοῦ
979 1892 1092 1970 κυρίου
1114 1887 1327 1972 βλαςφημίας

105 1986 298 2075 φιλόνεικοι.
344 1988 374 2054 εί
399 1990 459 2071 μέν
487 1978 545 2054 οῦν
568 1982 759 2072 ἀγνοοῦντες
780 1986 819 2052 τὸ
842 1983 948 2070 ὄνομα
968 1981 1073 2063 οῦτως
1095 1980 1329 2069 ἀναισχυντοῦ-

105 2110 175 2168 σιν,
205 2089 272 2155 έδει
293 2095 417 2172 μαθεῖν
440 2085 559 2166 αὐτοὺς
580 2086 673 2173 παρὰ
694 2092 760 2153 τών
783 2084 896 2166 αὐτοῖς
919 2086 1108 2154 δεδωκότων
1130 2083 1243 2168 οαάτό,
1276 2083 1330 2153 ότι

104 2188 161 2255 καί
189 2187 226 2255 ὃν
254 2191 403 2274 λέγουσιν
432 2189 465 2256 έκ
493 2193 551 2255 τοῦ
581 2185 712 2274 ἀγαθοῦ
735 2192 811 2255 νοῦν
833 2188 888 2254 καί
909 2187 967 2275 τὴν
990 2188 1024 2254 ἐκ
1046 2191 1104 2253 τοῦ
1128 2192 1185 2255 νοῦ
1209 2187 1326 2275 ψυχήν,

102 2296 212 2355 καίτοι
233 2289 447 2372 γινώσκοντες
468 2290 506 2355 τὸ
529 2290 564 2369 ἐξ
585 2281 630 2357 ὧν
654 2290 745 2369 εἰσιν,
763 2285 821 2355 οῦκ
836 2288 1052 2378 ἐφοβήθησαν
1069 2285 1159 2373 όμως
1173 2292 1228 2356 καὶ
1244 2285 1329 2357 αάτά

104 2389 212 2456 εἰπεῖν
235 2386 388 2477 ἀγένητα,
421 2390 545 2469 εἰδότες
573 2388 626 2457 ότι
647 2391 702 2457 καί
722 2395 820 2456 τοῦτο
844 2392 991 2476 λέγοντες
1013 2386 1070 2456 οῦκ
1092 2389 1269 2456 ἐλαττοῦσι
1289 2390 1329 2456 τὸ

104 2494 253 2576 πρώτον,
278 2492 314 2570 ἐξ
335 2480 373 2556 οῦ
394 2490 450 2556 καί
471 2495 575 2557 ταῦτα
596 2498 736 2578 πέφυκε,
767 2495 820 2558 καὶ
844 2486 863 2576 ἢ
884 2495 937 2557 καὶ
960 2485 1079 2570 αότοῦς
1102 2487 1188 2556 οῦτω
1212 2492 1327 2576 λέγειν,

103 2584 126 2677 ἢ
145 2591 299 2677 μηδόλως
320 2593 424 2677 λέγειν
446 2596 524 2678 περὶ
547 2581 592 2657 ών
616 2587 672 2657 οῦν.
695 2593 815 2658 ἴσασιν.
847 2592 876 2659 εἰ
899 2593 935 2658 δὲ
957 2593 1127 2676 νομίζουσι
1144 2591 1325 2676 γινώσκειν,

104 2687 281 2776 ἀναγκαῖον
304 2688 422 2770 αῦτοῦς
445 2693 623 2778 ἐρωτῆσαι,
652 2693 727 2759 ἐπεὶ
748 2693 893 2777 μάλιστα
914 2697 967 2759 καὶ
991 2688 1070 2759 todi
1093 2692 1182 2760 ἔστιν
1205 2693 1240 2759 ἔκ
1261 2697 1328 2760 τῶν

103 2797 209 2858 θείων
236 2796 373 2880 γραφῶν
399 2790 417 2879 ἡ
441 2795 543 2873 λέξις,
573 2789 657 2860 ἀλλὰ
678 2792 780 2859 πάλιν
803 2791 960 2881 ἀγράφως
982 2796 1156 2872 λαλοῦντες
1178 2796 1328 2880 φιλονει-

102 2894 224 2958 κοῦσιν.
271 2894 332 2978 ἐγώ
354 2894 495 2981 μὲνγὰρ
518 2894 576 2982 τὴν
598 2895 707 2960 αἰτίαν
729 2894 784 2960 καὶ
805 2893 863 2982 τὴν
885 2894 1043 2972 διάνοιαν,
1067 2889 1143 2960 καθ’
1160 2891 1233 2982 ηνῆ
1250 2894 1329 2961 σόν-

103 2993 181 3070 σδος
209 2992 248 3057 τὸ
277 2993 311 3060 ἐκ
336 2999 396 3080 ,τῆς
424 2990 538 3074 οῦσίας
567 2995 681 3062 καὶτὸ
705 2990 882 3079 δμοοόσιον
904 2996 1090 3082 συμφώνως
1111 3000 1183 3073 τοῖς
1205 2995 1240 3061 ἐκ
1260 2999 1329 3064 τῶν

102 3096 239 3180 γραφῶν
268 3098 345 3181 περὶ
374 3099 433 3161 τοῦ
463 3099 611 3184 σωτῆρος
638 3096 833 3183 εἰρημένοις,
863 3095 918 3162 καί
940 3093 1015 3163 ὅσοι
1037 3095 1104 3182 πρὸ
1126 3091 1235 3162 αῦτιῦν
1258 3095 1328 3176 ἐξέ-

102 3198 204 3260 θεντο
226 3200 368 3281 πατέρες
389 3199 442 3262 καί
467 3196 624 3282 ἔγραψαν,
650 3196 869 3284 διηγησάμην·
892 3194 947 3262 καὶ
969 3191 1065 3263 αὐτοὶ
1079 3199 1125 3277 δέ,
1150 3198 1245 3283 ε’ίπερ
1261 3195 1329 3283 ἀρα

119 3365 158 3405 .ι.
177 3349 255 3399 Editio
268 3351 411 3400 parisiensis
424 3344 575 3416 αἱρετικιῦν.
593 3355 621 3401 λι
631 3366 690 3401 mss.

102 3423 126 3466 et
148 3416 221 3466 editio
246 3417 362 3467 Commel.
388 3411 526 3487 αἱρέσεων.
562 3420 690 3470 Nihilomi-

102 3497 149 3533 nus
159 3487 286 3535 commode
296 3486 404 3535 redditur
415 3502 458 3549 per
468 3501 549 3536 rocem
560 3489 690 3538 haereticis.

95 3603 98 3606 ,
136 3550 160 3601 b.
179 3552 219 3601 Sic
238 3554 293 3615 fleg.
318 3562 341 3601 οι
359 3553 431 3603 llasil.
457 3555 495 3603 lic
518 3565 541 3604 et
565 3556 689 3617 deinceps.

103 3619 137 3667 lta
156 3633 251 3683 quoque
271 3621 327 3681 legit
337 3621 476 3670 ambrosius
487 3622 688 3681 camaldulensis,

102 3686 143 3749 qui
162 3688 239 3749 ipsam
257 3702 338 3737 vocem
350 3689 464 3739 Graecam
483 3691 506 3738 in
517 3704 560 3740 sua
579 3691 689 3740 versione

101 3754 197 3803 retinet.
233 3755 259 3804 ln
281 3755 354 3817 Regia
373 3756 456 3805 codice
475 3757 567 3820 aliquot
585 3759 608 3806 in
627 3757 688 3806 locis

102 3833 130 3869 ea
148 3835 190 3869 vox
209 3837 263 3872 cum
282 3823 371 3886 duplici
389 3837 406 3870 ν
424 3825 502 3874 luerat
521 3825 626 3889 scripta,
645 3823 687 3872 sed

101 3886 191 3942 ibidem
210 3904 257 3940 uuo
277 3891 355 3939 deletu
375 3892 500 3941 amendata
514 3901 558 3942 est.
595 3893 687 3953 Lugen-

101 3953 157 4003 dum
177 3970 231 4005 esse
250 3948 384 4019 ciysrrirou
401 3967 474 4021 patet,
494 3961 548 4022 quin
569 3960 628 4008 llaec
646 3973 687 4008 vox

100 4024 233 4084 opponitur
251 4027 301 4073 ruci
311 4024 436 4088 γενητοῦ,
451 4035 474 4074 ιιι
484 4027 507 4075 in
521 4027 688 4075 ldurnnitione

100 4081 136 4151 [n.
156 4088 252 4153 6.-8,]
271 4093 421 4141 observatum
441 4102 483 4141 est.
505 4095 629 4142 Praeterea
641 4093 687 4156 Cy·

99 4154 170 4204 rillus
187 4158 376 4218 Alexandrinus,
401 4161 440 4223 qui
460 4161 483 4208 id
502 4161 644 4209 vocabulum
663 4161 686 4209 iu

100 4221 381 4276 Thesaurutssenione
406 4229 483 4289 prima
508 4228 593 4277 eadem
614 4228 685 4277 ruodo

99 4290 216 4352 explicat,
235 4308 283 4357 quo
303 4294 363 4342 inlra
383 4294 540 4355 Athanasius,
564 4294 624 4344 illud
643 4311 686 4359 per

742 3367 786 3416 per
804 3355 899 3402 unicum
918 3368 934 3399 ν
952 3353 1054 3414 habent,
1078 3354 1134 3403 licet
1151 3353 1205 3404 aliis
1222 3353 1246 3403 ia
1266 3354 1327 3403 lucis

742 3423 788 3469 lanc
818 3420 959 3469 uocabulum
990 3435 1035 3482 per
1058 3420 1146 3484 duplex
1169 3435 1187 3467 ν
1210 3421 1326 3471 scribant.

742 3487 816 3536 Porro
836 3489 897 3536 torte
916 3487 1039 3537 al‘latona
1057 3488 1257 3538 hauedictianem
1272 3503 1326 3538 rnu-

740 3555 797 3602 luati
816 3555 974 3616 sanatriani;
994 3555 1014 3604 is
1032 3557 1095 3604 enirn
1114 3556 1137 3604 in
1151 3555 1261 3605 Phaedra
1274 3557 1327 3605 ani-

740 3636 803 3670 mam
823 3624 855 3671 ait
873 3637 927 3672 asse
945 3613 1088 3685 ἀγένητον,
1103 3637 1165 3687 qnae
1175 3637 1218 3672 rur
1228 3638 1327 3688 qunque

739 3704 783 3752 per
801 3703 874 3738 unum
892 3704 909 3735 ν
927 3691 1014 3739 ibidem
1033 3691 1154 3740 scribitur.
1190 3690 1254 3740 llaec
1271 3698 1328 3741 sant

740 3756 846 3805 Platonis
871 3759 941 3806 varlia
967 3754 1003 3822 [p.
1024 3757 1080 3823 245.
1101 3753 1213 3822 Steph.]:
1245 3755 1326 3804 Πᾶσα

739 3817 813 3902 Ψυχὴ
839 3814 986 3877 ἀθάνατος.
1024 3819 1054 3873 τὸ
1085 3818 1140 3892 γάρ
1169 3816 1325 3884 ἀεικίνητον

740 3886 896 3939 ἀθάνατον·
915 3886 946 3938 τὸ
966 3881 993 3939 δ’
1014 3885 1077 3939 ἀλλο
1094 3890 1197 3947 κινοῦν,
1215 3887 1263 3939 καὶ
1280 3883 1322 3940 ὑπ’

740 3950 821 4006 ἀλλον
844 3953 1019 4023 κινούμενον,
1047 3955 1154 4007 παῦλαν
1171 3952 1235 4024 ἔχον
1252 3953 1325 4017 κινιῑ-

739 4038 816 4080 σεως,
835 4023 942 4073 παῦλαν
958 4019 1012 4090 ἔχει
1030 4025 1105 4085 ζωῆς,
1155 4019 1222 4073 όνον
1240 4020 1273 4084 δὴ
1293 4019 1323 4073 τό

739 4086 805 4140 αὑτὸ
822 4092 924 4147 κινοῦν,
945 4085 992 4142 άτε
1010 4085 1058 4141 οῦκ
1074 4087 1127 4143 ἀπο
1158 4086 1332 4148 ῖπονέαυτό,

739 4152 836 4208 οῦιιοτε
853 4154 928 4223 λόγοι
938 4154 1200 4226 κινοῦμενοσζῆάλλὰ
1211 4155 1324 4213 καὶτοῖς

738 4218 827 4280 ἄλλοις
856 4219 908 4275 ὅσα
930 4228 1060 4283 κινεῖται,
1085 4222 1167 4276 ’τοῦτο
1185 4222 1259 4291 πηγὴ
1278 4221 1323 4275 καὶ

738 4287 807 4373 ἀρχίρ
828 4288 968 4375 uiuisque,
988 4287 1058 4361 ἆρλδ
1077 4289 1107 4344 δὲ
1125 4287 1268 4372 ἀγένητον.
1296 4287 1325 4350 ἐξ

99 4357 194 4434 anisum
212 4374 229 4405 ν
246 4361 339 4438 serilrit
373 4361 685 4440 llincetiameditjaCnm·
736 4377 823 4442 αργηε
838 4377 893 4429 γαρ
912 4376 1015 4442 αναγκη
1033 4357 1138 4441 (raised
1155 4375 1186 4426 γι
1205 4375 1323 4441 νόμενον

100 4423 202 4476 meliana
216 4435 239 4479 et
249 4428 392 4479 l‘arrueasrs
405 4429 489 4494 paullo
500 4438 557 4495 post
567 4424 686 4494 ἀγένητα
734 4430 891 4494 γιγνεοθαι,
912 4444 998 4490 αυτην
1015 4424 1045 4480 δε
1060 4445 1099 4496 μη
1118 4420 1146 4477 δ’
1166 4377 1274 4487 dirue.
1299 4441 1321 4478 ει
