2948 5092
206 194 270 261 322
449 208 456 220 “
603 209 632 254 ι.
645 209 800 254 Amnon
814 200 1038 257 numm

118 383 196 430 m.
205 361 345 449 σαθρόν,
369 361 508 450 ἐφεῦρον
530 362 651 447 λέγειν·
674 363 708 428 ἓν
730 358 769 426 τὸ
791 353 946 446 άγένητον
967 350 1080 445 ἢδάος
1115 350 1172 425 εἶτ’
1191 357 1225 426 έν
1240 359 1349 445 τούτῳ
1364 361 1433 428 διε·

204 467 395 552 λεγχθέντες
418 466 570 551 συνῆψαν
593 456 709 541 εῦθῦς
733 455 944 540 αὐτεξούσιός
966 459 1106 527 ἐστικαὶ
1121 463 1264 548 τριττῆς
1279 460 1353 527 ἐστι
1368 461 1433 549 φῦ·

205 590 307 647 σεως,·
345 559 430 633 άλλά
460 564 677 651 ἐκβληθέντος
704 565 758 629 καὶ
786 560 904 629 τούτου
932 560 1036 628 πάλιν
1064 561 1202 649 ἐφεῦρον
1225 562 1348 648 λέγειν·
1375 587 1432 631 το-

168 675 170 678 ⁴
205 667 313 754 Ι(τοῦτφ
345 673 501 754 κρείττων
528 665 701 751 γενόμενος
730 667 797 732 τῶν
824 658 1015 750 άγγίλων’)·
1050 658 1095 742 ῶς
1121 664 1158 729 δὲ
1189 666 1244 730 καί
1277 666 1379 731 τοῦτο
1411 660 1431 753 ἡ

205 763 350 859 ῶληθεια
377 767 538 855 διήλεγξε,
572 770 630 834 νῦν
657 765 779 833 λοιπὸν
807 765 915 834 ἐκεῖνα
943 764 1055 832 πάντα
1076 764 1271 851 συνάγοντες
1293 764 1352 833 διὰ
1373 770 1431 833 τοῦ

204 870 393 956 ποιήματος
414 871 484 936 ·καί
506 877 684 953 κτίσματος
705 867 764 957 τὴν
786 861 914 954 αἵρεσιν
937 861 1045 933 αῦτῶν
1068 869 1224 934 συνιστᾶν
1247 868 1429 952 νομίζουσι.

193 968 308 1039 ’πάλιν
329 971 390 1058 γὰρ
414 971 521 1039 έκεῖνο
543 976 742 1059 σημαίνουσι
763 972 817 1036 καί
840 963 898 1036 οῦκ
920 964 1122 1056 ἀφίστανται
1143 971 1209 1035 τῶν
1226 967 1322 1036 ίδίων
1336 995 1432 1037 κακο-

204 1077 314 1154 νοιῶν,
337 1072 380 1139 τὰ
401 1067 486 1141 αῦτά
508 1074 669 1150 ποικίλως
691 1064 1025 1157 άντιμεταβάλλοντες
1046 1072 1119 1136 λκαί
1136 1077 1430 1159 μεταστρέφοντες,

205 1168 301 1253 ὅπως
331 1175 415 1253 ἴσως
445 1178 485 1263 τῇ
518 1176 671 1261 ποικιλίᾳ
701 1172 794 1252 τινὰς
823 1159 1005 1259 ἀπατῆσαί
1024 1172 1224 1259 δυνηθῶσιν.
1263 1171 1294 1239 εί
1314 1170 1434 1240 καὶτὰ

205 1272 351 1359 μάλιστα
372 1283 483 1343 τοίνυν
506 1278 575 1343 οκαὶ
604 1275 646 1343 τὰ
673 1279 896 1362 προειρημένα
919 1275 1081 1341 δείκνυσιν
1104 1269 1212 1340 αὐτῶν
1234 1275 1290 1340 καὶ
1311 1274 1433 1361 ταύτην

203 1375 262 1464 τὴν
291 1375 443 1444 ἐπίνοιαν
470 1384 630 1462 ματαίαν,
661 1373 751 1461 ὅμως
779 1373 894 1462 ἐπειδὴ
916 1378 963 1462 τῶ
986 1374 1021 1442 έκ
1041 1378 1108 1441 τῶν
1130 1377 1323 1461 παροιμιῶν
1345 1376 1433 1464 ῥητῷ

131 1541 134 1551 ,
204 1476 449 1565 τεθρυλλήκασι
475 1479 517 1546 τὰ
543 1481 713 1562 πανταχοῦ
741 1475 798 1544 καὶ
823 1476 919 1563 παρὰ
938 1478 1080 1556 πολλοῖς
1101 1486 1173 1555 τοῖς
1195 1470 1356 1562 άγνοοῦσι
1376 1476 1433 1564 τὴν

205 1583 420 1665 Χριστιανῶν
442 1586 558 1648 πίστιν
581 1581 716 1648 δοκοῦσί
729 1605 763 1646 τι
778 1580 892 1665 λέγειν,
908 1572 1086 1665 ἀναγκαῖον
1101 1577 1157 1645 καὶ
1172 1572 1252 1644 αῦτὸ
1266 1578 1308 1645 τὸ
1323 1579 1432 1666 ῥητόν,

206 1676 317 1767 ῶςπερ
345 1680 384 1747 τὸ
412 1682 535 1749 πιστὸν
557 1681 639 1750 ὄντα
659 1684 707 1769 τῷ
729 1679 909 1768 ποιήσαντι
931 1674 1045 1761 αὐτόν,
1078 1676 1164 1746 οῦτω
1186 1682 1240 1747 καὶ
1262 1679 1303 1746 τὸ
1326 1681 1433 1749 ἔκτισε

205 1775 427 1849 ἃκαθ’έαυτὸ
449 1783 609 1865 ἐξετάσαι,
633 1778 673 1850 ἵν’
699 1778 746 1863 ῶς
768 1782 802 1850 ἐν
823 1785 911 1851 πᾶσι
932 1783 985 1850 καὶ
1008 1781 1042 1849 ἐν
1064 1781 1170 1869 τούτῳ
1193 1783 1360 1864 δειχθῶσι
1373 1809 1435 1870 μη-

207 1882 261 1949 δὲν
283 1885 387 1950 πλέον
410 1885 537 1968 ἔχοντες
557 1880 579 1972 ἢ
601 1891 797 1975 φαντασίαν.
848 1904 849 1907 ’

293 1989 341 2052 19.
387 1989 454 2054 Καὶ
477 1988 596 2074 πρῶτά
616 2012 653 2074 γε
675 1989 808 2072 ίδωμεν,
831 1981 936 2071 ’ἅπερ
959 1984 1182 2053 ἐπιδεδώκασι
1203 1983 1287 2052 κατὰ
1301 1984 1362 2071 τὴν
1377 1979 1435 2070 ἆρ-

204 2082 278 2171 γήν,
307 2080 403 2171 ἡνίκα
428 2083 449 2174 ἡ
478 2090 605 2175 αἵρεσις
628 2088 809 2157 ἐπλάττετο
831 2081 910 2180 παρ’
934 2081 1043 2154 αὐτῶν
1050 2138 1059 2168 ,
1088 2090 1136 2174 τῷ
1157 2092 1321 2174 μακαρίτῃ
1340 2080 1435 2154 Ἀλε-

207 2184 344 2272 ξάνδριμ.
383 2187 532 2275 ίγραφαν
552 2197 663 2258 τοίνυν
685 2192 850 2278 λέγοντες·
882 2196 1004 2274 κτίσμα
1027 2188 1132 2268 ἐστίν,
1157 2182 1226 2255 ἀλλ’
1252 2183 1311 2272 οῦχ
1333 2186 1381 2267 ῶς
1402 2191 1434 2255 ἓν

205 2289 272 2352 τῶν
294 2288 501 2372 κτισμάτων,
535 2292 666 2380 ποίημά
693 2292 798 2373 ἐστιν,
833 2285 902 2358 ἀλλ’
928 2286 985 2374 οῦχ
1014 2287 1059 2370 ῶς
1081 2293 1116 2358 ἓν
1136 2293 1203 2356 τῶν
1225 2289 1433 2376 ποιημάτων,

205 2387 348 2475 γίννημά
378 2388 481 2471 έστιν,
516 2387 585 2458 ἀλλ’
610 2387 669 2476 οῦχ
697 2389 742 2471 ῶς
770 2396 805 2460 ἓν
826 2395 892 2460 τῶν
913 2393 1130 2480 γεννημάτων.
1164 2390 1374 2459 ’θεασάσθω
1397 2390 1435 2479 δὴ

121 2513 199 2567 ομιτ.
208 2489 344 2569 ἕκαστος
365 2490 404 2556 τὸ
426 2496 614 2580 πανοῦργον
636 2496 689 2559 καὶ
713 2493 825 2561 δόλιον
847 2497 905 2573 τίς
920 2495 1078 2580 αἱρέσεως
1091 2492 1227 2581 ταύτης·
1251 2493 1362 2560 είδυία
1375 2492 1434 2581 γάρ

206 2590 245 2658 τὸ
275 2592 396 2678 πικρὸν
425 2597 483 2681 τῆς
513 2594 600 2674 ίδίας
627 2595 875 2684 κακοφροσάνης
903 2596 1123 2676 καλλωπίζειν
1146 2595 1263 2682 ἑαυτὴν
1285 2594 1436 2680 βιάζεται

205 2693 413 2781 πιθανότητι
434 2695 597 2782 ῥημάτων,
619 2700 674 2764 καί
697 2699 785 2783 λέγει
804 2699 865 2783 μὲν
881 2692 965 2784 ὅπερ
981 2707 1106 2785 φρονεῖ,
1130 2692 1206 2763 ῑῦτι
1218 2703 1342 2780 κτίσμα
1356 2695 1434 2776 ἔστί,

205 2796 332 2879 νομίζει
360 2796 396 2862 δὲ
426 2796 594 2864 δύνασθαι
621 2797 776 2883 κρύπτειν
806 2798 922 2885 ἑαυτὴν
946 2797 980 2866 ίν
1001 2803 1048 2885 τῶ
1071 2801 1190 2885 λέγειν’
1215 2793 1284 2865 ἀλλ’
1309 2793 1369 2882 οὐχ
1391 2794 1435 2876 ῶς

207 2899 241 2964 ἓν
262 2900 329 2963 τῶν
351 2898 548 2982 κτισμάτων.
585 2900 712 2983 μάλλον
734 2901 792 2966 11δὲ
814 2897 901 2967 οῦτω
916 2899 1104 2987 γράψαντες
1119 2900 1176 2967 διὰ
1190 2898 1318 2966 τούτων
1333 2901 1436 2967 πλέον

205 2994 342 3085 ἤλεγξαν
366 2999 571 3087 ἑαυτῶνιτην
594 2995 757 3087 ἀσέβειαν.
793 3001 822 3068 εἰ
842 3005 904 3088 γάρ
921 2998 1007 3081 ὅλως
1021 2996 1097 3069 καθ’
1115 2997 1200 3085 ῦμᾶς
1214 3007 1338 3087 κτίσμα
1354 3001 1442 3084 ἐστί,

205 3102 280 3177 πῶς
301 3096 525 3185 ῦποκρίνεσθε
548 3102 710 3187 λέγοντες·
733 3098 802 3170 ἀλλ’
827 3098 885 3187 οὐχ
908 3099 953 3182 ῶς
975 3107 1009 3170 ἓν
1031 3107 1097 3169 τῶν
1120 3102 1326 3186 κτισμάτων,
1367 3107 1433 3171 ἰκαί

207 3198 237 3266 εί
259 3196 345 3278 ὅλως
359 3201 497 3288 ,ποίημά
519 3201 600 3282 ἐστι,
623 3206 698 3282 πῶς
720 3200 788 3289 οὐχ·
801 3200 846 3284 ῶς
867 3209 902 3272 ἓν
923 3208 989 3271 τῶν
1014 3203 1211 3291 ποιημάτιον
1218 3234 1229 3287 ,·
1264 3205 1297 3272 ἒν
1314 3201 1367 3285 οἷς
1377 3205 1436 3272 καὶ

205 3298 263 3365 τὸν
286 3298 337 3366 ίὸν
359 3303 417 3380 τίς
440 3303 597 3388 αἱρέσεως
617 3310 762 3392 θεωρεῖν
785 3307 900 3387 ἔξεστι.
935 3308 1083 3393 λέγοντες
1103 3305 1165 3393 γάρ
1187 3311 1340 3394 γέννημα,
1363 3302 1431 3374 ἀλλ’

207 3395 266 3484 οῦχ
288 3397 333 3480 ῶς
362 3405 396 3469 ἓν
422 3407 487 3470 τῶν
509 3405 727 3491 γεννημάτων,
761 3407 907 3487 πολλοῦς
928 3406 1019 3487 υἱοὺς
1041 3407 1259 3474 συντάττουσι
1280 3408 1338 3475 καί
1358 3408 1433 3475 τοῦ·

205 3526 273 3568 των
301 3503 358 3569 ἕνα
387 3499 473 3571 εἶναι
494 3505 551 3572 τὸν
572 3506 685 3595 κύριον
707 3509 976 3595 δογματίζουσιν·
1005 3505 1051 3589 ῶς
1078 3515 1193 3597 μηκέτι
1220 3504 1288 3576 κατ’
1314 3505 1433 3589 αὐτοὺς

205 3608 365 3692 μονογενῆ
396 3600 497 3689 εἶναι,
529 3602 597 3674 ἀλλ’
623 3609 657 3677 ἐκ
679 3611 813 3678 πολλῶν
835 3606 990 3699 ἀδελφῶν
1012 3612 1070 3679 ίνα
1091 3611 1147 3678 καὶ
1168 3605 1271 3679 αὐτὸν
1291 3618 1433 3698 γέννημα

275 3777 298 3836 l)
319 3778 392 3828 Hebr.
414 3780 436 3840 1,
456 3781 479 3830 4.

238 3910 261 3944 υ.
279 3896 319 3945 Sic
337 3897 478 3956 Seguntian.
498 3900 554 3961 λος.
569 3900 641 3950 ΒιιίΙ.
654 3901 793 3952 Gohlerian.
846 3917 897 3949 νυν
913 3894 965 3949 ’καί
983 3896 1017 3949 τά
1034 3899 1227 3970 προειρημένα.
1266 3905 1324 3964 fleg.
1343 3897 1434 3950 τοίνυν

202 3962 350 4012 Pelekas.
371 3974 392 4014 ει
411 3966 434 4014 4.
471 3967 514 4015 Alii
533 3983 588 4016 τωο
607 3977 631 4018 τι
649 3970 704 4018 edili
723 3971 796 4018 omit·
846 3964 884 4017 τά
907 3967 1099 4050 προειρημένα.
1146 3972 1209 4021 Εδίῑί
1234 3977 1258 4019 ει
1284 3971 1326 4020 ιλιι
1344 3966 1435 4019 τοίνυν

203 4038 256 4107 ῑσιιι
273 4025 318 4110 κρῖ
336 4027 491 4113 κτίσματος.
528 4035 619 4085 Ibidem
645 4036 750 4087 Felckm.
768 4036 794 4086 4.
846 4051 1038 4104 προειρημινα.
1077 4039 1150 4089 Paulo
1164 4038 1331 4104 postSegner.
1344 4048 1368 4090 et
1379 4041 1433 4101 fleg.

131 4127 134 4136 s
203 4110 254 4156 την
272 4112 377 4165 αιρεσιν
396 4100 508 4150 εαυτῶν.
845 4097 874 4153 ἐκ
898 4105 955 4152 τῶν
976 4105 1141 4172 παροιμιῶν,
1183 4107 1210 4156 ln
1235 4106 1291 4156 nnis
1316 4116 1340 4157 ει
1366 4109 1435 4157 editis

238 4167 260 4214 b.
281 4168 378 4216 Gubler.
397 4178 420 4217 ει
431 4170 533 4218 Ρνίιίιιο.
547 4169 567 4220 l.
586 4171 677 4221 addunt
693 4165 739 4220 καί
756 4167 796 4221 λί-
843 4170 901 4220 τῶν
918 4175 994 4224 deest.

202 4244 305 4295 γοντες.
343 4236 434 4284 {bidem
453 4237 595 4298 saguntino.
613 4235 752 4291 ίὶοίιΙετίειι.
771 4249 795 4291 et
878 4242 901 4291 d.
920 4244 1019 4304 Seguer.
1042 4233 1105 4289 καθ’
1124 4233 1213 4291 ἑαυτά.
1249 4241 1390 4292 Goblerian.
1413 4252 1436 4292 ει

204 4301 345 4350 renem.
365 4313 387 4352 ει
406 4306 496 4366 κορῶν.
515 4297 716 4360 υσιίιιιιοιάιιωι.
737 4309 793 4370 [λος.
844 4308 948 4358 ΙῖυΙιΙιω.
970 4311 991 4359 l.
1009 4301 1072 4357 καθ’
1091 4303 1204 4358 ἑαυτῶν.
1242 4310 1289 4360 Alii
1314 4320 1339 4362 ει
1362 4313 1433 4362 editio

204 4367 277 4417 habet
295 4359 369 4423 ὅπως
386 4369 427 4436 τῇ.
462 4372 524 4421 Εοὶιί
540 4357 614 4426 άτιωι
631 4365 698 4428 ἴσως
715 4372 756 4442 τῇ.
845 4369 1041 4427 6οωιοε1.ιιαθ’
1060 4372 1167 4429 ἑαυτόν.
1196 4402 1199 4406 -

239 4450 260 4485 ο.
279 4437 378 4500 Seguer.
398 4440 718 4494 Gobler.f01ckm.1.et4.
737 4438 792 4493 τοί
878 4461 900 4510 ε.
919 4447 1019 4509 Seguor.
1039 4436 1114 4514 ὅπερ.
1150 4447 1203 4498 Mox
1220 4447 1324 4512 Seguer.
1342 4449 1435 4514 ειδες.
