<?xml version="1.0" encoding="UTF-8"?>
<!DOCTYPE html PUBLIC "-//W3C//DTD XHTML 1.0 Transitional//EN"
    "http://www.w3.org/TR/xhtml1/DTD/xhtml1-transitional.dtd">
<html xmlns="http://www.w3.org/1999/xhtml" xml:lang="en" lang="en">
 <head>
  <title>
</title>
<meta http-equiv="Content-Type" content="text/html;charset=utf-8" />
  <meta name='ocr-system' content='tesseract 3.04.00' />
  <meta name='ocr-capabilities' content='ocr_page ocr_carea ocr_par ocr_line ocrx_word'/>
</head>
<body>
  <div class='ocr_page' id='page_1' title='image "./sanctiathanasii02athagoog_0104.png"; bbox 0 0 2948 5092; ppageno 0'>
   <div class='ocr_carea' id='block_1_1' title="bbox 350 245 1292 309">
    <p class='ocr_par' dir='ltr' id='par_1_1' title="bbox 350 245 1292 309">
     <span class='ocr_line' id='line_1_1' title="bbox 350 245 1292 309; baseline 0.012 -20"><span class='ocrx_word' id='word_1_1' title='bbox 350 245 499 305; x_wconf 64' lang='lat' dir='ltr'>ljl’isswu</span> <span class='ocrx_word' id='word_1_2' title='bbox 511 245 550 290; x_wconf 68' lang='grc' dir='ltr'>ΝΞ</span> <span class='ocrx_word' id='word_1_3' title='bbox 564 248 708 292; x_wconf 61' lang='grc'><strong>1131111118</strong></span> <span class='ocrx_word' id='word_1_4' title='bbox 723 249 868 296; x_wconf 64' lang='grc'><strong>1116111111</strong></span> <span class='ocrx_word' id='word_1_5' title='bbox 884 251 1002 297; x_wconf 68' lang='lat' dir='ltr'>sinum.</span> <span class='ocrx_word' id='word_1_6' title='bbox 1252 248 1292 309; x_wconf 80' lang='lat'>51</span> 
     </span>
    </p>
   </div>
   <div class='ocr_carea' id='block_1_2' title="bbox 71 397 1379 763">
    <p class='ocr_par' dir='ltr' id='par_1_2' title="bbox 73 397 1379 683">
     <span class='ocr_line' id='line_1_2' title="bbox 81 397 1379 483; baseline 0.011 -25"><span class='ocrx_word' id='word_1_7' title='bbox 81 403 127 468; x_wconf 84' lang='lat' dir='ltr'>u&#39;r,</span> <span class='ocrx_word' id='word_1_8' title='bbox 154 397 206 459; x_wconf 88' lang='lat' dir='ltr'>sed</span> <span class='ocrx_word' id='word_1_9' title='bbox 237 397 339 478; x_wconf 91' lang='lat' dir='ltr'>potius</span> <span class='ocrx_word' id='word_1_10' title='bbox 363 397 400 457; x_wconf 87' lang='lat' dir='ltr'>ad</span> <span class='ocrx_word' id='word_1_11' title='bbox 424 397 613 475; x_wconf 81' lang='lat' dir='ltr'>splendorem</span> <span class='ocrx_word' id='word_1_12' title='bbox 635 399 664 459; x_wconf 90' lang='lat' dir='ltr'>in</span> <span class='ocrx_word' id='word_1_13' title='bbox 688 409 850 480; x_wconf 88' lang='lat' dir='ltr'>conspectu</span> <span class='ocrx_word' id='word_1_14' title='bbox 872 402 946 464; x_wconf 88' lang='lat' dir='ltr'>lucis</span> <span class='ocrx_word' id='word_1_15' title='bbox 969 404 1062 483; x_wconf 90' lang='lat' dir='ltr'>ipsius</span> <span class='ocrx_word' id='word_1_16' title='bbox 1084 408 1215 471; x_wconf 85' lang='lat' dir='ltr'>veritatis</span> <span class='ocrx_word' id='word_1_17' title='bbox 1238 425 1379 474; x_wconf 62' lang='lat' dir='ltr'>ac-rm.</span> 
     </span>
     <span class='ocr_line' id='line_1_3' title="bbox 76 498 1290 590; baseline 0.012 -31"><span class='ocrx_word' id='word_1_18' title='bbox 76 499 151 560; x_wconf 81' lang='lat' dir='ltr'>cedet</span> <span class='ocrx_word' id='word_1_19' title='bbox 194 498 275 560; x_wconf 79' lang='lat' dir='ltr'>idaeo</span> <span class='ocrx_word' id='word_1_20' title='bbox 297 509 347 560; x_wconf 87' lang='lat' dir='ltr'>est</span> <span class='ocrx_word' id='word_1_21' title='bbox 369 499 450 559; x_wconf 91' lang='lat' dir='ltr'>enim</span> <span class='ocrx_word' id='word_1_22' title='bbox 474 499 603 561; x_wconf 85' lang='lat' dir='ltr'>veritatis</span> <span class='ocrx_word' id='word_1_23' title='bbox 625 501 774 574; x_wconf 89' lang='lat' dir='ltr'>doctrina,</span> <span class='ocrx_word' id='word_1_24' title='bbox 798 503 1020 582; x_wconf 78' lang='lat' dir='ltr'><strong>disrumpantur</strong></span> <span class='ocrx_word' id='word_1_25' title='bbox 1041 507 1110 569; x_wconf 87' lang='lat' dir='ltr'>iicet</span> <span class='ocrx_word' id='word_1_26' title='bbox 1131 509 1173 570; x_wconf 86' lang='lat' dir='ltr'>iili</span> <span class='ocrx_word' id='word_1_27' title='bbox 1194 512 1290 590; x_wconf 92' lang='lat' dir='ltr'>perti-</span> 
     </span>
     <span class='ocr_line' id='line_1_4' title="bbox 73 599 1290 683; baseline 0.012 -22"><span class='ocrx_word' id='word_1_28' title='bbox 73 619 162 670; x_wconf 79' lang='lat' dir='ltr'>naces,</span> <span class='ocrx_word' id='word_1_29' title='bbox 185 601 238 679; x_wconf 92' lang='lat' dir='ltr'>qui</span> <span class='ocrx_word' id='word_1_30' title='bbox 261 619 318 661; x_wconf 89' lang='lat' dir='ltr'>nec</span> <span class='ocrx_word' id='word_1_31' title='bbox 341 599 436 661; x_wconf 86' lang='lat' dir='ltr'>Deum</span> <span class='ocrx_word' id='word_1_32' title='bbox 459 610 646 676; x_wconf 78' lang='lat' dir='ltr'>reverentur,</span> <span class='ocrx_word' id='word_1_33' title='bbox 675 621 731 664; x_wconf 89' lang='lat' dir='ltr'>nec</span> <span class='ocrx_word' id='word_1_34' title='bbox 752 614 991 683; x_wconf 85' lang='lat' dir='ltr'>argumentorum</span> <span class='ocrx_word' id='word_1_35' title='bbox 1012 609 1041 676; x_wconf 78' lang='lat' dir='ltr'>,vi</span> <span class='ocrx_word' id='word_1_36' title='bbox 1065 618 1094 671; x_wconf 91' lang='lat' dir='ltr'>et</span> <span class='ocrx_word' id='word_1_37' title='bbox 1115 613 1290 676; x_wconf 85' lang='lat' dir='ltr'>auctoritate</span> 
     </span>
    </p>

    <p class='ocr_par' dir='ltr' id='par_1_3' title="bbox 71 701 339 763">
     <span class='ocr_line' id='line_1_5' title="bbox 71 701 339 763; baseline -0.004 -1"><span class='ocrx_word' id='word_1_38' title='bbox 71 701 124 762; x_wconf 82' lang='lat' dir='ltr'>deti</span> <span class='ocrx_word' id='word_1_39' title='bbox 145 701 339 763; x_wconf 87' lang='lat' dir='ltr'>erubescunt.</span> 
     </span>
    </p>
   </div>
   <div class='ocr_carea' id='block_1_3' title="bbox 55 1106 1374 4022">
    <p class='ocr_par' dir='ltr' id='par_1_4' title="bbox 55 1106 1374 4022">
     <span class='ocr_line' id='line_1_6' title="bbox 141 1106 1288 1195; baseline 0.006 -26"><span class='ocrx_word' id='word_1_40' title='bbox 141 1107 191 1170; x_wconf 83' lang='lat'>18.</span> <span class='ocrx_word' id='word_1_41' title='bbox 239 1106 292 1168; x_wconf 88' lang='lat' dir='ltr'>Sic</span> <span class='ocrx_word' id='word_1_42' title='bbox 326 1106 423 1186; x_wconf 58' lang='lat' dir='ltr'>igitur«</span> <span class='ocrx_word' id='word_1_43' title='bbox 440 1107 598 1169; x_wconf 80' lang='lat' dir='ltr'>Eusebieni</span> <span class='ocrx_word' id='word_1_44' title='bbox 631 1108 733 1171; x_wconf 89' lang='lat' dir='ltr'>multis</span> <span class='ocrx_word' id='word_1_45' title='bbox 763 1117 832 1171; x_wconf 91' lang='lat' dir='ltr'>tunc</span> <span class='ocrx_word' id='word_1_46' title='bbox 860 1111 957 1173; x_wconf 90' lang='lat' dir='ltr'>modis</span> <span class='ocrx_word' id='word_1_47' title='bbox 975 1112 1141 1175; x_wconf 66' lang='lat' dir='ltr'>‚examinati</span> <span class='ocrx_word' id='word_1_48' title='bbox 1170 1133 1206 1175; x_wconf 90' lang='lat' dir='ltr'>eo</span> <span class='ocrx_word' id='word_1_49' title='bbox 1228 1133 1288 1195; x_wconf 92' lang='lat' dir='ltr'>po-</span> 
     </span>
     <span class='ocr_line' id='line_1_7' title="bbox 61 1208 1287 1292; baseline 0.007 -25"><span class='ocrx_word' id='word_1_50' title='bbox 61 1215 200 1268; x_wconf 87' lang='lat' dir='ltr'>stremum</span> <span class='ocrx_word' id='word_1_51' title='bbox 229 1208 343 1269; x_wconf 89' lang='lat' dir='ltr'>redacti</span> <span class='ocrx_word' id='word_1_52' title='bbox 367 1214 455 1281; x_wconf 87' lang='lat' dir='ltr'>snut,</span> <span class='ocrx_word' id='word_1_53' title='bbox 477 1216 511 1270; x_wconf 88' lang='lat' dir='ltr'>nt</span> <span class='ocrx_word' id='word_1_54' title='bbox 532 1209 650 1288; x_wconf 88' lang='lat' dir='ltr'>seipsos</span> <span class='ocrx_word' id='word_1_55' title='bbox 674 1210 923 1285; x_wconf 78' lang='lat' dir='ltr'>condemnarent,</span> <span class='ocrx_word' id='word_1_56' title='bbox 952 1213 1129 1292; x_wconf 81' lang='lat' dir='ltr'>tandemque</span> <span class='ocrx_word' id='word_1_57' title='bbox 1151 1214 1287 1276; x_wconf 89' lang='lat' dir='ltr'>subscri-</span> 
     </span>
     <span class='ocr_line' id='line_1_8' title="bbox 58 1308 1288 1389; baseline 0.003 -18"><span class='ocrx_word' id='word_1_58' title='bbox 58 1328 151 1388; x_wconf 80' lang='lat' dir='ltr'>psere,</span> <span class='ocrx_word' id='word_1_59' title='bbox 175 1310 220 1372; x_wconf 91' lang='lat' dir='ltr'>uti</span> <span class='ocrx_word' id='word_1_60' title='bbox 244 1328 337 1388; x_wconf 83' lang='lat' dir='ltr'>snpra</span> <span class='ocrx_word' id='word_1_61' title='bbox 360 1308 498 1382; x_wconf 78' lang='lat' dir='ltr'>diximus,</span> <span class='ocrx_word' id='word_1_62' title='bbox 521 1320 608 1389; x_wconf 88' lang='lat' dir='ltr'>atque</span> <span class='ocrx_word' id='word_1_63' title='bbox 630 1312 704 1372; x_wconf 90' lang='lat' dir='ltr'>adeo</span> <span class='ocrx_word' id='word_1_64' title='bbox 727 1320 837 1373; x_wconf 86' lang='lat' dir='ltr'>mutata</span> <span class='ocrx_word' id='word_1_65' title='bbox 859 1314 1004 1375; x_wconf 90' lang='lat' dir='ltr'>sententia</span> <span class='ocrx_word' id='word_1_66' title='bbox 1021 1314 1176 1377; x_wconf 86' lang='lat' dir='ltr'>siluerunt.</span> <span class='ocrx_word' id='word_1_67' title='bbox 1214 1314 1288 1375; x_wconf 88' lang='lat' dir='ltr'>Cum</span> 
     </span>
     <span class='ocr_line' id='line_1_9' title="bbox 58 1411 1286 1495; baseline 0.003 -23"><span class='ocrx_word' id='word_1_68' title='bbox 58 1422 149 1473; x_wconf 79' lang='lat' dir='ltr'>antem</span> <span class='ocrx_word' id='word_1_69' title='bbox 173 1412 223 1473; x_wconf 88' lang='lat' dir='ltr'>isti</span> <span class='ocrx_word' id='word_1_70' title='bbox 247 1411 400 1489; x_wconf 86' lang='lat' dir='ltr'>impietate</span> <span class='ocrx_word' id='word_1_71' title='bbox 422 1411 537 1473; x_wconf 81' lang='lat' dir='ltr'>seroces</span> <span class='ocrx_word' id='word_1_72' title='bbox 561 1420 589 1472; x_wconf 93' lang='lat' dir='ltr'>et</span> <span class='ocrx_word' id='word_1_73' title='bbox 611 1432 626 1473; x_wconf 91' lang='lat' dir='ltr'>a</span> <span class='ocrx_word' id='word_1_74' title='bbox 649 1413 780 1486; x_wconf 87' lang='lat' dir='ltr'>veritate,</span> <span class='ocrx_word' id='word_1_75' title='bbox 804 1422 941 1492; x_wconf 89' lang='lat' dir='ltr'>tanquam</span> <span class='ocrx_word' id='word_1_76' title='bbox 963 1414 1107 1494; x_wconf 78' lang='lat' dir='ltr'>vertigine</span> <span class='ocrx_word' id='word_1_77' title='bbox 1122 1416 1209 1495; x_wconf 86' lang='lat' dir='ltr'>capti,</span> <span class='ocrx_word' id='word_1_78' title='bbox 1232 1414 1286 1476; x_wconf 87' lang='lat' dir='ltr'>ab·</span> 
     </span>
     <span class='ocr_line' id='line_1_10' title="bbox 57 1512 1288 1595; baseline 0.005 -24"><span class='ocrx_word' id='word_1_79' title='bbox 57 1522 189 1573; x_wconf 79' lang='lat' dir='ltr'>errantes</span> <span class='ocrx_word' id='word_1_80' title='bbox 219 1530 309 1573; x_wconf 88' lang='lat' dir='ltr'>omne</span> <span class='ocrx_word' id='word_1_81' title='bbox 339 1512 470 1573; x_wconf 86' lang='lat' dir='ltr'>studium</span> <span class='ocrx_word' id='word_1_82' title='bbox 498 1513 529 1574; x_wconf 91' lang='lat' dir='ltr'>in</span> <span class='ocrx_word' id='word_1_83' title='bbox 557 1513 760 1576; x_wconf 86' lang='lat' dir='ltr'>calumnianda</span> <span class='ocrx_word' id='word_1_84' title='bbox 782 1515 900 1594; x_wconf 78' lang='lat' dir='ltr'>Synodo</span> <span class='ocrx_word' id='word_1_85' title='bbox 930 1524 1056 1594; x_wconf 86' lang='lat' dir='ltr'>ponant,</span> <span class='ocrx_word' id='word_1_86' title='bbox 1086 1517 1288 1595; x_wconf 87' lang='lat' dir='ltr'>respondeant</span> 
     </span>
     <span class='ocr_line' id='line_1_11' title="bbox 57 1613 1286 1695; baseline 0.004 -23"><span class='ocrx_word' id='word_1_87' title='bbox 57 1614 150 1686; x_wconf 84' lang='lat' dir='ltr'>nobis,</span> <span class='ocrx_word' id='word_1_88' title='bbox 175 1633 213 1674; x_wconf 79' lang='lat' dir='ltr'>ex</span> <span class='ocrx_word' id='word_1_89' title='bbox 237 1613 415 1692; x_wconf 83' lang='lat' dir='ltr'>quibusnam</span> <span class='ocrx_word' id='word_1_90' title='bbox 431 1613 592 1693; x_wconf 84' lang='lat' dir='ltr'>scripturis</span> <span class='ocrx_word' id='word_1_91' title='bbox 614 1616 673 1694; x_wconf 91' lang='lat' dir='ltr'>ipsi</span> <span class='ocrx_word' id='word_1_92' title='bbox 694 1617 833 1690; x_wconf 80' lang='lat' dir='ltr'>hausere,</span> <span class='ocrx_word' id='word_1_93' title='bbox 856 1618 900 1677; x_wconf 85' lang='lat' dir='ltr'>vel</span> <span class='ocrx_word' id='word_1_94' title='bbox 923 1637 939 1678; x_wconf 92' lang='lat' dir='ltr'>a</span> <span class='ocrx_word' id='word_1_95' title='bbox 961 1617 1138 1695; x_wconf 86' lang='lat' dir='ltr'>quibusnam</span> <span class='ocrx_word' id='word_1_96' title='bbox 1148 1616 1286 1678; x_wconf 88' lang='lat' dir='ltr'>Patribus</span> 
     </span>
     <span class='ocr_line' id='line_1_12' title="bbox 56 1714 1288 1797; baseline 0.006 -24"><span class='ocrx_word' id='word_1_97' title='bbox 56 1714 194 1776; x_wconf 78' lang='lat' dir='ltr'>audivere</span> <span class='ocrx_word' id='word_1_98' title='bbox 222 1714 396 1776; x_wconf 88' lang='lat' dir='ltr'>huiusmodi</span> <span class='ocrx_word' id='word_1_99' title='bbox 424 1717 561 1790; x_wconf 87' lang='lat' dir='ltr'>reculas,</span> <span class='ocrx_word' id='word_1_100' title='bbox 592 1736 664 1796; x_wconf 93' lang='lat' dir='ltr'>quas</span> <span class='ocrx_word' id='word_1_101' title='bbox 688 1719 745 1779; x_wconf 88' lang='lat' dir='ltr'>sibi</span> <span class='ocrx_word' id='word_1_102' title='bbox 767 1720 863 1780; x_wconf 86' lang='lat' dir='ltr'>visum</span> <span class='ocrx_word' id='word_1_103' title='bbox 888 1729 934 1780; x_wconf 88' lang='lat' dir='ltr'>est</span> <span class='ocrx_word' id='word_1_104' title='bbox 955 1737 1131 1797; x_wconf 79' lang='lat' dir='ltr'>congerere,</span> <span class='ocrx_word' id='word_1_105' title='bbox 1154 1719 1203 1780; x_wconf 79' lang='lat' dir='ltr'>Ec·</span> <span class='ocrx_word' id='word_1_106' title='bbox 1224 1738 1288 1781; x_wconf 81' lang='lat' dir='ltr'>uon</span> 
     </span>
     <span class='ocr_line' id='line_1_13' title="bbox 56 1817 1287 1900; baseline 0.006 -23"><span class='ocrx_word' id='word_1_107' title='bbox 56 1817 268 1889; x_wconf 68' lang='lat' dir='ltr'>metentibus,</span> <span class='ocrx_word' id='word_1_108' title='bbox 293 1836 356 1879; x_wconf 84' lang='lat' dir='ltr'>nore</span> <span class='ocrx_word' id='word_1_109' title='bbox 380 1828 447 1880; x_wconf 84' lang='lat' dir='ltr'>erut</span> <span class='ocrx_word' id='word_1_110' title='bbox 472 1831 632 1900; x_wconf 82' lang='lat' dir='ltr'>antequam</span> <span class='ocrx_word' id='word_1_111' title='bbox 653 1824 771 1899; x_wconf 80' lang='lat' dir='ltr'>penitus</span> <span class='ocrx_word' id='word_1_112' title='bbox 794 1832 848 1892; x_wconf 85' lang='lat' dir='ltr'>est,</span> <span class='ocrx_word' id='word_1_113' title='bbox 872 1823 934 1899; x_wconf 73' lang='lat' dir='ltr'>suit</span> <span class='ocrx_word' id='word_1_114' title='bbox 956 1821 1118 1900; x_wconf 80' lang='lat' dir='ltr'>aliquando</span> <span class='ocrx_word' id='word_1_115' title='bbox 1142 1840 1209 1882; x_wconf 86' lang='lat' dir='ltr'>cum</span> <span class='ocrx_word' id='word_1_116' title='bbox 1223 1838 1287 1883; x_wconf 77' lang='lat' dir='ltr'>erere</span> 
     </span>
     <span class='ocr_line' id='line_1_14' title="bbox 56 1921 1286 2001; baseline 0.005 -24"><span class='ocrx_word' id='word_1_117' title='bbox 56 1929 143 1989; x_wconf 77' lang='lat' dir='ltr'>erret,</span> <span class='ocrx_word' id='word_1_118' title='bbox 168 1936 224 1978; x_wconf 90' lang='lat' dir='ltr'>nec</span> <span class='ocrx_word' id='word_1_119' title='bbox 252 1937 313 1979; x_wconf 92' lang='lat' dir='ltr'>non</span> <span class='ocrx_word' id='word_1_120' title='bbox 337 1929 495 1998; x_wconf 84' lang='lat' dir='ltr'>sequentes</span> <span class='ocrx_word' id='word_1_121' title='bbox 518 1939 624 1992; x_wconf 83' lang='lat' dir='ltr'>voees,</span> <span class='ocrx_word' id='word_1_122' title='bbox 648 1921 818 1997; x_wconf 82' lang='lat' dir='ltr'>mutabilis,</span> <span class='ocrx_word' id='word_1_123' title='bbox 838 1925 1048 2001; x_wconf 73' lang='lat' dir='ltr'>praeeminere</span> <span class='ocrx_word' id='word_1_124' title='bbox 1070 1933 1098 1983; x_wconf 86' lang='lat' dir='ltr'>et</span> <span class='ocrx_word' id='word_1_125' title='bbox 1120 1922 1286 1993; x_wconf 78' lang='lat' dir='ltr'>uoluptate,</span> 
     </span>
     <span class='ocr_line' id='line_1_15' title="bbox 56 2019 1286 2102; baseline 0.002 -22"><span class='ocrx_word' id='word_1_126' title='bbox 56 2019 163 2096; x_wconf 82' lang='lat' dir='ltr'>quibus</span> <span class='ocrx_word' id='word_1_127' title='bbox 191 2021 294 2098; x_wconf 85' lang='lat' dir='ltr'>ntique</span> <span class='ocrx_word' id='word_1_128' title='bbox 324 2020 476 2081; x_wconf 81' lang='lat' dir='ltr'>vocabulis</span> <span class='ocrx_word' id='word_1_129' title='bbox 505 2021 595 2100; x_wconf 89' lang='lat' dir='ltr'>impie</span> <span class='ocrx_word' id='word_1_130' title='bbox 624 2022 765 2084; x_wconf 81' lang='lat' dir='ltr'>adversus</span> <span class='ocrx_word' id='word_1_131' title='bbox 793 2022 950 2084; x_wconf 85' lang='lat' dir='ltr'>Dominum</span> <span class='ocrx_word' id='word_1_132' title='bbox 980 2032 1137 2102; x_wconf 85' lang='lat' dir='ltr'>nugantur.</span> <span class='ocrx_word' id='word_1_133' title='bbox 1181 2022 1286 2082; x_wconf 85' lang='lat' dir='ltr'>Enim-</span> 
     </span>
     <span class='ocr_line' id='line_1_16' title="bbox 56 2119 1286 2204; baseline 0.006 -27"><span class='ocrx_word' id='word_1_134' title='bbox 56 2138 125 2179; x_wconf 86' lang='lat' dir='ltr'>rero</span> <span class='ocrx_word' id='word_1_135' title='bbox 148 2119 255 2181; x_wconf 85' lang='lat' dir='ltr'>beatus</span> <span class='ocrx_word' id='word_1_136' title='bbox 277 2120 396 2200; x_wconf 91' lang='lat' dir='ltr'>quidem</span> <span class='ocrx_word' id='word_1_137' title='bbox 413 2120 519 2183; x_wconf 86' lang='lat' dir='ltr'>Paulus</span> <span class='ocrx_word' id='word_1_138' title='bbox 543 2123 667 2202; x_wconf 87' lang='lat' dir='ltr'>epistola</span> <span class='ocrx_word' id='word_1_139' title='bbox 690 2124 725 2184; x_wconf 92' lang='lat' dir='ltr'>ad</span> <span class='ocrx_word' id='word_1_140' title='bbox 742 2123 893 2185; x_wconf 91' lang='lat' dir='ltr'>Hebraeos</span> <span class='ocrx_word' id='word_1_141' title='bbox 916 2125 971 2185; x_wconf 86' lang='lat' dir='ltr'>eit:</span> <span class='ocrx_word' id='word_1_142' title='bbox 995 2124 1067 2186; x_wconf 83' lang='lat' dir='ltr'>Fide</span> <span class='ocrx_word' id='word_1_143' title='bbox 1078 2123 1286 2204; x_wconf 82' lang='lat' dir='ltr'>e&#39;retellr&#39;qe&#39;mue,</span> 
     </span>
     <span class='ocr_line' id='line_1_17' title="bbox 55 2222 1286 2306; baseline 0.002 -25"><span class='ocrx_word' id='word_1_144' title='bbox 55 2222 193 2301; x_wconf 75' lang='lat' dir='ltr'>perfectu</span> <span class='ocrx_word' id='word_1_145' title='bbox 216 2241 282 2283; x_wconf 82' lang='lat' dir='ltr'>esee</span> <span class='ocrx_word' id='word_1_146' title='bbox 304 2223 427 2284; x_wconf 84' lang='lat' dir='ltr'>eceeuiu</span> <span class='ocrx_word' id='word_1_147' title='bbox 453 2223 543 2286; x_wconf 80' lang='lat' dir='ltr'>Verbo</span> <span class='ocrx_word' id='word_1_148' title='bbox 567 2225 631 2296; x_wconf 85' lang='lat' dir='ltr'>Dei,</span> <span class='ocrx_word' id='word_1_149' title='bbox 654 2236 689 2286; x_wconf 86' lang='lat' dir='ltr'>ut</span> <span class='ocrx_word' id='word_1_150' title='bbox 711 2227 750 2295; x_wconf 82' lang='lat' dir='ltr'>a&#39;d,</span> <span class='ocrx_word' id='word_1_151' title='bbox 773 2227 853 2306; x_wconf 87' lang='lat' dir='ltr'>quod</span> <span class='ocrx_word' id='word_1_152' title='bbox 875 2231 1027 2297; x_wconf 86' lang='lat' dir='ltr'>cernitur,</span> <span class='ocrx_word' id='word_1_153' title='bbox 1051 2244 1113 2286; x_wconf 86' lang='lat' dir='ltr'>uon</span> <span class='ocrx_word' id='word_1_154' title='bbox 1135 2224 1286 2286; x_wconf 79' lang='lat' dir='ltr'>euredus</span> 
     </span>
     <span class='ocr_line' id='line_1_18' title="bbox 56 2324 1286 2403; baseline 0 -20"><span class='ocrx_word' id='word_1_155' title='bbox 56 2324 276 2403; x_wconf 69' lang='lat' dir='ltr'>apparentibus</span> <span class='ocrx_word' id='word_1_156' title='bbox 298 2324 397 2403; x_wconf 77' lang='lat' dir='ltr'>fieret.</span> <span class='ocrx_word' id='word_1_157' title='bbox 441 2325 548 2385; x_wconf 89' lang='lat' dir='ltr'>Verum</span> <span class='ocrx_word' id='word_1_158' title='bbox 577 2325 649 2385; x_wconf 89' lang='lat' dir='ltr'>nihii</span> <span class='ocrx_word' id='word_1_159' title='bbox 672 2325 769 2386; x_wconf 88' lang='lat' dir='ltr'>Verbo</span> <span class='ocrx_word' id='word_1_160' title='bbox 801 2345 957 2387; x_wconf 89' lang='lat' dir='ltr'>commune</span> <span class='ocrx_word' id='word_1_161' title='bbox 987 2334 1033 2387; x_wconf 91' lang='lat' dir='ltr'>est</span> <span class='ocrx_word' id='word_1_162' title='bbox 1055 2345 1121 2386; x_wconf 91' lang='lat' dir='ltr'>enm</span> <span class='ocrx_word' id='word_1_163' title='bbox 1144 2324 1286 2401; x_wconf 86' lang='lat' dir='ltr'>saeculis;</span> 
     </span>
     <span class='ocr_line' id='line_1_19' title="bbox 57 2424 1287 2506; baseline 0.002 -23"><span class='ocrx_word' id='word_1_164' title='bbox 57 2425 121 2503; x_wconf 87' lang='lat' dir='ltr'>ipse</span> <span class='ocrx_word' id='word_1_165' title='bbox 144 2424 225 2484; x_wconf 89' lang='lat' dir='ltr'>enim</span> <span class='ocrx_word' id='word_1_166' title='bbox 249 2432 318 2485; x_wconf 89' lang='lat' dir='ltr'>ante</span> <span class='ocrx_word' id='word_1_167' title='bbox 341 2426 455 2486; x_wconf 84' lang='lat' dir='ltr'>saecuta</span> <span class='ocrx_word' id='word_1_168' title='bbox 478 2426 595 2498; x_wconf 81' lang='lat' dir='ltr'>existit,</span> <span class='ocrx_word' id='word_1_169' title='bbox 625 2446 790 2506; x_wconf 88' lang='lat' dir='ltr'>perquem</span> <span class='ocrx_word' id='word_1_170' title='bbox 813 2427 928 2488; x_wconf 86' lang='lat' dir='ltr'>saecuta</span> <span class='ocrx_word' id='word_1_171' title='bbox 952 2429 1024 2487; x_wconf 81' lang='lat' dir='ltr'>saeta</span> <span class='ocrx_word' id='word_1_172' title='bbox 1048 2435 1128 2489; x_wconf 87' lang='lat' dir='ltr'>suut.</span> <span class='ocrx_word' id='word_1_173' title='bbox 1172 2426 1204 2486; x_wconf 92' lang='lat' dir='ltr'>ln</span> <span class='ocrx_word' id='word_1_174' title='bbox 1228 2426 1287 2486; x_wconf 87' lang='lat' dir='ltr'>Pa·</span> 
     </span>
     <span class='ocr_line' id='line_1_20' title="bbox 59 2524 1286 2606; baseline 0.001 -22"><span class='ocrx_word' id='word_1_175' title='bbox 59 2536 137 2585; x_wconf 86' lang='lat' dir='ltr'>store</span> <span class='ocrx_word' id='word_1_176' title='bbox 161 2535 259 2586; x_wconf 85' lang='lat' dir='ltr'>autem</span> <span class='ocrx_word' id='word_1_177' title='bbox 284 2527 426 2605; x_wconf 87' lang='lat' dir='ltr'>scriptum</span> <span class='ocrx_word' id='word_1_178' title='bbox 450 2536 496 2588; x_wconf 90' lang='lat' dir='ltr'>est</span> <span class='ocrx_word' id='word_1_179' title='bbox 519 2528 770 2606; x_wconf 88' lang='lat' dir='ltr'>(quandoquidem</span> <span class='ocrx_word' id='word_1_180' title='bbox 792 2528 900 2589; x_wconf 86' lang='lat' dir='ltr'>tibrum</span> <span class='ocrx_word' id='word_1_181' title='bbox 923 2528 1001 2589; x_wconf 88' lang='lat' dir='ltr'>hune</span> <span class='ocrx_word' id='word_1_182' title='bbox 1024 2529 1129 2601; x_wconf 86' lang='lat' dir='ltr'>citant,</span> <span class='ocrx_word' id='word_1_183' title='bbox 1154 2524 1286 2606; x_wconf 87' lang='lat' dir='ltr'>quamvis</span> 
     </span>
     <span class='ocr_line' id='line_1_21' title="bbox 57 2628 1374 2708; baseline 0.002 -22"><span class='ocrx_word' id='word_1_184' title='bbox 57 2645 116 2687; x_wconf 88' lang='lat' dir='ltr'>non</span> <span class='ocrx_word' id='word_1_185' title='bbox 144 2628 186 2688; x_wconf 82' lang='lat' dir='ltr'>eit</span> <span class='ocrx_word' id='word_1_186' title='bbox 213 2647 250 2687; x_wconf 79' lang='lat' dir='ltr'>ex</span> <span class='ocrx_word' id='word_1_187' title='bbox 279 2636 418 2703; x_wconf 76' lang='lat' dir='ltr'>eanonet:</span> <span class='ocrx_word' id='word_1_188' title='bbox 448 2629 584 2690; x_wconf 79' lang='lat' dir='ltr'>Primum</span> <span class='ocrx_word' id='word_1_189' title='bbox 615 2634 746 2691; x_wconf 84' lang='lat' dir='ltr'>omnium</span> <span class='ocrx_word' id='word_1_190' title='bbox 774 2631 861 2691; x_wconf 88' lang='lat' dir='ltr'>erede</span> <span class='ocrx_word' id='word_1_191' title='bbox 888 2648 984 2690; x_wconf 86' lang='lat' dir='ltr'>unum</span> <span class='ocrx_word' id='word_1_192' title='bbox 1006 2647 1070 2690; x_wconf 84' lang='lat' dir='ltr'>esee</span> <span class='ocrx_word' id='word_1_193' title='bbox 1092 2630 1203 2698; x_wconf 86' lang='lat' dir='ltr'>Deum,</span> <span class='ocrx_word' id='word_1_194' title='bbox 1237 2631 1374 2708; x_wconf 60' lang='lat' dir='ltr'>quium,</span> 
     </span>
     <span class='ocr_line' id='line_1_22' title="bbox 59 2726 1287 2811; baseline -0.002 -22"><span class='ocrx_word' id='word_1_195' title='bbox 59 2734 159 2791; x_wconf 64' lang='lat' dir='ltr'>omme</span> <span class='ocrx_word' id='word_1_196' title='bbox 186 2734 302 2790; x_wconf 82' lang='lat' dir='ltr'>creauit</span> <span class='ocrx_word' id='word_1_197' title='bbox 331 2742 359 2791; x_wconf 93' lang='lat' dir='ltr'>et</span> <span class='ocrx_word' id='word_1_198' title='bbox 384 2732 529 2810; x_wconf 81' lang='lat' dir='ltr'>perfecit,</span> <span class='ocrx_word' id='word_1_199' title='bbox 555 2735 710 2811; x_wconf 81' lang='lat' dir='ltr'>omniaque</span> <span class='ocrx_word' id='word_1_200' title='bbox 740 2749 778 2792; x_wconf 76' lang='lat' dir='ltr'>err</span> <span class='ocrx_word' id='word_1_201' title='bbox 805 2730 901 2792; x_wconf 79' lang='lat' dir='ltr'>nihilo</span> <span class='ocrx_word' id='word_1_202' title='bbox 924 2741 958 2791; x_wconf 86' lang='lat' dir='ltr'>ut</span> <span class='ocrx_word' id='word_1_203' title='bbox 980 2742 1080 2792; x_wconf 86' lang='lat' dir='ltr'>essent</span> <span class='ocrx_word' id='word_1_204' title='bbox 1099 2731 1182 2807; x_wconf 78' lang='lat' dir='ltr'>ferit.</span> <span class='ocrx_word' id='word_1_205' title='bbox 1228 2726 1287 2787; x_wconf 87' lang='lat' dir='ltr'>Sed</span> 
     </span>
     <span class='ocr_line' id='line_1_23' title="bbox 59 2827 1286 2911; baseline -0.001 -22"><span class='ocrx_word' id='word_1_206' title='bbox 59 2849 112 2891; x_wconf 86' lang='lat' dir='ltr'>nec</span> <span class='ocrx_word' id='word_1_207' title='bbox 139 2830 212 2891; x_wconf 89' lang='lat' dir='ltr'>iihrd</span> <span class='ocrx_word' id='word_1_208' title='bbox 241 2849 359 2909; x_wconf 90' lang='lat' dir='ltr'>quoqne</span> <span class='ocrx_word' id='word_1_209' title='bbox 388 2830 423 2890; x_wconf 90' lang='lat' dir='ltr'>ad</span> <span class='ocrx_word' id='word_1_210' title='bbox 446 2831 549 2891; x_wconf 83' lang='lat' dir='ltr'>Filium</span> <span class='ocrx_word' id='word_1_211' title='bbox 579 2831 723 2910; x_wconf 75' lang='lat' dir='ltr'>pertinet,</span> <span class='ocrx_word' id='word_1_212' title='bbox 755 2832 902 2911; x_wconf 89' lang='lat' dir='ltr'>siquidem</span> <span class='ocrx_word' id='word_1_213' title='bbox 925 2831 961 2891; x_wconf 89' lang='lat' dir='ltr'>de</span> <span class='ocrx_word' id='word_1_214' title='bbox 984 2829 1123 2890; x_wconf 89' lang='lat' dir='ltr'>omnibns</span> <span class='ocrx_word' id='word_1_215' title='bbox 1145 2827 1286 2906; x_wconf 85' lang='lat' dir='ltr'>loquitur,</span> 
     </span>
     <span class='ocr_line' id='line_1_24' title="bbox 59 2929 1288 3012; baseline -0.001 -21"><span class='ocrx_word' id='word_1_216' title='bbox 59 2951 132 3010; x_wconf 87' lang='lat' dir='ltr'>quae</span> <span class='ocrx_word' id='word_1_217' title='bbox 154 2950 210 3010; x_wconf 85' lang='lat' dir='ltr'>per</span> <span class='ocrx_word' id='word_1_218' title='bbox 234 2932 331 3010; x_wconf 88' lang='lat' dir='ltr'>ipsum</span> <span class='ocrx_word' id='word_1_219' title='bbox 354 2933 428 2991; x_wconf 84' lang='lat' dir='ltr'>iacta</span> <span class='ocrx_word' id='word_1_220' title='bbox 451 2941 536 3003; x_wconf 91' lang='lat' dir='ltr'>suut,</span> <span class='ocrx_word' id='word_1_221' title='bbox 566 2951 582 2992; x_wconf 95' lang='lat' dir='ltr'>a</span> <span class='ocrx_word' id='word_1_222' title='bbox 611 2933 719 3010; x_wconf 90' lang='lat' dir='ltr'>quibus</span> <span class='ocrx_word' id='word_1_223' title='bbox 742 2942 821 2994; x_wconf 87' lang='lat' dir='ltr'>certe</span> <span class='ocrx_word' id='word_1_224' title='bbox 844 2933 908 3012; x_wconf 90' lang='lat' dir='ltr'>ipse</span> <span class='ocrx_word' id='word_1_225' title='bbox 929 2931 1002 2992; x_wconf 89' lang='lat' dir='ltr'>alins</span> <span class='ocrx_word' id='word_1_226' title='bbox 1026 2940 1080 2992; x_wconf 86' lang='lat' dir='ltr'>est.</span> <span class='ocrx_word' id='word_1_227' title='bbox 1126 2930 1187 2991; x_wconf 90' lang='lat' dir='ltr'>Nec</span> <span class='ocrx_word' id='word_1_228' title='bbox 1208 2929 1288 2990; x_wconf 90' lang='lat' dir='ltr'>enim</span> 
     </span>
     <span class='ocr_line' id='line_1_25' title="bbox 60 3030 1287 3113; baseline -0.003 -19"><span class='ocrx_word' id='word_1_229' title='bbox 60 3040 156 3112; x_wconf 84' lang='lat' dir='ltr'>potest</span> <span class='ocrx_word' id='word_1_230' title='bbox 178 3033 255 3105; x_wconf 87' lang='lat' dir='ltr'>beri,</span> <span class='ocrx_word' id='word_1_231' title='bbox 279 3043 311 3091; x_wconf 92' lang='lat' dir='ltr'>ut</span> <span class='ocrx_word' id='word_1_232' title='bbox 333 3033 429 3110; x_wconf 79' lang='lat' dir='ltr'>opifex</span> <span class='ocrx_word' id='word_1_233' title='bbox 453 3034 512 3105; x_wconf 89' lang='lat' dir='ltr'>his,</span> <span class='ocrx_word' id='word_1_234' title='bbox 534 3053 608 3112; x_wconf 88' lang='lat' dir='ltr'>quae</span> <span class='ocrx_word' id='word_1_235' title='bbox 625 3035 688 3113; x_wconf 90' lang='lat' dir='ltr'>ipse</span> <span class='ocrx_word' id='word_1_236' title='bbox 704 3033 810 3108; x_wconf 78' lang='lat' dir='ltr'>effecit,</span> <span class='ocrx_word' id='word_1_237' title='bbox 833 3041 1053 3105; x_wconf 86' lang='lat' dir='ltr'>annumeretur,</span> <span class='ocrx_word' id='word_1_238' title='bbox 1076 3032 1135 3093; x_wconf 88' lang='lat' dir='ltr'>nisi</span> <span class='ocrx_word' id='word_1_239' title='bbox 1150 3030 1287 3091; x_wconf 83' lang='lat' dir='ltr'>fortassis</span> 
     </span>
     <span class='ocr_line' id='line_1_26' title="bbox 60 3131 1286 3213; baseline -0.001 -20"><span class='ocrx_word' id='word_1_240' title='bbox 60 3133 98 3194; x_wconf 80' lang='lat' dir='ltr'>ita</span> <span class='ocrx_word' id='word_1_241' title='bbox 125 3134 234 3213; x_wconf 84' lang='lat' dir='ltr'>aliquis</span> <span class='ocrx_word' id='word_1_242' title='bbox 265 3133 407 3212; x_wconf 88' lang='lat' dir='ltr'>desipiat,</span> <span class='ocrx_word' id='word_1_243' title='bbox 437 3146 467 3194; x_wconf 91' lang='lat' dir='ltr'>ut</span> <span class='ocrx_word' id='word_1_244' title='bbox 490 3136 681 3196; x_wconf 83' lang='lat' dir='ltr'>architectum</span> <span class='ocrx_word' id='word_1_245' title='bbox 704 3135 781 3195; x_wconf 91' lang='lat' dir='ltr'>idern</span> <span class='ocrx_word' id='word_1_246' title='bbox 805 3154 874 3196; x_wconf 87' lang='lat' dir='ltr'>esse</span> <span class='ocrx_word' id='word_1_247' title='bbox 896 3134 966 3196; x_wconf 86' lang='lat' dir='ltr'>velit</span> <span class='ocrx_word' id='word_1_248' title='bbox 988 3143 1074 3212; x_wconf 85' lang='lat' dir='ltr'>atque</span> <span class='ocrx_word' id='word_1_249' title='bbox 1097 3132 1227 3194; x_wconf 80' lang='lat' dir='ltr'>aedilicia</span> <span class='ocrx_word' id='word_1_250' title='bbox 1250 3131 1286 3192; x_wconf 90' lang='lat' dir='ltr'>ab</span> 
     </span>
     <span class='ocr_line' id='line_1_27' title="bbox 61 3232 1286 3314; baseline -0.002 -19"><span class='ocrx_word' id='word_1_251' title='bbox 61 3253 96 3295; x_wconf 85' lang='lat' dir='ltr'>eo</span> <span class='ocrx_word' id='word_1_252' title='bbox 116 3242 300 3296; x_wconf 84' lang='lat' dir='ltr'>constructa.</span> <span class='ocrx_word' id='word_1_253' title='bbox 347 3234 424 3306; x_wconf 84' lang='lat' dir='ltr'>Quid</span> <span class='ocrx_word' id='word_1_254' title='bbox 448 3235 536 3313; x_wconf 86' lang='lat' dir='ltr'>igitur</span> <span class='ocrx_word' id='word_1_255' title='bbox 558 3236 599 3296; x_wconf 85' lang='lat' dir='ltr'>iili</span> <span class='ocrx_word' id='word_1_256' title='bbox 622 3255 685 3309; x_wconf 88' lang='lat' dir='ltr'>eos,</span> <span class='ocrx_word' id='word_1_257' title='bbox 709 3236 758 3314; x_wconf 90' lang='lat' dir='ltr'>qni</span> <span class='ocrx_word' id='word_1_258' title='bbox 780 3244 859 3297; x_wconf 87' lang='lat' dir='ltr'>recte</span> <span class='ocrx_word' id='word_1_259' title='bbox 881 3255 915 3296; x_wconf 87' lang='lat' dir='ltr'>ac</span> <span class='ocrx_word' id='word_1_260' title='bbox 936 3236 984 3314; x_wconf 91' lang='lat' dir='ltr'>pie</span> <span class='ocrx_word' id='word_1_261' title='bbox 1000 3235 1140 3307; x_wconf 86' lang='lat' dir='ltr'>sentiunt,</span> <span class='ocrx_word' id='word_1_262' title='bbox 1163 3232 1286 3295; x_wconf 87' lang='lat' dir='ltr'>vocibus</span> 
     </span>
     <span class='ocr_line' id='line_1_28' title="bbox 60 3334 1285 3415; baseline -0.002 -19"><span class='ocrx_word' id='word_1_263' title='bbox 60 3355 118 3396; x_wconf 89' lang='lat' dir='ltr'>nen</span> <span class='ocrx_word' id='word_1_264' title='bbox 142 3336 265 3415; x_wconf 80' lang='lat' dir='ltr'>seriptis</span> <span class='ocrx_word' id='word_1_265' title='bbox 289 3335 329 3396; x_wconf 88' lang='lat' dir='ltr'>nti</span> <span class='ocrx_word' id='word_1_266' title='bbox 352 3345 505 3408; x_wconf 85' lang='lat' dir='ltr'>accusant,</span> <span class='ocrx_word' id='word_1_267' title='bbox 534 3354 599 3398; x_wconf 90' lang='lat' dir='ltr'>cnm</span> <span class='ocrx_word' id='word_1_268' title='bbox 623 3337 680 3415; x_wconf 88' lang='lat' dir='ltr'>ipsi</span> <span class='ocrx_word' id='word_1_269' title='bbox 703 3355 790 3398; x_wconf 86' lang='lat' dir='ltr'>voces</span> <span class='ocrx_word' id='word_1_270' title='bbox 814 3355 875 3397; x_wconf 91' lang='lat' dir='ltr'>non</span> <span class='ocrx_word' id='word_1_271' title='bbox 898 3337 1023 3414; x_wconf 80' lang='lat' dir='ltr'>scriptus</span> <span class='ocrx_word' id='word_1_272' title='bbox 1047 3335 1082 3396; x_wconf 91' lang='lat' dir='ltr'>ad</span> <span class='ocrx_word' id='word_1_273' title='bbox 1105 3334 1285 3395; x_wconf 84' lang='lat' dir='ltr'>consuman-</span> 
     </span>
     <span class='ocr_line' id='line_1_29' title="bbox 59 3435 1287 3516; baseline -0.002 -18"><span class='ocrx_word' id='word_1_274' title='bbox 59 3437 123 3498; x_wconf 78' lang='lat' dir='ltr'>dam</span> <span class='ocrx_word' id='word_1_275' title='bbox 147 3437 332 3516; x_wconf 86' lang='lat' dir='ltr'>impietatem</span> <span class='ocrx_word' id='word_1_276' title='bbox 355 3437 466 3514; x_wconf 80' lang='lat' dir='ltr'>fingere</span> <span class='ocrx_word' id='word_1_277' title='bbox 488 3455 548 3497; x_wconf 88' lang='lat' dir='ltr'>non</span> <span class='ocrx_word' id='word_1_278' title='bbox 564 3437 742 3498; x_wconf 80' lang='lat' dir='ltr'>sintreriti?</span> <span class='ocrx_word' id='word_1_279' title='bbox 777 3438 854 3498; x_wconf 89' lang='lat' dir='ltr'>Sane</span> <span class='ocrx_word' id='word_1_280' title='bbox 867 3437 978 3498; x_wconf 92' lang='lat' dir='ltr'>nemini</span> <span class='ocrx_word' id='word_1_281' title='bbox 992 3455 1119 3516; x_wconf 90' lang='lat' dir='ltr'>prorsus</span> <span class='ocrx_word' id='word_1_282' title='bbox 1135 3435 1203 3496; x_wconf 87' lang='lat' dir='ltr'>licet</span> <span class='ocrx_word' id='word_1_283' title='bbox 1218 3453 1287 3496; x_wconf 86' lang='lat' dir='ltr'>esse</span> 
     </span>
     <span class='ocr_line' id='line_1_30' title="bbox 58 3536 1286 3618; baseline -0.003 -19"><span class='ocrx_word' id='word_1_284' title='bbox 58 3539 165 3618; x_wconf 89' lang='lat' dir='ltr'>impio,</span> <span class='ocrx_word' id='word_1_285' title='bbox 200 3538 318 3599; x_wconf 86' lang='lat' dir='ltr'>etiamsi</span> <span class='ocrx_word' id='word_1_286' title='bbox 346 3538 437 3598; x_wconf 84' lang='lat' dir='ltr'>variis</span> <span class='ocrx_word' id='word_1_287' title='bbox 460 3538 557 3599; x_wconf 88' lang='lat' dir='ltr'>verbis</span> <span class='ocrx_word' id='word_1_288' title='bbox 580 3538 763 3617; x_wconf 87' lang='lat' dir='ltr'>speciosisve</span> <span class='ocrx_word' id='word_1_289' title='bbox 785 3538 977 3617; x_wconf 86' lang='lat' dir='ltr'>sophismatis</span> <span class='ocrx_word' id='word_1_290' title='bbox 1000 3556 1083 3598; x_wconf 88' lang='lat' dir='ltr'>snam</span> <span class='ocrx_word' id='word_1_291' title='bbox 1105 3536 1286 3613; x_wconf 86' lang='lat' dir='ltr'>impietatem</span> 
     </span>
     <span class='ocr_line' id='line_1_31' title="bbox 57 3637 1287 3729; baseline -0.003 -29"><span class='ocrx_word' id='word_1_292' title='bbox 57 3640 123 3718; x_wconf 84' lang='lat' dir='ltr'>quis</span> <span class='ocrx_word' id='word_1_293' title='bbox 154 3648 249 3700; x_wconf 88' lang='lat' dir='ltr'>tentet</span> <span class='ocrx_word' id='word_1_294' title='bbox 279 3639 434 3718; x_wconf 79' lang='lat' dir='ltr'>obtegere;</span> <span class='ocrx_word' id='word_1_295' title='bbox 462 3647 492 3700; x_wconf 88' lang='lat' dir='ltr'>at</span> <span class='ocrx_word' id='word_1_296' title='bbox 519 3658 607 3700; x_wconf 90' lang='lat' dir='ltr'>nemo</span> <span class='ocrx_word' id='word_1_297' title='bbox 629 3655 691 3700; x_wconf 89' lang='lat' dir='ltr'>non</span> <span class='ocrx_word' id='word_1_298' title='bbox 713 3641 854 3713; x_wconf 77' lang='lat' dir='ltr'>fateatur,</span> <span class='ocrx_word' id='word_1_299' title='bbox 871 3657 947 3729; x_wconf 33' lang='lat' dir='ltr'>&#39;rem</span> <span class='ocrx_word' id='word_1_300' title='bbox 970 3645 1101 3699; x_wconf 84' lang='lat' dir='ltr'>sanctam</span> <span class='ocrx_word' id='word_1_301' title='bbox 1123 3656 1157 3698; x_wconf 89' lang='lat' dir='ltr'>ac</span> <span class='ocrx_word' id='word_1_302' title='bbox 1178 3637 1287 3696; x_wconf 88' lang='lat' dir='ltr'>iustam</span> 
     </span>
     <span class='ocr_line' id='line_1_32' title="bbox 57 3738 1284 3822; baseline -0.004 -21"><span class='ocrx_word' id='word_1_303' title='bbox 57 3759 125 3801; x_wconf 87' lang='lat' dir='ltr'>esse</span> <span class='ocrx_word' id='word_1_304' title='bbox 159 3741 299 3819; x_wconf 89' lang='lat' dir='ltr'>pietatem</span> <span class='ocrx_word' id='word_1_305' title='bbox 328 3741 443 3814; x_wconf 88' lang='lat' dir='ltr'>colere,</span> <span class='ocrx_word' id='word_1_306' title='bbox 476 3741 543 3803; x_wconf 87' lang='lat' dir='ltr'>lieet</span> <span class='ocrx_word' id='word_1_307' title='bbox 572 3741 658 3802; x_wconf 87' lang='lat' dir='ltr'>noris</span> <span class='ocrx_word' id='word_1_308' title='bbox 688 3761 721 3803; x_wconf 86' lang='lat' dir='ltr'>ac</span> <span class='ocrx_word' id='word_1_309' title='bbox 748 3739 914 3822; x_wconf 85' lang='lat' dir='ltr'>peregrinis</span> <span class='ocrx_word' id='word_1_310' title='bbox 942 3738 1064 3800; x_wconf 87' lang='lat' dir='ltr'>vocibus</span> <span class='ocrx_word' id='word_1_311' title='bbox 1088 3738 1153 3816; x_wconf 91' lang='lat' dir='ltr'>quis</span> <span class='ocrx_word' id='word_1_312' title='bbox 1177 3744 1284 3808; x_wconf 88' lang='lat' dir='ltr'>utatur,</span> 
     </span>
     <span class='ocr_line' id='line_1_33' title="bbox 55 3838 1286 3922; baseline -0.004 -20"><span class='ocrx_word' id='word_1_313' title='bbox 55 3843 219 3903; x_wconf 88' lang='lat' dir='ltr'>dummodo</span> <span class='ocrx_word' id='word_1_314' title='bbox 241 3841 278 3914; x_wconf 86' lang='lat' dir='ltr'>is,</span> <span class='ocrx_word' id='word_1_315' title='bbox 302 3841 350 3920; x_wconf 93' lang='lat' dir='ltr'>qni</span> <span class='ocrx_word' id='word_1_316' title='bbox 374 3841 513 3919; x_wconf 86' lang='lat' dir='ltr'>loquitur,</span> <span class='ocrx_word' id='word_1_317' title='bbox 536 3843 584 3921; x_wconf 89' lang='lat' dir='ltr'>pie</span> <span class='ocrx_word' id='word_1_318' title='bbox 607 3843 716 3904; x_wconf 87' lang='lat' dir='ltr'>sentiat</span> <span class='ocrx_word' id='word_1_319' title='bbox 736 3850 767 3903; x_wconf 92' lang='lat' dir='ltr'>et</span> <span class='ocrx_word' id='word_1_320' title='bbox 788 3861 842 3922; x_wconf 90' lang='lat' dir='ltr'>per</span> <span class='ocrx_word' id='word_1_321' title='bbox 863 3841 927 3901; x_wconf 84' lang='lat' dir='ltr'>illas</span> <span class='ocrx_word' id='word_1_322' title='bbox 950 3858 1039 3900; x_wconf 83' lang='lat' dir='ltr'>voces</span> <span class='ocrx_word' id='word_1_323' title='bbox 1061 3839 1101 3910; x_wconf 87' lang='lat' dir='ltr'>id,</span> <span class='ocrx_word' id='word_1_324' title='bbox 1124 3838 1204 3918; x_wconf 91' lang='lat' dir='ltr'>quod</span> <span class='ocrx_word' id='word_1_325' title='bbox 1221 3838 1286 3915; x_wconf 90' lang='lat' dir='ltr'>ipse</span> 
     </span>
     <span class='ocr_line' id='line_1_34' title="bbox 55 3939 1285 4022; baseline -0.005 -18"><span class='ocrx_word' id='word_1_326' title='bbox 55 3943 244 4022; x_wconf 77' lang='lat' dir='ltr'>cogitaverit,</span> <span class='ocrx_word' id='word_1_327' title='bbox 272 3943 323 4022; x_wconf 91' lang='lat' dir='ltr'>pie</span> <span class='ocrx_word' id='word_1_328' title='bbox 352 3942 422 4002; x_wconf 81' lang='lat' dir='ltr'>velit</span> <span class='ocrx_word' id='word_1_329' title='bbox 450 3943 625 4022; x_wconf 80' lang='lat' dir='ltr'>significare.</span> <span class='ocrx_word' id='word_1_330' title='bbox 670 3944 740 4004; x_wconf 81' lang='lat' dir='ltr'>Illae</span> <span class='ocrx_word' id='word_1_331' title='bbox 770 3945 872 4022; x_wconf 88' lang='lat' dir='ltr'>itaque</span> <span class='ocrx_word' id='word_1_332' title='bbox 895 3941 1005 4002; x_wconf 81' lang='lat' dir='ltr'>Christi</span> <span class='ocrx_word' id='word_1_333' title='bbox 1033 3939 1181 4012; x_wconf 86' lang='lat' dir='ltr'>hostium,</span> <span class='ocrx_word' id='word_1_334' title='bbox 1212 3957 1285 4017; x_wconf 87' lang='lat' dir='ltr'>quas</span> 
     </span>
    </p>
   </div>
   <div class='ocr_carea' id='block_1_4' title="bbox 51 4189 1287 4425">
    <p class='ocr_par' dir='ltr' id='par_1_5' title="bbox 51 4189 1287 4425">
     <span class='ocr_line' id='line_1_35' title="bbox 53 4189 1287 4274; baseline -0.005 -31"><span class='ocrx_word' id='word_1_335' title='bbox 53 4198 117 4244; x_wconf 79' lang='lat' dir='ltr'>serbi</span> <span class='ocrx_word' id='word_1_336' title='bbox 147 4191 244 4261; x_wconf 71' lang='lat' dir='ltr'>[Athen.</span> <span class='ocrx_word' id='word_1_337' title='bbox 272 4197 336 4260; x_wconf 83' lang='lat' dir='ltr'>Opp.</span> <span class='ocrx_word' id='word_1_338' title='bbox 366 4193 489 4271; x_wconf 29' lang='lat' dir='ltr'>edgben.</span> <span class='ocrx_word' id='word_1_339' title='bbox 520 4197 588 4273; x_wconf 79' lang='lat' dir='ltr'>¹Tem.</span> <span class='ocrx_word' id='word_1_340' title='bbox 616 4192 646 4274; x_wconf 83' lang='grc'>1.]</span> <span class='ocrx_word' id='word_1_341' title='bbox 733 4211 753 4245; x_wconf 89' lang='lat' dir='ltr'>e.</span> <span class='ocrx_word' id='word_1_342' title='bbox 779 4192 894 4259; x_wconf 83' lang='lat' dir='ltr'>[Hermae</span> <span class='ocrx_word' id='word_1_343' title='bbox 920 4191 1016 4256; x_wconf 86' lang='lat' dir='ltr'>Pastor]</span> <span class='ocrx_word' id='word_1_344' title='bbox 1040 4193 1091 4242; x_wconf 88' lang='lat' dir='ltr'>Lib.</span> <span class='ocrx_word' id='word_1_345' title='bbox 1111 4192 1134 4241; x_wconf 81' lang='lat'>2.</span> <span class='ocrx_word' id='word_1_346' title='bbox 1163 4190 1243 4240; x_wconf 84' lang='lat' dir='ltr'>mand.</span> <span class='ocrx_word' id='word_1_347' title='bbox 1265 4189 1287 4237; x_wconf 92' lang='grc'>1.</span> 
     </span>
     <span class='ocr_line' id='line_1_36' title="bbox 53 4252 1286 4330; baseline -0.006 -18"><span class='ocrx_word' id='word_1_348' title='bbox 53 4279 98 4328; x_wconf 69' lang='lat' dir='ltr'>pag</span> <span class='ocrx_word' id='word_1_349' title='bbox 126 4265 166 4312; x_wconf 74' lang='lat'>49.</span> <span class='ocrx_word' id='word_1_350' title='bbox 192 4267 303 4313; x_wconf 82' lang='lat' dir='ltr'>habetur.</span> <span class='ocrx_word' id='word_1_351' title='bbox 341 4263 421 4313; x_wconf 78' lang='lat' dir='ltr'>Ceteri</span> <span class='ocrx_word' id='word_1_352' title='bbox 447 4272 470 4312; x_wconf 90' lang='lat' dir='ltr'>et</span> <span class='ocrx_word' id='word_1_353' title='bbox 488 4265 544 4312; x_wconf 84' lang='lat' dir='ltr'>edrtr</span> <span class='ocrx_word' id='word_1_354' title='bbox 562 4258 590 4312; x_wconf 73' lang='lat' dir='ltr'>du</span> <span class='ocrx_word' id='word_1_355' title='bbox 607 4278 645 4329; x_wconf 77' lang='grc' dir='ltr'>μη</span> <span class='ocrx_word' id='word_1_356' title='bbox 699 4260 795 4330; x_wconf 81' lang='lat' dir='ltr'>[Patres</span> <span class='ocrx_word' id='word_1_357' title='bbox 815 4271 893 4326; x_wconf 84' lang='lat' dir='ltr'>apest.</span> <span class='ocrx_word' id='word_1_358' title='bbox 913 4263 950 4310; x_wconf 88' lang='lat' dir='ltr'>ed.</span> <span class='ocrx_word' id='word_1_359' title='bbox 961 4260 1118 4310; x_wconf 76' lang='lat' dir='ltr'>Cetei-(Iter.</span> <span class='ocrx_word' id='word_1_360' title='bbox 1129 4260 1146 4308; x_wconf 87' lang='lat'>1.</span> <span class='ocrx_word' id='word_1_361' title='bbox 1166 4273 1220 4322; x_wconf 75' lang='lat' dir='ltr'>paq.</span> <span class='ocrx_word' id='word_1_362' title='bbox 1232 4252 1286 4321; x_wconf 72' lang='grc'>85]</span> 
     </span>
     <span class='ocr_line' id='line_1_37' title="bbox 51 4329 826 4425; baseline 0.003 -47"><span class='ocrx_word' id='word_1_363' title='bbox 51 4329 246 4396; x_wconf 60' lang='grc' dir='ltr'>φωμένων,</span> <span class='ocrx_word' id='word_1_364' title='bbox 275 4342 301 4381; x_wconf 87' lang='lat' dir='ltr'>nt</span> <span class='ocrx_word' id='word_1_365' title='bbox 328 4341 351 4380; x_wconf 88' lang='lat' dir='ltr'>et</span> <span class='ocrx_word' id='word_1_366' title='bbox 377 4330 466 4391; x_wconf 74' lang='lat' dir='ltr'>legisse</span> <span class='ocrx_word' id='word_1_367' title='bbox 483 4332 575 4381; x_wconf 84' lang='lat' dir='ltr'>ridetur</span> <span class='ocrx_word' id='word_1_368' title='bbox 593 4347 645 4381; x_wconf 83' lang='lat' dir='ltr'>rer·</span> <span class='ocrx_word' id='word_1_369' title='bbox 733 4366 750 4413; x_wconf 33' lang='lat' dir='ltr'>f.</span> <span class='ocrx_word' id='word_1_370' title='bbox 770 4365 826 4425; x_wconf 40' lang='lat' dir='ltr'>neg.</span> 
     </span>
    </p>
   </div>
   <div class='ocr_carea' id='block_1_5' title="bbox 52 4355 1157 4463">
    <p class='ocr_par' dir='ltr' id='par_1_6' title="bbox 52 4355 1157 4463">
     <span class='ocr_line' id='line_1_38' title="bbox 52 4355 1157 4463; baseline -0.026 -16"><span class='ocrx_word' id='word_1_371' title='bbox 52 4404 128 4449; x_wconf 75' lang='lat' dir='ltr'>sionis</span> <span class='ocrx_word' id='word_1_372' title='bbox 147 4405 253 4463; x_wconf 69' lang='lat' dir='ltr'>rotgatae</span> <span class='ocrx_word' id='word_1_373' title='bbox 272 4409 370 4449; x_wconf 86' lang='lat' dir='ltr'>auctor.</span> <span class='ocrx_word' id='word_1_374' title='bbox 845 4355 1012 4427; x_wconf 56' lang='grc' dir='ltr'>ἔγγραφθῑςὶ</span> <span class='ocrx_word' id='word_1_375' title='bbox 1033 4361 1157 4431; x_wconf 56' lang='grc' dir='ltr'>11]θῦὖοῆᾶ</span> 
     </span>
    </p>
   </div>
   <div class='ocr_carea' id='block_1_6' title="bbox 85 4454 906 4550">
    <p class='ocr_par' dir='ltr' id='par_1_7' title="bbox 85 4454 906 4550">
     <span class='ocr_line' id='line_1_39' title="bbox 85 4454 906 4550; baseline 0.006 -33"><span class='ocrx_word' id='word_1_376' title='bbox 85 4471 109 4517; x_wconf 83' lang='lat' dir='ltr'>a.</span> <span class='ocrx_word' id='word_1_377' title='bbox 127 4463 180 4534; x_wconf 72' lang='grc' dir='ltr'>πρό</span> <span class='ocrx_word' id='word_1_378' title='bbox 199 4472 266 4519; x_wconf 63' lang='lat' dir='ltr'>acen</span> <span class='ocrx_word' id='word_1_379' title='bbox 287 4470 314 4518; x_wconf 80' lang='lat' dir='ltr'>u</span> <span class='ocrx_word' id='word_1_380' title='bbox 333 4468 392 4527; x_wconf 67' lang='lat' dir='ltr'>uer.</span> <span class='ocrx_word' id='word_1_381' title='bbox 732 4479 755 4527; x_wconf 86' lang='lat' dir='ltr'>e·</span> <span class='ocrx_word' id='word_1_382' title='bbox 776 4465 831 4550; x_wconf 68' lang='lat' dir='ltr'>tter·</span> <span class='ocrx_word' id='word_1_383' title='bbox 850 4454 906 4528; x_wconf 67' lang='lat' dir='ltr'>‘&#39;tr·</span> 
     </span>
    </p>
   </div>
   <div class='ocr_carea' id='block_1_7' title="bbox 1047 4541 1086 4592">
    <p class='ocr_par' dir='ltr' id='par_1_8' title="bbox 1047 4541 1086 4592">
     <span class='ocr_line' id='line_1_40' title="bbox 1047 4541 1086 4592; baseline 0 -17"><span class='ocrx_word' id='word_1_384' title='bbox 1047 4541 1086 4592; x_wconf 67' lang='lat'>4*</span> 
     </span>
    </p>
   </div>
   <div class='ocr_carea' id='block_1_8' title="bbox 0 0 1478 5092">
    <p class='ocr_par' dir='ltr' id='par_1_9' title="bbox 0 0 1478 5092">
     <span class='ocr_line' id='line_1_41' title="bbox 0 0 1478 5092; baseline 0 1"><span class='ocrx_word' id='word_1_385' title='bbox 0 0 1478 5092; x_wconf 95' lang='lat' dir='ltr'> </span> 
     </span>
    </p>
   </div>
  </div>
 </body>
</html>
