2934 5078
437 245 553 343 conam
565 262 917 314 mommuurourmmr.
1226 260 1289 340 865

89 411 215 473 isoentes
238 428 302 472 rem
325 411 558 474 animadvertant
578 414 624 475 rel
647 413 719 477 alios
741 415 879 496 decipere
893 437 954 481 non
968 421 1093 499 valeant,
1116 424 1185 487 dum
1201 440 1374 507 aper-nest

89 512 210 573 ssimam
232 512 343 574 Christi
365 515 663 594 comprehensionem
685 516 876 595 pollicentur:
899 520 969 585 Non
984 525 1182 606 r'ctelh'pentrs
1198 547 1290 610 nepus
1377 521 1385 535 ’

89 632 139 676 rue
162 613 329 695 loquuntur
351 634 446 703 nep-ire
469 619 502 678 de
525 618 631 696 quidus
654 617 825 698 affirmant.

147 719 178 779 2.
222 715 303 805 Nam
317 716 422 777 Patres
451 717 569 796 quidem
598 717 717 793 dixere,
738 720 1022 786 consubstantialem
1045 745 1113 789 esse
1134 727 1214 790 Patri
1235 729 1270 790 Fi

89 837 134 879 rm
164 837 198 879 ac
217 819 313 878 Deum
336 837 436 891 verum
460 837 496 880 ex
517 818 579 879 lieo
600 837 672 880 vero
695 826 725 881 et
745 822 907 900 perlectum
930 841 965 884 ex
986 828 1137 905 perlecto,
1160 829 1209 908 qui
1231 830 1372 894 ‹te-nnn

89 918 132 981 ide
162 919 323 981 descendit.
343 929 467 999 propter
496 928 630 981 nostram
660 919 801 996 salutem,
830 922 999 988 incarnatus
1027 928 1170 989 ethome
1192 930 1287 993 lactus

89 1028 118 1093 it,
144 1038 178 1081 ac
199 1019 392 1099 postmodum
414 1039 524 1100 passus
547 1027 593 1081 est
615 1030 644 1082 et
666 1023 841 1084 resurrexit.
887 1023 947 1085 Sed
962 1044 999 1086 ne
1015 1027 1083 1106 quis
1099 1014 1198 1092 audita
1211 1049 1286 1110 pas-

89 1138 148 1181 one
171 1131 201 1182 et
222 1122 445 1182 resurrectione
468 1121 560 1183 Deum
583 1120 712 1184 Verbum
741 1131 883 1187 mutatum
907 1144 975 1192 esse
995 1124 1286 1207 cogitaretsimmu·

89 1221 179 1284 bilem
202 1232 232 1284 et
253 1222 454 1284 invariabilem
478 1241 545 1285 esso
567 1222 673 1285 Filium
695 1223 884 1289 damnatione
899 1226 1028 1289 adhibita
1044 1229 1198 1292 deliniunt.
1231 1232 1287 1295 lsti

89 1344 128 1386 ero
151 1333 202 1387 aut
222 1324 416 1386 mutationem
431 1324 520 1386 Verbi
542 1325 818 1401 comminiscuntur,
841 1335 892 1389 aut
905 1329 1060 1393 Passionis
1084 1331 1285 1413 dispensatio-

89 1445 128 1487 ειη
157 1445 269 1487 meram
298 1445 368 1487 esse
397 1426 585 1506 phantasiam
607 1426 814 1507 suspieentur,
847 1439 935 1510 atque
956 1430 1107 1517 interdum
1126 1433 1287 1495 increatam

91 1527 273 1606 elestemque
296 1527 406 1590 Christi
429 1546 559 1602 carnem,
581 1529 737 1607 aliqnando
759 1530 866 1596 Deitati
889 1531 971 1594 aiunt
991 1552 1061 1596 esse
1084 1534 1285 1596 consubstan-

89 1627 169 1689 ilem.
212 1628 326 1690 Deinde
349 1628 487 1708 inquiunt
508 1630 571 1692 rice
592 1629 745 1700 interioris
769 1628 819 1710 qui
842 1631 872 1693 in
886 1633 975 1695 nobis
991 1643 1037 1696 est
1051 1635 1183 1697 hominis
1198 1654 1284 1698 men-

89 1748 116 1791 m
140 1729 298 1791 caelestem
320 1730 423 1792 inesse
435 1730 565 1793 Christo.
608 1731 681 1792 Nam
704 1731 799 1815 figura
820 1718 877 1794 illa
891 1734 1000 1808 dicunt,
1024 1755 1080 1815 qua
1095 1735 1285 1810 induebatur,

89 1838 151 1892 star
173 1832 276 1910 organi
298 1849 372 1893 usus
395 1840 451 1904 est,
474 1849 571 1911 neque
594 1831 673 1893 enim
694 1831 841 1911 possibile
862 1843 925 1895 erat
946 1824 1110 1915 perlectum
1132 1835 1284 1897 bominem

89 1950 138 1993 um
160 1933 234 1993 lieri.
259 2016 262 2021 4
280 1932 356 2006 „Ubi
381 1933 460 1994 enim
481 1933 632 2012 perlectus
653 1932 746 1995 homo
768 1932 809 2013 ibi
833 1941 863 1995 et
883 1945 1047 2014 peccatum,
1070 1936 1201 2017 itemque
1223 1937 1283 1999 duo

89 2036 216 2113 perlecta
239 2053 331 2097 unum
353 2035 417 2097 lieri
439 2053 501 2096 non
522 2043 662 2114 possunt.
705 2032 824 2114 Alioqui
846 2035 877 2098 in
891 2035 1010 2099 Christo
1034 2038 1091 2099 crit
1113 2056 1147 2098 ea
1162 2037 1283 2116 quaein

89 2134 172 2196 uobis
201 2144 248 2196 est
274 2153 372 2214 pugna
400 2134 530 2215 peceati,
560 2153 696 2214 opusque
726 2136 783 2197 erit
805 2135 833 2196 ei
854 2136 904 2198 ills
927 2137 1004 2217 apud
1026 2156 1084 2199 nos
1106 2138 1171 2199 ficri
1194 2137 1283 2199 soliti

89 2237 270 2316 purgatione,
294 2236 320 2299 si
343 2237 479 2299 Christus
502 2237 593 2298 homo
616 2237 711 2297 lactus
734 2236 815 2316 quod
836 2237 868 2298 in
890 2236 979 2299 nobis
995 2237 1104 2317 cogitat
1119 2245 1148 2298 et
1163 2256 1282 2299 earnem
1369 2288 1371 2293 .

89 2347 183 2400 noret
203 2339 234 2399 in
257 2338 360 2419 seipso
382 2338 554 2417 suscepisse
576 2337 758 2399 exhibeatur.
788 2338 849 2400 Sed
863 2339 1016 2415 assumsit,
1040 2338 1189 2419 inquiunt,
1212 2356 1281 2400 eor-

89 2459 139 2501 rus
162 2439 273 2519 absque
294 2450 404 2513 mente,
429 2449 461 2502 ut
482 2439 548 2519 ipse
569 2437 701 2499 mensio
715 2436 766 2501 illo
783 2447 875 2513 esset,
898 2457 1006 2519 expers
1022 2437 1144 2500 omnino
1158 2437 1282 2519 peccati,

89 2560 149 2602 mm
175 2542 291 2602 ratione
312 2541 481 2603 'divinitatis
511 2549 573 2602 tum
595 2540 712 2601 ratione
733 2540 848 2615 cornis,
878 2559 953 2620 quae
975 2540 1088 2619 absque
1110 2547 1210 2601 mente
1233 2538 1281 2601 sit.

89 2642 186 2721 leque
208 2642 288 2703 enim
309 2652 412 2722 peccat
433 2661 501 2704 caro
525 2641 600 2713 eius,
623 2641 673 2720 qui
696 2659 817 2702 carnem
838 2649 940 2701 movet
962 2641 993 2702 id
1015 2646 1063 2701 est
1085 2640 1135 2719 qui
1151 2639 1280 2723 cogitat,

89 2743 106 2805 ri
129 2743 157 2803 is
178 2744 261 2822 prius
284 2742 397 2822 peccati
419 2752 515 2804 actum
538 2759 600 2801 non
622 2747 722 2801 mente
744 2739 924 2818 conceperit,
948 2749 979 2802 et
999 2740 1026 2802 si
1047 2758 1102 2819 per
1117 2732 1228 2819 corpus
1243 2739 1280 2800 ad

89 2844 195 2906 receati
222 2844 507 2906 consummationem
537 2848 676 2922 operatus
706 2858 768 2902 non
789 2841 888 2901 luerit.
932 2840 1017 2902 Unde
1040 2836 1280 2919 carnis'quidem
1336 2846 1339 2850 '

89 2946 242 3008 levitatem
257 2945 393 3008 Christus
416 2926 659 3006 commonstraiit
679 2960 736 3022 pro
751 2941 868 3031 ratione
883 2930 1108 3016 similitudinis,
1119 2940 1281 3002 novitatem
1305 2942 1307 2946 ”

89 3054 181 3110 nutem
203 3047 279 3120 eius,
302 3046 351 3127 qui
374 3046 405 3106 in
425 3044 516 3115 nobis
537 3044 656 3123 cogitat,
678 3060 734 3122 per
755 3032 950 3105 ildliationem
967 3050 998 3105 et
1010 3040 1233 3105 similitudinem
1252 3051 1282 3104 et

89 3147 291 3210 abstinentiam
312 3167 329 3208 a
349 3154 472 3226 peccato
493 3143 698 3224 unusquisque
720 3143 751 3206 in
774 3142 874 3223 seipso
898 3143 1026 3206 exbibet.
1070 3142 1108 3204 Et
1129 3142 1174 3205 sic
1192 3140 1279 3204 Chri-

89 3258 148 3312 rtus
171 3249 236 3310 sine
259 3258 379 3328 peccato
402 3246 606 3325 intelligitur.“

138 3352 167 3414 3.
211 3350 292 3412 llaec
312 3359 383 3411 sunt
404 3349 521 3410 illorum
544 3345 730 3425 sophismata
753 3345 840 3406 etad
862 3363 912 3407 res
933 3342 1152 3424 detorquendas
1175 3343 1278 3406 eonsi-

97 3473 106 3527 ;
129 3469 227 3530 neque
248 3469 326 3512 unus
350 3460 397 3512 est
417 3450 535 3511 illorum
558 3464 676 3520 sermo,
698 3445 790 3508 multa
814 3446 892 3507 enim
914 3444 1131 3507 incredulitatis
1154 3444 1277 3507 diverti-

89 3552 116 3614 la
137 3552 275 3613 humanis
297 3549 574 3613 ratiocinationibus
597 3546 769 3639 excogitata,
812 3547 1020 3626 Proponamus
1043 3545 1133 3624 igitur
1154 3544 1212 3606 illis
1232 3544 1278 3607 di-

89 3653 112 3715 ii
135 3653 233 3732 placiti
256 3653 436 3714 voluntatem
459 3654 539 3727 (nam
562 3653 688 3720 introvit,
710 3632 818 3749 ijguit,
840 3647 990 3710 Dominus
1013 3657 1041 3709 et
1062 3664 1125 3709 non
1136 3649 1274 3726 poerca'te-

89 3760 196 3831 teum)
225 3772 260 3814 ac
286 3755 460 3816 verissimae
487 3749 681 3813 oeconomiae
703 3744 989 3811 consummationem
1012 3753 1041 3807 et
1061 3744 1278 3807 absolutissimi

88 3855 188 3916 nehcii
211 3855 343 3933 gratiam,
367 3863 529 3930 mutuoque
546 3849 740 3923 sciscitemur,
765 3856 916 3910 uteorum
932 3847 1120 3927 exploremus
1136 3852 1276 3917 mentem,

89 3975 123 4018 un
138 3956 322 4036 propheticis
344 3951 597 4035 praedictionibus
620 3958 800 4023 consonent,
821 3967 894 4009 num
908 3946 1079 4029 Apostolica
1100 3945 1277 4007 documenta

89 4141 149 4207 erpi.
188 4142 264 4193 lidem
289 4141 447 4204 manuscripti
466 4129 609 4203 ἄγνωστος
625 4121 642 4202 ᾖ
693 4125 812 4186 ἕκαστος.
849 4133 875 4182 ln
893 4132 946 4183 sliis
965 4139 989 4182 et
1006 4119 1282 4188 leodinensem-inlr

89 4224 150 4269 πη.
694 4202 770 4263 deest,
789 4202 886 4250 rectius.

89 4295 104 4328 s.
124 4280 226 4337 Segner.
235 4271 280 4324 καὶ
297 4268 367 4323 κατὰ
387 4267 417 4321 τὸ
437 4265 479 4321 ἂν.
517 4273 642 4322 hloxidern

89 4360 105 4395 n
133 4348 231 4397 Gobler.
258 4352 281 4393 et
309 4345 413 4393 l'elclrm.
441 4343 463 4390 1.
491 4333 644 4407 ἁμαρτάνει
1087 4405 1090 4408 .
1145 4397 1150 4408 Ι

89 4411 123 4482 ρξ
140 4411 189 4461 τοῦ
208 4404 333 4475 ἄγοντος.
728 4402 745 4453 l.
763 4401 854 4464 lnglie.
872 4393 902 4449 ἐν
918 4399 976 4454 τοῖς
992 4412 1082 4466 repom.
1104 4406 1128 4449 et
1144 4397 1206 4448 rulrr
1223 4398 1280 4451 itam

89 4484 108 4533 l.
126 4481 189 4532 Edit.
214 4480 332 4532 Commel.
357 4477 501 4544 etquidem
525 4490 584 4528 mss.
607 4464 643 4535 ἣν
693 4461 724 4521 ἐν
740 4468 800 4524 tois
815 4460 913 4518 ἀποστ.
1083 4544 1088 4553 1

89 4569 215 4614 trunam
226 4579 278 4613 ore.
288 4577 359 4612 noct.
372 4575 421 4609 na.
1045 4550 1078 4603 55

729 4317 750 4352 a.
767 4293 876 4354 τούτοις
894 4299 962 4349 deest
979 4300 1003 4347 in
1022 4297 1122 4361 Seguer.
