2948 5092
529 248 690 292 sacriora.
707 248 974 293 corruituros.
1014 270 1020 287 ·
1275 233 1337 297 Cbl

118 403 228 482 ficiunt
246 418 308 482 pro
327 409 450 480 peccota
473 410 534 469 tuo,
558 408 587 460 et
608 400 688 480 offer
709 398 917 462 blesensem
939 410 1032 469 mum,
1055 409 1085 461 et
1105 400 1266 480 deprecere
1277 407 1421 482 prtum.

120 516 151 567 tc
173 514 202 567 et
221 522 283 584 pro
306 503 390 565 domo
413 511 475 571 tuo,
497 511 526 562 tt
546 500 596 577 sac
620 501 698 562 douo
714 500 831 580 populi,
855 510 884 562 et
905 501 1066 580 deprecere
1084 520 1146 581 pro
1168 502 1239 575 illis,
1261 507 1340 565 alent

114 609 280 687 proecepit
300 603 446 665 Dominus
468 600 574 680 Moysi.
618 601 693 662 Ecce
715 601 763 663 btc
784 601 916 680 quamvis
937 620 1013 663 unus
1035 602 1074 663 sit
1093 603 1218 682 Moyses,
1242 611 1339 664 tamen

119 707 189 787 ipso
210 706 327 785 bioyses
348 703 427 764 velut
448 701 485 762 de
506 701 562 764 alio
575 703 676 780 lloyse
697 702 782 764 dicit:
805 707 884 764 sicut
900 708 1054 785 proecepit
1068 704 1215 767 Dominus
1231 705 1337 784 Moysi.

120 807 174 870 Sic
201 825 273 886 ergo
301 804 416 867 etiamsi
443 802 545 865 beatus
567 803 673 864 Petrus
701 803 831 866 divinum
858 803 986 866 Verbum
1014 803 1080 867 liliis
1101 805 1195 868 lsrael
1214 825 1268 885 per
1288 805 1337 867 le·

121 926 192 971 sum
214 907 363 970 Christum
385 906 511 967 missum
533 924 600 967 csse
620 905 707 980 dicat,
729 923 791 967 non
808 904 918 967 idcirco
934 906 1161 969 existimandum
1182 916 1239 980 est,
1261 906 1339 969 aliud

121 1030 191 1074 esse
213 1008 340 1071 Verbum
361 1016 389 1070 et
410 1007 499 1069 aliurn
521 1025 588 1069 esse
603 1006 762 1082 Christum,
783 1007 836 1069 sed
858 1026 950 1069 unum
964 1008 1148 1089 eundemque
1163 1027 1241 1083 esso,
1262 1027 1336 1088 pro·

120 1121 190 1193 ptcr
212 1129 297 1173 sunm
319 1128 424 1189 nempe
446 1127 511 1171 cum
533 1109 659 1169 bumana
680 1117 801 1181 natura,
824 1128 910 1189 quam
932 1109 1028 1171 divina
1048 1109 1135 1191 plane
1156 1110 1336 1189 benignitate

121 1221 153 1274 et
174 1213 328 1275 dementia
350 1211 507 1283 assumsit,
534 1210 788 1284 coniunctionem
821 1210 872 1290 qui
894 1211 919 1271 si
942 1212 1030 1273 etism
1051 1211 1205 1292 dupliciter
1225 1210 1335 1272 intelli-

119 1321 224 1394 gatur,
247 1312 369 1374 nonita
390 1322 502 1385 mmen,
532 1320 564 1373 ut
585 1311 711 1373 Verbum
735 1322 901 1392 separatum
922 1312 1120 1393 concipiatur,
1143 1313 1229 1374 sicuti
1251 1312 1339 1374 docet

120 1415 240 1477 divinus
262 1414 387 1476 loannes
410 1432 476 1474 cum
498 1412 553 1474 ait:
580 1412 620 1474 Bt
644 1412 768 1476 Verbum
791 1432 863 1476 coro
884 1416 1000 1494 sonum
1020 1427 1066 1478 tat
1088 1425 1118 1477 et
1139 1415 1284 1477 lubitooit
1304 1418 1338 1478 ln

120 1517 221 1581 soto.
264 1516 364 1596 ltaque
385 1513 623 1595 quandoquidem
643 1513 683 1588 id,
705 1515 785 1594 quod
806 1515 955 1595 praeclare
976 1535 1011 1577 ac
1030 1524 1111 1577 recte
1133 1536 1150 1579 a
1170 1516 1256 1578 beato
1277 1515 1336 1577 Po-

120 1628 169 1683 tro
191 1618 303 1681 dictum
331 1626 393 1691 est,
422 1617 509 1679 male-
525 1634 559 1677 ac
584 1616 724 1695 peluerse
752 1615 918 1697 intelligunt
943 1618 1163 1681 samosatensis
1191 1616 1336 1697 discipuli,

101 1726 203 1851 τίμιοι
224 1718 292 1781 illos
314 1720 344 1779 in
366 1718 486 1780 veritate
507 1737 567 1778 non
591 1725 679 1779 stare.
723 1718 854 1799 Namque
876 1719 1013 1780 Christus
1034 1719 1065 1781 in
1087 1720 1237 1799 Scriptura
1253 1734 1337 1779 sacra

114 1828 278 1901 nmque
300 1839 365 1882 esse
386 1820 575 1899 significatur,
597 1827 630 1881 nt
651 1836 717 1883 cum
737 1818 858 1883 ficitur:
883 1822 1021 1885 Christus
1038 1822 1097 1884 Dei
1116 1826 1215 1885 virtut
1238 1830 1266 1883 et
1279 1820 1339 1883 ne·

117 1926 279 2005 snpientia.
323 1921 466 1995 Quocirca
487 1941 553 1984 curn
574 1921 680 1984 Petrus
703 1920 745 1985 ait
763 1922 893 1985 Verbum
912 1943 967 2004 per
980 1923 1079 1987 lesum
1095 1922 1245 1985 Christum
1258 1921 1335 1985 mis-

119 2040 189 2085 sum
218 2042 286 2085 csse
313 2024 349 2086 ad
377 2022 583 2096 idioslsradl,
611 2023 669 2083 hoc
695 2020 825 2105 indicare
851 2025 1044 2105 intelligatur,
1075 2042 1182 2105 nempe
1209 2022 1335 2085 Verbum

119 2142 240 2187 munem
263 2125 370 2187 iactum
397 2125 464 2186 filiis
485 2125 577 2188 lsrael
598 2125 782 2205 apparuisse,
802 2136 836 2219 ut
854 2127 961 2189 loanni
981 2133 1127 2189 consonet
1148 2125 1270 2187 dicenti:
1297 2124 1338 2187 lit

123 2226 346 2291 vermescere
366 2227 483 2305 suctum
503 2238 557 2289 est.
602 2225 635 2287 Si
662 2245 731 2288 vero
753 2227 863 2291 dictum
883 2227 954 2290 illud
977 2228 1060 2291 alitor
1081 2234 1238 2308 exponant,
1260 2227 1334 2287 Ver-

117 2327 250 2408 Mque
271 2327 400 2389 disimm
423 2346 491 2390 esse
512 2327 556 2390 uti
576 2345 679 2390 revera
700 2336 747 2390 est
766 2330 942 2392 confitentes
964 2338 1128 2392 assumtum
1144 2329 1180 2391 ab
1195 2331 1262 2409 ipso
1277 2327 1334 2387 bo-

117 2430 250 2502 mium,
282 2429 330 2491 cui
351 2429 540 2491 coniunctum
568 2448 635 2492 osse
656 2428 800 2504 creditur,
817 2431 865 2492 ,ab
887 2449 923 2492 eo
945 2431 1035 2491 velint
1056 2448 1208 2511 separare,
1237 2429 1417 2508 ipsumhoc

118 2532 233 2595 aientes
254 2547 308 2608 per
328 2529 426 2594 lesum
442 2530 590 2593 Christum
604 2531 729 2593 missum
750 2550 829 2607 csse,
851 2550 923 2594 sanc
944 2550 979 2595 se
999 2532 1157 2611 pugnantia
1179 2530 1259 2610 loqui
1275 2547 1334 2590 non

118 2633 283 2703 attendunt.
329 2631 386 2702 Qui
409 2633 488 2694 enim
514 2633 572 2694 boc
597 2633 627 2695 in
656 2632 721 2693 loco
742 2633 872 2695 divinum
895 2633 1023 2695 Verbum
1044 2652 1061 2693 a
1083 2632 1179 2695 divina
1200 2633 1335 2692 incarna-

117 2734 202 2797 tione
224 2734 392 2812 seiungunt,
414 2733 613 2817 idemipsum
635 2735 821 2798 imminutum
841 2743 965 2814 putant,
987 2754 1054 2798 cum
1075 2735 1197 2798 audiunt
1217 2751 1335 2796 carnem

115 2834 230 2899 nuum
250 2854 333 2909 esse,
354 2802 539 2916 proindedpuc
561 2836 638 2898 idem
666 2837 787 2899 omnino
816 2837 948 2901 sentiunt
967 2857 1002 2899 ac
1023 2836 1169 2909 Gentiles,
1197 2835 1240 2898 uti
1263 2852 1335 2897 sano

116 2935 268 3010 tendunt,
300 2955 365 2999 cum
393 2938 519 3000 divinam
546 2939 780 3003 incarnationem
805 2939 999 3001 mutationem
1020 2937 1108 3000 Verbi
1134 2954 1203 3000 esse
1230 2937 1333 3016 smpi-

116 3045 232 3101 cantur.

204 3243 255 3304 32.
299 3240 405 3303 Verum
427 3259 487 3302 non
510 3241 550 3304 ita
571 3248 648 3318 est3¹
661 3241 748 3303 absit
793 3239 1047 3315 Quemadmodum
1074 3239 1152 3303 enim
1174 3238 1332 3320 inexplica-

115 3340 210 3404 bilem
230 3342 370 3404 unionem
392 3343 442 3405 blc
461 3343 612 3423 praedicat
630 3343 769 3419 loannes,
791 3342 931 3424 absorpto
954 3343 1089 3406 videlicet
1109 3343 1224 3405 mortali
1245 3341 1333 3404 avita

116 3452 150 3507 et
167 3442 208 3506 ab
228 3461 276 3519 eo,
298 3445 348 3523 qui
370 3445 434 3523 ipsa
455 3464 510 3525 per
530 3465 564 3509 so
586 3454 632 3509 est
652 3446 721 3521 vio,
742 3454 777 3509 ut
797 3445 862 3526 ipsc
882 3446 919 3507 ad
941 3446 1084 3508 llartham
1106 3445 1161 3506 ait:
1184 3444 1245 3525 Epo
1266 3461 1333 3505 sum

116 3549 201 3620 vt'ts3
222 3544 263 3606 ita
284 3563 350 3607 cum
371 3546 476 3607 beatus
498 3548 604 3609 Petrus
627 3547 754 3611 Verbum
766 3565 829 3628 per
845 3548 943 3610 lesum
958 3547 1105 3609 Christum
1126 3544 1249 3607 missum
1265 3561 1333 3605 esse

117 3645 208 3721 dixit,
238 3645 366 3709 divinam
388 3649 453 3709 eius
476 3648 648 3728 significavit
668 3648 820 3711 unionem.
862 3649 940 3711 Nam·
958 3657 990 3710 ut
1011 3649 1047 3721 is,
1070 3646 1119 3726 qui
1141 3646 1236 3707 audit:
1262 3644 1333 3706 Ver-

118 3747 189 3810 bum
218 3767 289 3810 coro
318 3751 432 3829 suctum
460 3763 521 3826 tat,
554 3769 613 3810 non
644 3750 753 3813 idcirco
781 3750 939 3812 arbitratur
966 3749 1092 3811 Verbum
1120 3746 1244 3826 amplius
1272 3763 1331 3805 non

117 3866 203 3920 csse,
227 3848 305 3927 quod
327 3858 405 3912 certe
425 3851 640 3932 perabsurdum
663 3860 724 3927 est,
745 3853 788 3914 uti
811 3852 954 3926 diximus3
984 3851 1024 3912 ita
1046 3849 1095 3928 qui
1117 3847 1244 3909 Verbum
1266 3864 1331 3907 cum

116 4071 230 4118 omittunt
248 4059 339 4120 adedo.
377 4071 427 4119 lior
446 4071 501 4131 flag.
520 4079 543 4119 et
561 4071 701 4132 Segoeriou.
784 4084 806 4131 g.
825 4070 864 4119 Sic
882 4072 939 4132 heg.
958 4079 982 4120 at
998 4070 1095 4131 chner.
1130 4069 1158 4115 ht
1176 4065 1215 4114 alii
1234 4072 1257 4112 et
1276 4063 1331 4112 editi

116 4130 308 4202 φθεγγόμενοι
332 4127 363 4185 οὗ
385 4136 504 4186 νοοῦσιν.
535 4130 562 4185 οἱ
582 4133 637 4204 γάρ
655 4148 700 4188 etc.
750 4132 801 4197 τὴν
809 4129 1000 4205 ἇνέκᾳροοιον
1012 4132 1139 4203 γέννησιν
1149 4126 1269 4182 ἐνταῦθα
1278 4123 1332 4178 Ἰω·

114 4206 161 4256 llil
190 4213 213 4254 et
239 4206 295 4256 editi
321 4196 353 4254 od
377 4208 488 4255 omittunt
509 4215 563 4255 ante
581 4204 699 4255 νοοῦσιν.
751 4201 839 4264 ἄγνος.
1250 4258 1258 4275 ,

114 4273 216 4323 Gobler.
235 4281 312 4323 antem
332 4283 355 4322 et
372 4274 477 4324 Felchm.
498 4274 519 4322 i.
539 4275 626 4325 hahent
643 4275 700 4324 ibid.
785 4273 807 4321 b.
828 4275 882 4331 Rea.
901 4282 925 4322 et
942 4274 1041 4335 Segner.
1058 4265 1126 4334 πρὸς
1145 4263 1194 4328 τὴν
1210 4264 1332 4330 Molem

115 4332 145 4389 ol
159 4334 216 4407 γάρ
235 4350 279 4390 etc.
314 4342 386 4391 hasil.
406 4351 428 4390 ea
446 4343 513 4404 ingl.
532 4333 565 4391 ὃν
580 4337 635 4408 γάρ
654 4351 699 4394 etc
751 4331 840 4396 οὗτὸς,
860 4333 914 4406 lyd
931 4334 987 4407 alpe
1004 4332 1018 4400 ἦ
1038 4336 1101 4398 ζωὴ»
1120 4333 1213 4401 ttyor.

115 4411 197 4461 Ceteri
215 4416 239 4457 et
256 4410 312 4459 editi
331 4399 362 4456 οὐ
379 4403 433 4474 γάρ
453 4419 496 4460 ete.
784 4409 799 4458 i.
824 4411 893 4460 Gobl.
913 4404 1021 4475 νομίσῃ.
1059 4409 1110 4457 llos
1128 4407 1226 4469 Seguer,
1246 4393 1331 4468 deasq

149 4478 169 4528 l.
187 4477 260 4527 Forte
278 4467 307 4524 οἳ
320 4470 383 4545 γάρ.
750 4466 861 4528 ἄτοπον.

148 4566 278 4609 Auruncu
287 4575 339 4610 ora.
349 4576 419 4610 soon.
433 4574 481 4608 suc.
1095 4556 1129 4610 4²
