2948 5092
528 253 674 297 srrsrom
689 255 708 296 ι.
719 256 760 296 -ro
778 255 973 301 semerom.
1295 249 1357 310 707

126 408 286 470 miserint:
309 406 401 478 Deus,
425 410 478 487 qni
494 410 593 486 poscit
614 425 659 467 me
681 407 717 468 ab
740 407 941 470 odolescentia
962 427 1136 493 meatusque
1155 414 1188 473 in
1206 425 1442 493 praesen-ecee.

127 522 190 572 tem
214 511 305 585 diem,
335 509 476 589 angelus,
506 513 558 589 qui
578 512 658 568 crrrit
680 526 726 569 me
749 509 783 569 de
805 515 919 571 cunctis
941 511 1047 586 molis,
1076 513 1228 576 benedicat
1250 520 1442 595 puerulum·

124 616 206 674 istis.
250 610 327 672 qum
349 610 417 689 quia
438 618 509 688 post
530 609 622 669 Deum
645 609 779 687 angelum
795 611 972 685 nominavit,
996 613 1079 692 prior
1099 623 1147 676 est
1167 615 1289 694 angelus
1304 615 1357 678 Fi·

125 715 187 787 lio,
217 723 267 775 aut
293 712 385 773 Filius
423 712 500 772 inter
528 711 648 789 angelos
678 710 913 772 annumeratur?
962 712 1004 773 lta
1032 718 1167 793 prolecto
1195 716 1360 792 senserint*

125 816 239 895 quippe
267 813 375 893 quibus
404 832 456 874 cor
484 821 656 891 corruptum
686 811 735 873 sit.
787 812 892 872 Verum
921 830 981 873 non
1012 815 1085 876 baec
1110 824 1158 878 est
1187 818 1357 897 Apostolioa

125 916 219 988 fides,
248 933 343 994 neque
372 933 404 974 ea
428 916 505 974 terre
527 914 594 974 licet
616 912 793 974 Christiano.
837 913 911 974 Nam
940 923 1040 976 sancta
1068 925 1096 977 et
1117 916 1202 978 beata
1225 918 1355 981 Trinitas

124 1017 278 1081 individua
307 1024 394 1094 atque
423 1016 487 1094 ipsa
518 1034 617 1076 secum
646 1015 812 1087 unitatem,
843 1015 883 1076 ita
910 1026 943 1076 ut
969 1016 1021 1078 ubi
1042 1017 1139 1079 Patris
1162 1020 1272 1081 mentio
1294 1022 1355 1096 liat,

83 1142 87 1151 “
120 1120 261 1183 eiusdem
285 1118 385 1179 statim
407 1118 546 1191 Verbum,
569 1137 602 1178 ac
625 1119 655 1179 in
679 1117 752 1179 Vilio
771 1117 899 1197 Spiritus
922 1118 1025 1180 debeat
1047 1119 1181 1201 intelligi.
1227 1122 1355 1194 Quodsi
1426 1152 1430 1156 “

125 1221 221 1283 Filius
243 1220 430 1293 nominetur,
459 1220 595 1281 similiter
624 1219 654 1280 in
677 1218 751 1280 Filio
776 1227 823 1279 est
845 1220 948 1294 Pater,
976 1239 1031 1282 nec
1054 1233 1135 1282 extra
1156 1223 1286 1285 Verbum
1308 1231 1357 1285 est

122 1323 259 1404 Spiritus
281 1330 412 1383 sanctus.
458 1321 609 1400 Siquidem
637 1338 694 1382 uua
723 1329 769 1382 est
798 1320 894 1382 Patris
922 1311 1030 1400 gratia,
1065 1325 1140 1401 quae
1164 1342 1220 1403 per
1248 1324 1355 1386 lilium

123 1426 157 1486 in
184 1425 298 1504 Spiritu
320 1431 422 1484 sancto
447 1422 618 1502 completur.
662 1421 726 1483 Una
747 1423 859 1502 pariter
881 1423 1017 1485 diviuitas
1045 1433 1076 1486 et
1097 1443 1173 1486 unus
1196 1425 1275 1487 lleus
1298 1434 1354 1499 est,

122 1527 177 1607 qui
200 1527 361 1604 estsuper
389 1525 488 1586 omnia
516 1533 545 1585 et
566 1543 620 1604 per
648 1524 746 1585 omnia
780 1534 866 1603 atque
889 1525 919 1585 in
942 1526 1091 1587 omnibus.
1135 1527 1268 1607 Namque
1289 1529 1355 1606 ipse

121 1629 216 1691 etium
238 1627 362 1700 Paulus,
392 1628 474 1688 euius
504 1627 576 1686 baec
598 1634 668 1687 sunt
688 1625 796 1707 rerba:
833 1627 990 1707 laetificor
1018 1646 1120 1689 corum
1142 1627 1205 1690 Deo
1234 1639 1262 1690 et
1284 1628 1355 1692 lesu
1436 1649 1442 1658 ·

123 1732 261 1801 Cbristo,
285 1728 429 1807 Spiritum
452 1748 468 1788 a
490 1727 564 1789 Filio
587 1727 758 1806 neutiquam
781 1727 881 1802 dividi,
905 1728 958 1789 sed
981 1728 1078 1808 ipsum
1093 1730 1124 1789 in
1141 1728 1259 1790 Christo
1275 1747 1353 1801 esse,

122 1831 376 1912 quemadmodum
397 1830 489 1890 Filius
512 1831 542 1890 in
564 1829 651 1890 Patre
673 1839 729 1900 est,
757 1829 868 1908 optime
890 1838 1023 1891 noverat.
1067 1830 1285 1891 Convenienter
1307 1839 1353 1891 ta-

121 1951 195 1996 men
218 1931 329 1993 eleetos
352 1931 471 2010 angelos
495 1950 551 1991 una
574 1930 716 2004 adiunxit,
739 1939 770 1991 ut
792 1931 931 2011 quoniam
945 1932 1019 1992 haec
1033 1932 1070 1992 ad
1086 1931 1262 2010 discipulum
1277 1931 1353 1994 scri-

122 2033 225 2107 bebat,
248 2033 307 2107 ille,
330 2033 376 2094 cui
399 2031 667 2105 minimelatebat,
690 2050 744 2105 ea,
766 2051 839 2111 quae
862 2051 877 2093 a
899 2033 961 2094 Deo
985 2033 1168 2104 dictasunt,
1190 2051 1245 2112 per
1267 2032 1353 2095 Chris

121 2144 205 2198 stum
227 2135 259 2196 in
281 2135 392 2214 Spiritu
414 2135 490 2196 dicta
513 2154 590 2209 esse,
613 2143 643 2195 et
664 2131 785 2213 angelos
805 2154 853 2196 res
869 2143 989 2195 nostras
1006 2134 1353 2214 administrare-singu-

120 2239 281 2316 lorumque
308 2245 391 2298 actus
418 2236 579 2316 speculari,
612 2235 745 2315 magistri
772 2236 1002 2330 'exhortationes
1031 2235 1210 2310 custodiret,
1242 2244 1274 2297 ut
1307 2235 1354 2298 cui

102 2350 302 2421 'persuasum
324 2348 406 2400 essct
428 2339 560 2400 omnium
583 2356 657 2417 quae
672 2338 782 2398 diceret
803 2339 888 2416 ipsos
904 2338 1025 2417 angelos
1041 2336 1244 2415 speculatores
1261 2345 1353 2399 testes

120 2432 245 2503 babere.
288 2442 332 2501 An
355 2442 432 2502 sorte
459 2441 597 2522 angelos,
627 2440 677 2518 qui
707 2457 826 2518 semper
853 2439 953 2500 rident
981 2438 1084 2499 faciem
1105 2437 1220 2510 Patris,
1250 2437 1354 2515 quiin

121 2543 214 2606 caelis
237 2551 294 2616 est,
317 2551 439 2622 propter
460 2541 609 2604 Ecclesiae
630 2540 763 2619 pusillos,
787 2549 879 2601 testes
902 2539 1038 2619 appellat,
1063 2545 1095 2599 ut
1116 2537 1277 2617 discipulus
1298 2557 1352 2600 co-

120 2645 214 2725 gnitis
236 2646 414 2724 populorum
437 2644 623 2706 curatoribus
644 2643 780 2723 Apostoli
801 2642 1019 2704 admonitiones
1040 2658 1102 2701 nou
1123 2639 1294 2719 negligeret.

214 3054 263 3115 15.
307 3051 409 3130 ltaque
436 3050 462 3109 is
491 3048 563 3108 mihi
591 3048 705 3109 videtur
733 3065 800 3107 esse
827 3064 934 3107 seusus
956 3044 1125 3124 Scripturae
1147 3061 1264 3114 sacrae,
1294 3059 1352 3120 quo

122 3152 213 3233 plane
234 3152 353 3212 illorum
377 3151 518 3212 adversus
535 3150 678 3229 Spiritum
699 3147 836 3227 impietas
853 3145 1032 3208 validissime
1047 3146 1200 3207 refutatur.
1244 3143 1354 3206 Verum

121 3254 216 3316 iidem
238 3253 279 3314 illi
302 3253 417 3314 recitati
439 3252 588 3313 adversari
610 3258 746 3329 pergunt,
770 3257 802 3311 ut
824 3248 940 3321 scribis,
964 3266 1025 3308 non
1047 3248 1105 3309 iam
1128 3245 1352 3326 exscriptoris,
1395 3229 1398 3236 ¹

121 3356 236 3435 quippe
259 3355 308 3434 qui
330 3353 402 3414 nibil
425 3352 465 3413 ibi
487 3352 646 3425 inveniant,
669 3351 781 3413 sodex
807 3349 920 3429 proprii
943 3348 1042 3411 cordis
1064 3347 1260 3409 redundantia
1281 3347 1355 3408 haec

121 3474 233 3519 rursus
256 3464 405 3517 eructant:
430 3455 484 3528 „Si
500 3454 628 3534 Spiritus
645 3472 695 3514 res
706 3450 814 3514 ‘creata
835 3469 896 3512 nou
919 3458 975 3524 est,
998 3468 1096 3530 neque
1111 3468 1188 3511 unus
1204 3468 1240 3509 ex
1253 3448 1353 3526 buge-

121 3558 207 3633 ‚‚lis,
241 3557 294 3618 sed
323 3576 359 3618 ex
381 3556 468 3617 Patre
495 3556 644 3636 procedit,
677 3555 768 3635 igitur
794 3554 872 3614 iilius
901 3571 1018 3632 quoque
1040 3553 1106 3631 ipse
1128 3551 1271 3613 dicendus
1295 3555 1352 3623 est,

120 3660 338 3741 „proindeque
354 3660 413 3719 duo
437 3668 507 3720 sunt
529 3659 645 3732 iratres,
670 3658 735 3738 ipse
756 3656 868 3719 scilicet
890 3663 921 3715 et
934 3655 1073 3715 Verbum.
1119 3652 1206 3725 Quod
1223 3651 1250 3711 si
1263 3653 1354 3711 irater

156 3881 180 3929 d.
200 3874 275 3928 ἐστιν
293 3880 361 3928 deest
379 3881 402 3928 iu
422 3880 479 3940 lleg.
500 3880 521 3928 l.
542 3887 565 3926 et
583 3880 683 3939 Seguer.
766 3885 789 3927 et
807 3875 949 3924 retient.
986 3873 1064 3924 Ceteri
1089 3881 1112 3921 et
1139 3871 1195 3921 editi
1213 3867 1263 3918 νῦν
1281 3868 1354 3918 omil-

156 3989 178 4023 Θ.
198 3973 303 4022 ΝΟΜ
322 3971 344 4020 2¹
364 3980 387 4020 οἱ
405 3961 461 4021 edm
479 3963 643 4036 mmm
662 3962 713 4020 gn·
765 3943 971 4006 tuuthabentque
998 3950 1043 3991 ort.
1067 3933 1138 3991 cods-
1174 3938 1234 3988 lbid.
1254 3938 1311 3998 lleg.
1331 3938 1354 3985 l.
1410 3934 1415 3942 '

118 4041 213 4104 Regi.
232 4040 491 4090 etOttobon.babent
507 4029 712 4104 γινώσκωνὸτι.
765 4001 1049 4089 “sfssuengm‘ifl'
1085 4005 1312 4069 Pm'stin'liis
1331 4009 1355 4053 ἰ

118 4112 170 4160 Am
188 4117 214 4159 up
232 4111 272 4158 hic
291 4116 374 4157 mm·
765 4080 836 4129 editis
854 4079 930 4127 deest.
968 4078 1042 4126 Paulo
1060 4084 1116 4140 post
1134 4075 1189 4137 lleg.
1211 4074 1232 4124 l.
1252 4073 1353 4186 Sedguer.

244 4204 248 4213 .
435 4192 443 4210 ,
764 4147 886 4209 lnglicou.
905 4145 1003 4197 Gobler.
1028 4152 1053 4194 et
1074 4142 1180 4193 Felclm.
1201 4142 1224 4191 l.
1241 4153 1272 4198 κη
1293 4132 1354 4204 σμέ-

159 4204 176 4252 t.
195 4203 267 4251 Rasrl.
298 4211 508 4268 παρατηρησεις.
555 4200 628 4249 Paulo
658 4207 715 4263 post
765 4229 831 4268 pm

118 4263 171 4321 ‘5⁶⁴3
190 4280 248 4335 1)οει
265 4261 336 4335 ῐάῖα
353 4265 400 4315 καί
417 4270 528 4318 ⁰¹¹¹l¹¹¹¹¹¹¹
546 4269 602 4346 Feli·
618 4269 639 4317 ¹·
658 4266 715 4319 ⁰¹²·
799 4285 823 4333 b.
842 4284 883 4332 Sic
901 4283 957 4344 lleg.
974 4280 996 4329 1.
1015 4276 1153 4329 Gobleriau.
1171 4273 1353 4326 erraterrat.

119 4349 147 4400 ‘b
166 4339 266 4416 sesslffl·
308 4339 367 4388 ΗΜ·
387 4353 431 4402 ΡΓΟ
450 4339 624 4403 θεωρθυνῖαΐ
641 4336 714 4387 Bllfl·
766 4352 818 4402 idox
837 4352 909 4400 iidem
937 4349 1077 4409 etSeguer.
1095 4336 1163 4394 abab
1181 4343 1355 4394 similiterba·

117 4401 295 4474 §pogonias
765 4421 830 4470 beat.
871 4417 934 4468 Editi
959 4423 983 4465 et
1006 4416 1050 4493 aliq
1072 4415 1097 4491 ip
1121 4422 1223 4479 utroque
1250 4411 1305 4462 loco
1329 4414 1356 4460 ct

155 4505 179 4553 g.
199 4490 241 4548 Sic
264 4491 322 4553 lleg.
339 4491 360 4541 l.
385 4491 485 4554 Seguer.
509 4490 584 4543 litsil.
616 4489 714 4543 Gobler.
764 4487 865 4552 Segoer.
881 4487 906 4537 ia
922 4483 1000 4550 priori
1017 4495 1108 4536 aoros.

1093 4562 1151 4618 45*
