2948 5092
473 248 583 325 eurio
598 279 619 321 1.
635 278 753 321 conam
766 277 902 323 munos.
1229 265 1290 327 241

81 434 241 507 decumo,
269 441 335 494 tum
363 439 396 492 ιιι
424 429 605 492 resurrectio
633 427 804 489 exaltatione
832 429 916 489 firma
944 448 998 507 per
1027 430 1124 510 ipsum
1152 431 1182 492 in
1204 430 1382 494 nubianuo,

74 543 247 616 perseveret
292 533 336 596 Ile
361 539 489 610 unoque
511 540 610 592 autem
631 529 720 589 dixit:
750 529 831 591 Deus
862 530 949 592 illum
978 531 1127 593 enullavit
1154 541 1184 595 et
1210 533 1294 596 oeus

72 637 116 700 itt·
134 615 272 706 denovit,
302 642 336 696 ut
356 634 427 695 binc
447 631 536 694 etiam
559 630 746 703 ostenderet,
767 649 842 709 *uon
865 630 980 692 Patrem
1005 635 1114 694 laetum
1138 652 1204 696 esse
1227 650 1294 696 car-

69 757 143 812 nem,
165 737 220 799 aed
243 736 310 798 eius
332 734 461 795 Verbum
483 731 632 793 bominem
655 732 763 792 tactum
787 751 864 804 esse,
887 732 923 793 ab
946 752 1041 811 eoque
1058 734 1228 796 humanitus
1243 753 1294 796 ac-

67 840 162 920 cipere
185 846 216 900 et
237 834 369 910 exaltari,
392 843 426 896 ιιι
446 833 504 894 iam
528 841 574 894 eat
596 832 713 894 dictum.
739 832 876 903 ¹Constat
891 842 987 896 autem
1003 853 1059 896 noe
1074 836 1103 895 id
1126 836 1156 897 in
1172 836 1295 898 dubium

64 941 160 1002 rocari
184 946 303 1020 potest,
328 950 383 1007 ea.
412 954 487 1014 quae
515 934 565 996 dat
587 933 688 1007 Pater,
715 953 770 1014 per
797 935 904 997 Filium
932 936 1011 997 dare.
1057 936 1201 1009 Quocirca
1224 937 1295 998 illud

62 1043 199 1121 prolecto
221 1038 370 1119 singulare
391 1038 536 1119 planeque
559 1035 728 1098 admirabile
751 1045 807 1108 eet,
829 1037 908 1116 quod
930 1038 1069 1116 gratiam,
1091 1056 1180 1117 quam
1201 1039 1295 1101 Filius

60 1145 148 1205 Patre
171 1142 304 1203 donante
326 1140 390 1201 aliie
414 1139 555 1218 impertit,
579 1138 642 1218 ipae
664 1138 769 1198 dicitur
790 1139 934 1218 accipere,
958 1148 988 1200 et
998 1139 1185 1213 exaltatione,
1208 1158 1295 1218 quam

60 1245 139 1306 idem
162 1242 260 1304 Filius
281 1242 368 1303 Patre
391 1241 461 1302 item
484 1241 628 1302 exaltante
650 1239 778 1319 perlicit,
810 1240 876 1319 ipse
907 1261 1026 1320 quoque
1047 1241 1200 1302 exaltatur.
1244 1240 1296 1302 llle

59 1345 223 1417 nimirum,
250 1343 301 1422 qui
323 1343 376 1404 liei
398 1343 476 1403 lilius
499 1351 578 1415 erat,
609 1340 736 1403 hominis
759 1360 876 1420 quoque
898 1343 977 1404 lilius
1000 1353 1047 1404 eat
1069 1344 1178 1414 lactus,
1207 1351 1295 1421 atque

60 1457 93 1509 nt
117 1445 251 1508 Verbum
273 1445 360 1506 Patre
382 1444 470 1505 dante
493 1444 544 1504 dat
565 1442 681 1516 omnia3
703 1462 768 1505 nam
792 1444 901 1516 omnia,
928 1464 1003 1523 quae
1024 1445 1093 1506 lacit
1115 1453 1144 1505 et
1165 1445 1212 1505 dat
1235 1425 1380 1508 Panno

59 1558 118 1621 ter,
141 1545 319 1627 peripsum
342 1545 413 1607 lacit
433 1552 464 1606 et
484 1544 617 1623 praebet.
660 1544 742 1605 ldem
764 1565 834 1605 vero
857 1555 890 1607 ut
911 1546 989 1607 tilius
1005 1546 1136 1606 bominis
1154 1565 1199 1618 ea,
1221 1564 1297 1625 quae

58 1651 128 1730 ipse
149 1648 218 1720 dat,
251 1646 422 1709 humanitus
451 1647 586 1725 accipere
614 1645 737 1718 dieitur,
769 1646 836 1725 quia
865 1647 976 1709 scilicet
1003 1666 1063 1709 non
1093 1647 1213 1709 alterius
1242 1647 1297 1709 eed

58 1751 158 1831 ipsius
180 1750 224 1811 ait
244 1767 366 1827 cor-pue,
389 1749 468 1827 qrrod
489 1767 527 1812 ex
549 1766 603 1810 oua
625 1756 729 1809 natura
752 1748 872 1826 gratiam
894 1757 993 1827 potest
1015 1749 1160 1828 accipere,
1183 1749 1225 1810 uti
1248 1749 1296 1810 di-

58 1852 170 1914 ximus.
215 1850 349 1930 Namque
371 1850 543 1929 accipiebat,
568 1859 714 1929 quatenus
738 1850 916 1912 exaltabatur
938 1851 1038 1925 bomo,
1061 1851 1145 1912 cuius
1161 1850 1298 1912 exaltatio

59 1962 127 2015 erat
146 1954 243 2015 Deum
265 1952 366 2032 ipsum
389 1951 475 2013 ellici.
521 1952 648 2013 Verbum
672 1962 770 2013 autem
792 1971 910 2033 semper
940 1953 1019 2015 istud
1048 1952 1151 2014 habuit
1179 1971 1212 2013 ex
1241 1970 1297 2031 pa-

58 2054 215 2117 terream
238 2052 393 2116 divinitate
416 2054 660 2133 etperleetione.
1174 2071 1178 2077 ·
1256 2058 1262 2073 ⁴

146 2559 201 2620 46.
245 2555 349 2633 ltaque
369 2554 396 2617 is
419 2574 506 2618 verus
528 2564 575 2617 est
596 2556 754 2618 verborum
777 2557 913 2636 Apostoli
937 2577 1058 2631 sensus,
1088 2576 1184 2636 eoque
1207 2558 1301 2620 valide

60 2660 254 2719 confutantur
276 2657 361 2736 impii
418 2659 506 2730 Quod
528 2658 600 2718 item
622 2658 665 2719 ait
685 2658 796 2719 Cantor
819 2679 913 2732 sacer,
937 2671 1049 2721 rectum
1068 2658 1206 2719 similiter
1227 2678 1298 2720 sen-

60 2778 129 2820 sum
153 2758 286 2828 obtinet,
314 2776 403 2837 quem
427 2779 513 2837 prava
538 2760 578 2821 illi
601 2760 720 2838 quidem
744 2761 989 2840 interpretatione
1013 2771 1221 2838 corrumpunt,
1246 2760 1299 2821 scd

60 2861 165 2939 pietati
188 2878 257 2922 esse
278 2878 445 2921 consonum
468 2873 550 2940 patet
571 2881 607 2922 ex
630 2862 697 2941 ipso
719 2862 856 2937 Psalmo,
887 2862 970 2924 cuins
1001 2863 1073 2923 haee
1102 2870 1174 2922 snm
1194 2861 1300 2923 verba:

65 2961 207 3025 Thronus
231 2972 320 3031 turea,
348 2961 447 3033 Berua,
478 2968 511 3026 in
541 2965 694 3027 soeculum
726 2964 848 3026 soeculi.
907 2965 996 3045 l'r'rqu
1025 2968 1185 3046 oeqerr‘totr's
1215 2969 1302 3043 vireu

63 3069 152 3144 requi
173 3069 228 3126 tui.
274 3063 421 3125 Dilexisti
439 3068 587 3126 lustinum
610 3078 640 3127 er
663 3067 754 3127 odr'str'
775 3069 980 3146 trrr'quitotcm:
1010 3069 1122 3128 ideireo
1152 3069 1242 3126 unm't
1263 3073 1301 3135 te,

66 3164 163 3236 Deua,
196 3165 280 3228 lleua
310 3176 382 3227 tuter
412 3167 475 3227 oleo
507 3167 639 3247 luetr'tr'ue
657 3187 736 3247 pree
760 3169 954 3230 consortibus
978 3171 1048 3231 tuis.
1093 3165 1300 3239 Attendite,o

64 3266 176 3340 Ariani,
198 3267 364 3345 saltemque
385 3266 443 3328 hoc
465 3287 500 3328 ex
522 3268 589 3328 loeo
611 3269 762 3347 agnoscite
785 3267 952 3329 veritatem!
997 3269 1161 3329 Consortes
1183 3265 1303 3329 Domini

66 3386 119 3428 nos
142 3384 251 3428 omnes
274 3366 430 3429 Psalmista
458 3369 625 3448 appellavit.
670 3370 758 3442 Quod
787 3370 813 3430 si
844 3390 879 3431 ex
908 3370 1000 3430 nihilo
1030 3378 1060 3430 et
1088 3387 1146 3428 una
1173 3366 1302 3427 erebus

68 3469 149 3530 lactis
173 3477 252 3530 esset
273 3467 378 3541 Filius,
401 3468 467 3547 ipse
488 3488 604 3548 quoque
628 3470 706 3531 inter
727 3480 883 3532 consortes
907 3479 1122 3532 numeraretur.
1155 3469 1228 3530 Cum
1244 3486 1299 3544 au7

68 3575 122 3630 tem
146 3568 231 3630 illum
251 3569 347 3631 licum
369 3579 522 3632 aetornum
544 3571 592 3632 his
615 3572 713 3634 verbis
737 3573 892 3633 cecinerit:
927 3573 1067 3634 Tlrronue
1092 3583 1177 3641 trees,
1207 3570 1302 3645 Deae,

69 3674 97 3731 in
117 3669 276 3734 soeculum
296 3671 427 3745 soeculi,
456 3691 507 3732 res
536 3692 608 3733 vero
636 3674 708 3736 alias
731 3674 921 3736 declaraverit
954 3675 1018 3736 eius
1041 3672 1105 3734 fieri
1127 3671 1285 3750 participes
1292 3690 1303 3759 3

69 3884 132 3938 κατὰ
151 3885 307 3956 Νιστορίου
325 3898 350 3938 et
367 3905 420 3939 mor
438 3885 507 3937 κατὰ
521 3884 660 3958 litteraris·
713 3895 737 3943 1.
773 3893 847 3942 Paulo
866 3903 922 3956 post
940 3894 1039 3954 Seguer.
1059 3884 1073 3938 ὃ
1092 3885 1120 3938 δὲ
1140 3883 1256 3955 delude.
1279 3897 1305 3938 nt

70 3972 93 4008 ac
109 3959 198 4009 deinde
216 3952 288 4006 κατὰ
305 3954 453 4021 Euctemon
470 3954 515 4006 καὶ
530 3952 640 4024 Ἀρείου.
713 3962 769 4021 legit
794 3977 890 4023 quicque
909 3962 1024 4009 Naeuius.
1061 3960 1122 4008 Editi
1142 3967 1164 4007 et
1183 3958 1222 4006 alii
1242 3950 1256 4003 d
1275 3950 1305 4003 db

98 4027 282 4104 ebulliendo
301 4033 326 4076 et
342 4029 434 4090 bnglic
453 4018 587 4093 Itonaeos
603 4022 658 4093 γὰρ
711 4022 870 4092 ψαλμῳδὸς.
908 4029 968 4078 ΙΙιίιι.
986 4023 1041 4095 γὰρ
1059 4019 1104 4074 καὶ
1123 4017 1306 4077 odeo'cdeeuut

68 4105 107 4141 ttae
125 4108 168 4146 te.
713 4099 737 4146 in
757 4097 855 4146 Gobler.
874 4105 898 4145 et
917 4097 1021 4144 Felelrm.
1043 4096 1064 4145 1.
1292 4136 1295 4141 ⁴

97 4164 114 4212 t.
133 4161 287 4225 SieSeguer.
308 4161 584 4224 utetlegitllannius.
613 4165 659 4213 dlii
749 4166 771 4212 b.
791 4166 890 4224 Seguer.
910 4154 1037 4229 ἀνομίαν.
1071 4163 1122 4212 lton
1142 4161 1203 4209 idem
1224 4152 1303 4213 idere,

69 4230 162 4307 dediti
180 4232 295 4310 oumirrnnt
313 4221 476 4307 redactionem.
516 4231 659 4309 ltrirxSegm
713 4216 890 4310 ὦᾈριιανοί,
925 4233 988 4282 Editi
1012 4239 1036 4281 et
1060 4232 1100 4280 alii
1124 4221 1208 4282 tuere,
1225 4217 1305 4290 ’Atm-

68 4292 492 4416 Zaetgssvm'offilgobhedml
509 4312 659 4416 diddimwli
713 4313 889 4423 wit'Seuucr.
909 4359 980 4432 ἡμᾶς
998 4366 1093 4415 omittit.
1130 4362 1181 4411 llox
1200 4338 1263 4409 idem
1282 4352 1307 4408 el

68 4431 113 4482 τοῦ
128 4425 289 4483 ἀποστόλου
307 4424 402 4499 ῥητόν.
713 4429 741 4481 δὲ
760 4427 788 4489 ἐξ
806 4428 854 4485 οὐκ
873 4425 970 4492 ὄντων,
991 4428 1038 4481 καὶ
1055 4431 1112 4480 τῶν
1128 4429 1252 4496 γενητῶν
1269 4412 1307 4480 εἷς

98 4495 291 4569 uberrime
309 4502 382 4566 abent
398 4517 412 4552 ι
430 4501 502 4555 uuor.
520 4502 659 4553 etlelelrm.
713 4488 757 4561 ἦν,
777 4488 811 4562 ἦν
830 4494 864 4550 ἂν
882 4501 944 4552 τῶν.
1236 4516 1239 4521 ·

100 4588 229 4634 Ammon
242 4600 297 4635 οη.
312 4598 386 4631 neon.
399 4599 449 4633 ιιι.
1069 4584 1101 4634 16
