2948 5092
92 237 156 300 272
491 251 517 294 ε.
532 248 686 295 ετεειωειι
701 248 926 293 nemmem

6 401 151 486 νακτῆς
170 401 229 464 τοῦ
251 396 349 483 λόγου
372 397 566 483 ἐπιδημίας,
596 392 641 474 ὥς
663 396 788 482 εἴρηκεν
811 391 829 460 ὁ
851 397 1003 478 Παῦλος,
1035 392 1055 484 ή
1078 398 1115 464 δὲ
1135 398 1199 462 τοῦ
1219 396 1322 482 λόγου

93 499 254 587 ἐπιδημία
268 500 455 566 τετελείωκε
475 496 513 563 τό
537 497 629 582 ἔργον
650 499 709 563 τοῦ
724 495 860 581 πατρός.
895 495 953 563 καὶ
969 495 1045 564 τότε
1054 499 1116 582 μὲν
1125 491 1196 563 ἀπὸ
1207 491 1324 582 Ἀδὰμ

90 605 186 686 μέχρι
206 604 361 678 Μωσέως
384 594 401 664 ὁ
422 597 571 677 θάνατος
593 597 840 683 ἕβασίλευσενλ,
862 592 883 685 ή
906 598 943 664 δὲ
957 600 1016 664 τοῦ
1032 596 1130 684 λόγου
1144 605 1320 683 παρουσία

91 700 272 788 κατήργησε
291 700 349 766 τόν
371 698 530 777 θάνατον,
553 701 607 764 καὶ
630 693 738 765 οὐκέτι
757 699 817 782 μὲν
833 696 867 764 ἐν
882 701 930 783 τῷ
942 692 1049 783 Ἀδάμ
1072 698 1214 778 Ιποίντες
1228 694 1319 766 ἀπο-

91 800 328 925 θνήσκομεν,ἒ
330 827 347 866 ν
370 801 406 866 δὲ
427 802 475 886 τῷ
496 803 634 921 Χριστηῦ
657 798 780 878 πάντες
803 798 1071 885 ζωοποιούμεθα.
1094 799 1241 869 merare
1255 802 1317 886 μὲν

5 932 83 976 ιιιι.
93 898 163 970 ἀπὸ
185 902 278 969 ι’Δάν
298 906 393 1022 μίχρι
413 863 624 1023 Βήροαβεὲ”
607 925 626 966 ο
648 899 749 1021 νόμος
768 900 1012 1020 κατηγγέλλετο,
1034 903 1089 979 καί
1111 900 1147 968 ἐν
1167 901 1253 989 μόνη
1276 906 1318 991 τῇ

87 999 229 1091 Ἰουδαίᾳ
246 1001 391 1090 γνωστὸς
410 991 450 1087 ήν
470 998 491 1069 ά
505 986 609 1081 θεός,
633 1001 690 1068 νῦν
712 1003 749 1069 δὲ
771 1001 818 1081 είς
838 1003 954 1068 πάσαν
974 999 1042 1121 τήν
1053 1004 1113 1090 γῆν
1134 1001 1278 1087 ἐξῆλθεν
1298 999 1318 1070 δ

91 1104 258 1194 οφθόγγος
279 1128 387 1170 αυτων
393 1106 426 1184 ²)
449 1106 504 1170 καί
526 1106 623 1169 πάσα
642 1129 664 1191 η
677 1127 717 1188 γη
701 1101 1006 1191 ’πεπλήρωται’
965 1126 1024 1188 της
1038 1106 1117 1189 περί
1131 1107 1217 1171 θεοῦ
1231 1103 1320 1190 γνώ-

90 1227 182 1287 σεως,
207 1207 244 1273 οῗ
262 1231 298 1273 τε
318 1203 472 1292 μαθηταὶ
493 1203 724 1290 ἐμαθητευσαν
745 1202 858 1271 πάντα
876 1202 923 1271 τὰ
941 1203 1034 1292 ε’θνη,
1057 1229 1114 1271 και
1104 1203 1319 1293 πεπλήρω-

89 1332 146 1374 ται
167 1311 223 1374 νῦν
245 1305 283 1372 τὸ
305 1311 541 1392 γεγραμμένον·
565 1306 698 1373 ἔσονται
711 1304 835 1385 πάντες
848 1305 997 1372 διδακτοὶ
1011 1307 1138 1386 366³).
1168 1307 1225 1373 καί
1239 1305 1319 1375 τότε

87 1411 147 1493 μὲν
168 1407 274 1487 τύπος
295 1398 334 1495 ήν
355 1406 399 1474 τά
420 1406 619 1491 δεικνύμενα,
643 1404 720 1494 άρτι
742 1403 812 1493 δὲή
829 1402 973 1495 ἀλήθεια
986 1411 1239 1494 πεφανέρωται·
1261 1410 1319 1474 καὶ

88 1513 187 1577 τοῦτο
215 1508 319 1576 πάλιν
347 1504 445 1587 αὐτὸς
475 1505 494 1573 ὁ
524 1504 714 1587 ἀπόστολος
740 1508 825 1593 μετὰ
845 1511 950 1574 ταῦτα
972 1507 1201 1596 φανερώτερον
1222 1508 1316 1596 ἁἐξη-’

87 1622 196 1699 γεῑται
226 1613 342 1696 λέγων’
371 1608 455 1677 κατά
475 1613 635 1677 τοσοῦτον
657 1615 844 1696 κρείττονος
866 1608 1029 1697 διαθήκης
1049 1615 1179 1696 γέγονεν
1201 1609 1319 1696 ἔγγυος

88 1706 268 1799 ’Ἰηοούς*),
297 1713 351 1778 καὶ
373 1711 493 1778 πάλιν
516 1711 572 1808 νῦν
595 1712 631 1778 δὲ
653 1712 905 1800 διαφορωτέρας
926 1709 1078 1798 τετύχηκε
1098 1713 1316 1798 λειτουργίας,

89 1808 158 1900 ὅσῳ
185 1815 239 1879 καὶ
267 1813 452 1899 κρείττονός
479 1812 551 1881 ἐστι
578 1813 743 1902 διαθήκης
763 1818 914 1900 μεσίτης,
948 1808 1022 1900 ήτις
1049 1811 1107 1879 ίπλ
1129 1819 1317 1899 κρείττοσιν

88 1913 297 2000 ἐπαγγελίαις
312 1920 571 2002 νενομοθέτηται
579 1918 611 1996 ⁵),
635 1921 707 1982 καί·
736 1909 849 1981 ίαύδὲν
864 1912 926 2000 γάρ
950 1913 1138 1981 ἐτελείωσεν
1161 1908 1181 1979 ό
1202 1912 1318 1998 τόμος,

87 2014 288 2103 ἐπειςαγωγή
312 2018 348 2083 δὲ
369 2023 554 2102 κρείττονος
576 2016 750 2096 ἐλπίδος“),
772 2018 826 2082 καὶ
850 2005 952 2093 αύθίς
975 2034 1096 2102 φησιν·
1118 2009 1241 2102 ἀνάγκη
1258 2005 1318 2082 οῦν

85 2116 128 2183 τά
148 2119 209 2201 μὲν
230 2113 460 2204 ὑποδείγματα
489 2121 555 2184 τῶν
578 2117 612 2184 ἐν
633 2127 706 2197 τοῖς
727 2112 883 2203 οὐρανοῖς
903 2115 1035 2194 τούτοις
1055 2115 1315 2202 καθαρίζεσθαι,

87 2214 170 2284 αύτά
193 2220 228 2284 δὲ
250 2217 292 2285 τά
314 2217 497 2304 ἐπουράνια
517 2225 683 2306 κρείττοσι
703 2225 843 2296 θυσίαις
863 2216 979 2302 «παρὰ
992 2216 1155 2296 ταύτας’).
1187 2215 1229 2282 τὸ
1251 2215 1318 2304 ἄρα

84 2324 231 2406 κρεῖττον
259 2319 316 2385 καὶ
337 2322 393 2387 νῦν
415 2323 469 2386 καλ
492 2313 533 2387 δι’
558 2315 645 2387 ὅλων
666 2323 713 2407 τῷ
736 2325 836 2406 κυρίῳ
859 2313 1059 2406 ἀνατίθησι,
1081 2321 1131 2405 τῷ
1151 2324 1319 2404 κρείττονι

85 2424 140 2488 καί
168 2419 258 2508 ἀλλην
285 2420 380 2507 παρά
400 2421 443 2488 τά
463 2419 581 2509 γενητὰ
601 2421 802 2506 τυγχάνοντι.
841 2426 997 2505 κρείττων
1018 2417 1080 2504 γάρ
1101 2415 1121 2507 ή
1145 2415 1187 2485 δι’
1212 2411 1316 2486 αύτσῦ

84 2529 201 2604 θυσία,
225 2529 379 2610 κρείττων
400 2518 421 2610 ή
443 2522 477 2589 ἐν
500 2518 589 2609 αὐτῷ
612 2521 716 2604 ἐλπίς,
739 2524 792 2588 καὶ
809 2522 844 2588 αλ
860 2516 901 2587 δι’
919 2516 1020 2587 αὐτοῦ
1036 2521 1232 2606 ἐπαγγελίαι
1246 2514 1313 2604 σῦχ’

87 2619 133 2703 ιύς
153 2623 240 2709 πρὸς
260 2624 361 2711 μικρά
382 2624 523 2710 μεγάλαι
545 2622 803 2709 ουγκρινύμεναι,
827 2618 890 2688 ἀλλ
910 2619 977 2700 ¹¹69
999 2620 1098 2688 ἄλλαι
1119 2619 1316 2708 πρὸς,ι’τ’λλα

83 2723 142 2811 τήν
174 2725 274 2812 φύσιν
305 2725 537 2811 τυγχάνουσαι,
567 2724 641 2792 ἐπεὶ
670 2727 724 2792 καί
748 2720 766 2789 6
787 2726 893 2790 ταῦτα
915 2721 1134 2810 οἰκονομήσας
1156 2727 1315 2808 κρείττων

83 2830 150 2893 τῶν
171 2830 313 2914 γενητῶν
337 2827 416 2893 ἔστι.

169 2935 219 2996 66.
263 2925 333 2994 Καὶ
354 2927 393 2993 τὸ
415 2926 589 3013 λεγόμενον
611 2924 714 2993 πάλιν
735 2931 865 3011 γέγονεν
888 2925 999 3010 ἔγγυος
1019 2924 1091 3012 ἰτήν
1111 2921 1198 3009 ὑπὲρ
1219 2922 1314 3009 ήμῶν

85 3026 197 3115 ἐγγύην
219 3029 277 3115 τήν
299 3023 377 3114 παρ’
402 3025 503 3094 αύτοό
525 3032 698 3115 γενομένην
721 3032 882 3114 σημαίνει.
913 3021 960 3104 ὥς
979 3025 1042 3112 γάρ
1055 3024 1153 3111 λόγος
1168 3019 1215 3091 ὢν
1231 3025 1317 3112 σὰρξ

85 3127 226 3213 ἐγένετο,
255 3127 312 3195 καὶ
337 3129 376 3195 τὸ
405 3135 564 3214 γενέσθαι
584 3132 624 3217 τῇ
646 3127 745 3214 σαρκὶ
765 3127 968 3213 λογιζόμεθα
990 3125 1115 3214 ίγενητή
1136 3125 1200 3212 γάρ
1223 3125 1313 3194 ἐστιν

85 3225 165 3316 αύτη
188 3232 243 3296 καί
264 3229 378 3314 κτιστή
401 3229 573 3314 ιτυγχάνει
595 3220 706 3311 οὖσα),
738 3226 824 3295 οῧτω
854 3230 909 3295 καλ
936 3227 1084 3294 ἐνταῦθα
1110 3226 1149 3292 τὸ
1171 3231 1312 3312 γίγαντα,

83 3329 140 3395 ἵνα
161 3334 259 3397 τοῦτο
280 3329 365 3396 κατὰ
387 3330 538 3415 δεύτερον
554 3330 793 3416 σημαινόμενον
810 3328 1006 3412 ἒκλύβωμεν,
1029 3327 1086 3395 διά
1099 3326 1141 3393 τὸ
1153 3334 1316 3414 γενέσθαι

84 3425 184 3497 αύτόν
206 3429 399 3516 ἄνθρωπον.
437 3433 490 3497 καί
513 3437 635 3517 γνῶσιν
657 3433 690 3498 οἱ
712 3433 974 3521 φιλονεικοῦντες
997 3425 1119 3496 ότικαὶ
1140 3424 1212 3495 ἀπὸ
1233 3429 1313 3496 ταύ-

83 3557 142 3616 της
163 3536 221 3620 τής
248 3533 466 3611 κακονοίας“
452 3537 577 3600 εαυτῶν
606 3530 841 3613 ἐκπίπτουσιν,
875 3527 1129 3599 άκουίτωοαν“
1109 3554 1163 3597 οτι
1191 3526 1232 3596 ού
1253 3529 1315 3616 τήν

85 3628 201 3700 ούσίαν
223 3629 323 3700 αύτοῦ
345 3637 543 3756 γεγενῆσθαι
565 3641 718 3721 σημαίνει
741 3659 759 3700 ο
747 3629 974 3712 ίΠαῦλος,ε
958 3657 976 3698 ο
999 3632 1096 3710 εἰδὼς
1117 3627 1217 3698 αὐτὸν
1240 3631 1312 3698 υἱὸν

84 3733 141 3800 καὶ
169 3741 291 3823 σοφίαν
318 3738 371 3802 καὶ
397 3731 600 3822 ἀπαύγασμα
621 3736 678 3803 καὶ
700 3733 809 3802 εἰκόνα
831 3737 889 3800 τοῦ
911 3732 1055 3820 πατρός,
1088 3727 1157 3799 ἀλλ’
1183 3732 1286 3811 είς
1253 3759 1311 3819 την

83 3838 142 3922 τῆς
165 3835 326 3923 διαθήκης
349 3839 477 3904 διακονί
465 3844 517 3904 ίαν
539 3836 578 3902 τὸ
600 3842 759 3921 γενέσθαι
778 3838 893 3902 κάλ’
856 3860 913 3901 νυν
935 3835 1107 3921 λογίζεται,
1129 3828 1244 3900 καθ’ι
1231 3827 1313 3922 ήνδ

153 4008 178 4069 1)
196 4009 264 4059 Rom.
284 4009 308 4070 5,
329 4010 367 4060 14.
420 4010 445 4069 2)
464 4010 526 4061 ΡεεΙ.
543 4010 574 4061 19
592 4004 647 4075 [18.
664 4005 753 4076 Lm,
771 4009 795 4059 8.
814 4016 838 4058 εί
856 4009 923 4057 Rom.
945 4008 983 4071 16,
1005 4006 1044 4057 16.
1097 4006 1123 4066 3)
1141 4007 1195 4055 Εεε.
1213 4005 1313 4066 64,13.

84 4084 108 4129 et
125 4077 192 4127 λοεα.
209 4078 233 4140 6,
251 4077 292 4127 45.
344 4078 369 4137 4)
388 4076 461 4127 Hebr.
481 4077 506 4139 7,
524 4077 565 4127 22
618 4077 644 4138 6)
655 4078 726 4128 Hebr
745 4076 769 4138 8,
789 4075 813 4127 6.
865 4074 891 4136 6)
903 4075 1009 4136 Hebr'6
1024 4073 1061 4124 19.
1114 4073 1225 4135 λιθεῦτ.
1235 4074 1261 4135 9,
1271 4073 1312 4124 23.

117 4228 138 4261 τ.
158 4212 256 4274 Seguer
275 4213 362 4262 οούιιίι
378 4205 485 4265 πάντες.
722 4204 752 4260 οἵ
774 4225 805 4260 τε
827 4206 953 4290 μαθηταὶ
979 4200 1178 4289 ἐμαθήτευσαν.
1214 4207 1260 4258 Am
1290 4217 1314 4258 et

116 4279 140 4327 b.
158 4280 199 4329 Sic
222 4280 278 4342 fleg.
313 4285 341 4329 At
364 4282 502 4359 δερφετίειι.
528 4271 640 4326 ἀπὸΔά
623 4294 670 4346 αμ
722 4281 777 4330 editi
797 4271 871 4327 τίδὲ
887 4270 1043 4344 μαθηταλέ
1065 4269 1265 4334 αθητεύσαντο.

82 4344 154 4396 nusi!
172 4348 264 4409 Angue.
285 4355 308 4397 et
326 4339 417 4397 editi'
402 4341 455 4394 απὸ
472 4338 564 4412 Ἀδάμ.
756 4347 779 4396 δ.
799 4294 909 4409 Βερυειμ
916 4353 939 4395 εί
957 4347 1012 4408 θος.
1045 4341 1176 4407 ξ.ιγεῖτσι
1208 4343 1273 4392 Edili
1291 4351 1315 4392 τί

117 4428 137 4462 ε
155 4416 254 4494 Seguer
274 4406 908 4478 6ο61ει.εῑῐ·“είε1ιω.1.ἒξήλ-εΙίἰίξηγείτυ.

82 4473 171 4527 θεν
158 4475 290 4548 ενύμοε,
317 4477 363 4532 καλ
379 4480 463 4534 πάσα
498 4482 552 4533 Μαι
569 4480 670 4546 δειαετ.
757 4496 779 4533 ε.
797 4482 838 4532 Sic
854 4482 956 4544 Seguer.
974 4478 1071 4533 Gohler.
1090 4485 1116 4529 ει
1131 4477 1271 4529 ῖείελταεα.
1290 4477 1315 4527 1.
