2934 5078
426 186 436 200 .
465 237 609 281 sersrncr
625 238 645 280 r.
661 239 698 280 un
715 237 912 283 sanantem.
1234 225 1294 288 735

154 393 208 456 27.
251 388 411 449 Enimvero
437 392 556 449 rursus*
573 406 609 448 ex
637 387 685 448 his
717 406 791 467 quae
814 387 985 450 subiicimus
1008 388 1176 468 Scripturas
1197 389 1372 453 rerhisrors

69 493 191 555 evidens
214 490 312 563 tuerit,
336 489 479 568 Spiritum
502 487 636 550 sanctum
659 487 732 550 alios
754 490 802 551 sni
823 489 981 569 participes
1003 492 1118 562 tacere,
1142 509 1202 551 non
1224 509 1295 552 vero

68 594 242 675 participem
265 591 389 653 aliorum
413 590 477 651 heri
499 592 579 663 (uam
595 589 697 652 eadem
711 598 848 669 repetere
862 609 901 652 ne
915 591 956 652 sit
969 591 1150 666 molestum).
1182 592 1296 671 Nempe

67 694 260 776 Impossibile
274 684 328 756 'est
350 697 427 754 enim
448 710 508 762 eos,
532 695 584 771 put
603 691 693 754 semel
706 702 779 753 sunt
794 691 967 765 illuminati,
989 698 1297 772 gustooeruntetioot

68 784 182 859 donum
205 794 340 866 coeleste,
364 803 393 855 et
411 796 579 874 participes
601 793 680 871 facts·
695 805 771 855 ,sunt
790 793 926 873 Spiritus
949 797 1056 865 sancti,
1077 803 1296 871 gustaverunt·
1409 800 1412 810 '

67 916 125 978 qaae
147 896 257 957 bonum
280 893 338 957 Dei
358 895 491 956 verbum.
535 895 572 954 At
593 892 694 972 Angeli
717 902 746 955 et
767 903 883 955 ceterae
907 912 955 956 res
978 902 1093 956 creatae
1110 894 1207 973 ipsius
1223 893 1294 974 Spi-

68 999 147 1059 ritus
168 997 245 1058 fiunt
264 995 435 1075 participes.
479 994 559 1056 Haec
586 995 664 1055 enim
692 995 756 1074 ipsa
786 1005 832 1057 est
853 994 945 1069 ratio,
979 1014 1033 1057 cur
1060 994 1095 1057 ab
1125 1015 1176 1067 eo,
1209 997 1379 1064 cuiusnam.
1439 1022 1453 1032 -

67 1107 142 1160 sunt
162 1098 337 1178 participes,
366 1097 486 1176 possint
507 1096 652 1157 excidere.
698 1096 827 1175 Spiritus
856 1115 927 1158 vero
955 1096 1034 1158 idem
1055 1098 1190 1175 prolecto
1211 1115 1294 1159 sem-

66 1220 124 1281 per
146 1207 207 1271 est,
238 1199 345 1277 quippe
368 1198 416 1276 qui
440 1215 500 1258 uon
523 1217 557 1258 ex
580 1197 638 1258 illis
660 1196 750 1259 rebus
772 1197 821 1270 sit,
844 1215 919 1276 quae
940 1197 1098 1277 participes
1120 1198 1294 1270 redduntur,

10 1332 15 1345 ·
66 1301 123 1363 sed
152 1301 253 1381 potius
281 1299 364 1361 cuius
392 1318 441 1359 res
470 1316 574 1362 omnes
601 1299 673 1361 tlaut
701 1298 870 1377 participes.
923 1298 984 1360 lam
1012 1318 1084 1360 vern
1112 1299 1138 1361 si
1166 1299 1298 1378 Spiritus

66 1403 148 1465 idem
171 1420 289 1482 semper
317 1409 363 1462 est
389 1400 522 1479 aliosque
551 1399 598 1461 sui
627 1401 787 1480 participes
816 1400 899 1472 lacit,
929 1399 956 1462 si
985 1408 1088 1462 contra
1109 1419 1158 1462 res
1181 1409 1296 1463 creatae

66 1504 135 1567 eius
157 1503 232 1564 sruut
252 1502 425 1582 participes,
455 1520 527 1563 sane
549 1501 677 1580 Spiritus
712 1509 833 1562 sanctus
854 1519 951 1581 neque
971 1501 1099 1581 Angelus
1122 1520 1218 1580 neque
1240 1500 1297 1563 alia

63 1625 117 1667 res
140 1611 254 1677 creata,
285 1604 338 1665 sed
359 1602 500 1683 proprius
524 1602 610 1664 Verbi
632 1621 700 1665 esse
723 1602 937 1664 existimandus
960 1611 1024 1676 est,
1055 1602 1140 1665 cuius
1168 1602 1204 1664 ab
1227 1602 1296 1682 ipso

64 1706 167 1769 Verbo
190 1704 249 1767 dati
272 1723 320 1766 res
343 1712 458 1766 creatae
481 1705 555 1765 liunt
572 1703 741 1784 participes.
787 1703 962 1783 Ceteroquin
977 1703 1084 1789 Filium
1099 1722 1218 1784 quoque
1231 1722 1297 1767 rem

67 1817 200 1871 creatam
222 1806 320 1868 dicere
343 1805 450 1867 iisdem
473 1824 598 1867 necesse
621 1815 719 1879 esset,
746 1806 831 1868 ouius
860 1824 966 1885 nempe
993 1824 1098 1868 omues
1130 1805 1160 1867 iu
1183 1805 1298 1883 Spiritu

65 1908 229 1990 participes
253 1907 320 1969 lacti
342 1926 456 1969 sumus.
499 1908 725 1988 Insuper-uuus
749 1915 796 1968 est
812 1907 940 1987 Spiritus
963 1915 1094 1982 sanetus,
1116 1906 1226 1969 multae
1240 1926 1296 1969 au-

67 2020 131 2074 tem
154 1996 225 2072 suut
247 2027 296 2070 res
319 2016 444 2070 creatae.
496 2008 568 2069 Nam
591 2007 680 2070 millia
701 2009 825 2071 millium
848 2017 878 2070 et
898 2009 996 2070 decies
1019 2008 1094 2070 dena
1117 2007 1207 2070 millia
1228 2015 1322 2071 sunt,

64 2111 259 2193 Angelorum,
280 2109 372 2171 multa
393 2109 505 2190 pariter
526 2117 596 2170 sunt
616 2109 783 2183 luminaria,
805 2110 889 2171 multi
911 2109 1039 2183 Throni,
1062 2111 1171 2172 multae
1191 2109 1296 2171 [tomi-

65 2215 218 2285 uatioues,
241 2211 325 2274 multi
347 2209 429 2286 caeli,
451 2209 535 2273 multi
558 2209 727 2285 Cherubim,
750 2210 904 2289 Seraphim
927 2221 957 2272 et
978 2211 1162 2289 Archangeli,
1185 2230 1221 2273 ac
1241 2210 1296 2273 do·
1389 2238 1393 2245 ¹

65 2315 159 2394 nique
180 2332 230 2374 res
253 2321 368 2374 creatae
391 2331 451 2373 non
474 2324 545 2374 sunt
566 2310 635 2390 quid
659 2330 760 2385 unum,
783 2311 837 2372 sed
860 2329 965 2373 omues
980 2313 1089 2374 multae
1111 2320 1143 2374 et
1163 2312 1297 2375 diversae

68 2423 152 2478 suut.
184 2398 284 2487 'Quod
307 2415 333 2475 si
356 2414 444 2492 igitur
466 2412 594 2492 Spiritus
617 2421 737 2475 sanctus
760 2431 837 2474 unus
860 2421 922 2487 est,
951 2413 978 2475 si
1005 2421 1107 2476 contra
1135 2433 1184 2475 res
1211 2430 1297 2476 crea-

66 2526 116 2580 tae
140 2516 249 2578 multae
271 2515 406 2577 etmulti
429 2514 639 2594 suntAngeli3
662 2531 805 2594 quaenam
827 2513 988 2575 similitudo
1007 2513 1135 2594 Spiritus
1158 2532 1223 2596 cum
1245 2532 1297 2575 re-

66 2619 126 2681 bus
149 2616 260 2679 iactis?
304 2616 573 2698 Constatproinde
588 2616 732 2696 Spiritum
746 2633 807 2677 non
827 2634 894 2677 esse
917 2634 953 2676 ex
974 2615 1075 2677 multis
1097 2634 1193 2694 neque
1209 2613 1297 2676 etiam

66 2717 229 2799 Angelum,
258 2718 311 2779 sed
334 2706 425 2779 unum
446 2736 532 2801 esse,
561 2716 606 2778 vel
627 2718 728 2798 potius
751 2717 855 2792 Verbi,
879 2717 957 2796 quod
980 2735 1071 2778 uuum
1094 2725 1157 2791 est,
1181 2716 1296 2791 ethei,
1365 2751 1370 2764 ι
1399 2792 1427 2813 ..

67 2822 120 2902 qui
150 2820 222 2881 item
251 2838 328 2881 uuus
359 2829 421 2892 est,
453 2818 608 2899 proprium
638 2829 667 2880 et
695 2818 973 2881 consubstantialem
996 2838 1073 2881 esse.
1118 2819 1197 2880 llaec
1218 2825 1297 2879 certe
1329 2858 1336 2871 ·

66 2923 115 2984 vel
137 2921 219 2995 sola,
249 2939 323 3000 quae
345 2920 382 2981 de
404 2919 518 2999 Spiritu
540 2927 644 2981 sancto
667 2919 806 2994 dicimus,
836 2920 863 2981 si
891 2921 1017 2982 seorsim
1047 2921 1133 2982 etiam
1156 2919 1297 2982 conside·
1396 2964 1407 2973 .-

39 3054 43 3061 ·
66 3032 190 3096 rentur,
218 3022 313 3102 palam
336 3022 462 3095 faciunt,
490 3022 564 3083 nihil
592 3022 674 3083 illum
702 3039 858 3083 commune
886 3031 936 3082 aut
962 3021 1119 3102 proprium
1141 3023 1247 3083 natura
1268 3028 1298 3082 et

68 3123 238 3187 substantii
260 3142 327 3185 oum
355 3123 444 3185 rebus
466 3123 573 3184 creatis
596 3123 723 3198 hahere,
746 3124 799 3183 sed
822 3121 891 3184 vere
915 3123 1004 3184 alium
1027 3142 1094 3185 eum
1118 3142 1185 3185 esse
1207 3142 1224 3184 a
1245 3140 1297 3185 re·
1346 3146 1349 3154 ·

66 3226 127 3287 hus
158 3226 259 3298 lactis,
292 3225 505 3305 propriumque
537 3240 593 3286 nec
619 3224 747 3286 alienum
775 3223 840 3284 Filii
869 3223 1050 3286 substantiae
1079 3233 1109 3286 et
1136 3222 1298 3300 divinitatis

67 3345 149 3398 esse,
172 3334 295 3405 propter
317 3345 403 3405 quam
427 3344 493 3387 cum
515 3325 555 3387 sit
576 3335 695 3388 sanctae
717 3325 880 3399 Trinitatis,
902 3325 970 3387 illos
987 3326 1032 3387 rel
1053 3326 1162 3387 invitos
1184 3325 1299 3406 pudore

66 3428 224 3491 suffundit

156 3531 209 3594 28.
253 3527 460 3590 Verumtamen
492 3528 570 3589 haud
593 3527 629 3590 ab
651 3548 685 3590 re
706 3527 794 3589 tuerit
814 3536 944 3590 veterem
966 3529 1088 3609 insuper
1110 3528 1299 3590 uaditionem

66 3631 294 3708 doctrinamque
321 3648 356 3690 ac
377 3625 469 3690 iidem
487 3628 655 3691 Catholicae
676 3629 827 3691 Ecclesiae
849 3630 1040 3711 investigare,
1068 3648 1156 3711 quam
1187 3630 1300 3691 scilicet

66 3731 217 3794 Dominus
247 3731 381 3802 tradidit,
409 3729 543 3809 Apostoh
571 3730 779 3811 praedicavere
808 3739 837 3793 et
864 3731 967 3793 Patres
996 3751 1159 3798 servavere.
1203 3731 1237 3791 ln
1265 3748 1300 3792 ea

67 3833 151 3896 euim
173 3832 305 3894 Ecclesia
327 3832 447 3893 lundata
470 3839 532 3903 est,
561 3850 576 3890 a
606 3850 662 3910 qua
686 3833 711 3894 si
734 3831 801 3912 quis
824 3832 979 3906 exciderit,
1010 3833 1036 3894 is
1065 3852 1121 3895 uec
1148 3851 1217 3893 esse
1244 3849 1300 3894 uec

65 3984 159 4034 ταῦτα
177 3968 233 4051 ’μὲν
257 3977 395 4033 ἐκπίπτειν
410 3979 562 4050 μετέχοντα
580 3976 660 4032 driva-
711 3986 808 4036 Gohler.
828 3994 851 4035 et
868 3986 1007 4036 Felclrm.l.
1026 4002 1097 4037 ouon.
1133 3978 1224 4037 butor
1241 3984 1298 4035 ibid.

65 4067 123 4103 ται.
163 4054 329 4118 Regquoque
348 4052 371 4109 2,
388 4049 540 4119 μετέχοντα
557 4053 637 4102 habet.
713 4056 813 4103 abesto
832 4053 928 4117 [tagl.
948 4055 1219 4105 consternation.

102 4155 126 4204 ἃ·
146 4154 188 4204 ⁸⁵⁰
206 4155 262 4217 ¹¹⁸⁸·
280 4155 302 4202 ¹·
327 4155 426 4217 ⁸⁶⁸⁰st
448 4155 538 4216 ⁶⁰⁸¹50·
564 4155 662 4205 G⁰b¹⁰⁵
713 4123 823 4238 scissili
840 4121 1301 4253 legrigimini&stillicidiali

63 4222 257 4343 ffi‘e'fkgfliuss'
273 4222 528 4340 ἒέὧῐῶωὲῃωῆῑὲᾞ
544 4223 660 4338 ἱῗῃωιε·
713 4266 737 4306 ut
757 4258 796 4306 hic
814 4252 910 4307 exstat'
933 4257 976 4308 Alli
996 4269 1018 4307 et
1037 4259 1093 4308 editi
1112 4251 1145 4306 ὄν
1153 4259 1265 4309 omittunt
1276 4265 1300 4307 et

384 4327 391 4339 '
605 4304 660 4358 γαρ
711 4322 761 4375 τοῦ
779 4323 845 4374 θεοῦ
863 4319 923 4380 ἑνὸς
941 4317 1020 4378 ὄντος
1038 4318 1110 4375 ἴδιον
1125 4321 1180 4376 καί.

301 4350 307 4367 .
354 4349 361 4368 ,
389 4350 397 4367 .

65 4369 114 4410 etc
134 4373 213 4423 usqne
232 4359 265 4407 nd
279 4370 311 4404 to
330 4371 396 4405 αοτο
415 4352 480 4407 ἐστι.
745 4409 767 4455 g,
785 4388 831 4441 καὶ
848 4388 918 4461 πρὸς
935 4387 1043 4447 τούτοις
1060 4397 1146 4447 desunt
1164 4396 1188 4446 in
1202 4393 1300 4458 negt,

100 4474 124 4511 ο.
144 4460 210 4510 Part
227 4453 274 4507 arni
290 4460 330 4511 hic
346 4435 412 4512 etin
429 4469 538 4527 sequent.
558 4461 626 4512 deest
634 4463 659 4513 in
709 4462 758 4509 καί
773 4463 798 4512 iu
815 4463 871 4526 Reg.
887 4464 908 4514 1.
927 4472 951 4515 et
968 4464 1066 4528 Seguer.
