2948 5092
525 260 633 305 enarro
649 262 692 305 ru.
710 264 824 306 courel
838 253 975 311 moe.
1287 251 1347 314 601

120 422 184 487 eet,
218 431 255 473 ex
287 411 438 473 voluntate
471 431 539 473 esee
571 430 672 489 posse.
717 412 872 492 Siquidem
900 414 994 493 qualis
1016 416 1137 477 cuiusve
1158 415 1239 477 modi
1262 416 1433 496 lueritrmt.

117 515 207 576 beata
229 513 278 575 illa
299 522 414 586 natura,
438 512 526 575 talem
548 521 578 574 et
600 514 745 575 eiusmodi
768 533 892 577 necesse
914 523 962 576 est
981 535 1049 577 esne
1064 517 1217 596 proprium
1234 537 1269 579 ex
1285 518 1352 596 ipsa

118 624 220 677 ortum
255 615 356 675 letum.
402 614 476 675 Hinc
507 615 596 676 Pater
628 634 688 675 non
720 616 897 678 dixit:·llic
926 625 974 678 est
1000 617 1147 680 voluntate
1170 638 1234 679 mea
1257 620 1351 686 laetus

118 717 217 789 filius,
252 733 349 795 neque
377 734 464 794 quem
487 735 554 777 meo
579 716 701 777 arbitrio
724 718 812 778 habui
835 718 942 790 filium,
975 701 1029 780 sed
1057 720 1231 798 simpliciter
1253 719 1349 781 Filios

116 837 221 889 meon,
257 825 288 877 et
314 817 415 896 potius
445 822 477 880 ιἰι
504 838 562 900 quo
589 820 664 881 miti
686 820 866 899 complomr'3
900 839 1026 898 quorum
1048 821 1166 899 quidem
1188 820 1347 882 verborum

118 917 300 998 significatio
322 919 469 981 eiusmodi
492 928 552 981 est:
577 921 653 994 „llic
674 930 720 982 est
740 921 963 994 naturalium,
986 923 1016 982 in
1039 940 1098 1001 qno
1122 923 1253 983 omnium
1273 940 1433 1002 quaerut.

118 1019 222 1094 „milri
245 1020 363 1098 placent
384 1021 521 1082 voluntas
542 1022 677 1100 reposita
700 1029 778 1085 est.“

209 1123 261 1185 66.
305 1120 383 1181 Num
410 1140 498 1200 ergo,
528 1124 595 1201 quia
620 1143 654 1184 ex
677 1135 780 1186 natura
802 1143 863 1185 non
885 1132 983 1186 autem
1005 1143 1041 1184 ex
1063 1124 1213 1186 voluntate
1235 1125 1275 1185 sit
1295 1125 1347 1187 Fi-

115 1223 197 1296 lius,
229 1229 348 1302 praeter
377 1223 556 1285 voluntatem
578 1225 674 1287 Patris
703 1235 732 1288 et
760 1225 880 1287 nolente
902 1225 989 1287 Patre
1012 1233 1057 1286 est
1078 1224 1193 1287 lilino?
1229 1225 1348 1287 Minime

116 1343 205 1386 vero.
251 1322 310 1384 Sed
331 1324 431 1403 potius
453 1325 541 1386 Pater
562 1326 623 1386 vult
637 1326 753 1401 Filium,
775 1335 863 1406 atque
886 1336 917 1388 ιιι
939 1327 1003 1404 ipse
1025 1325 1170 1405 loquitur:
1193 1327 1287 1389 Pater
1302 1328 1350 1388 or·-

118 1427 189 1506 le'qit
211 1424 321 1486 Filium
343 1437 371 1488 et
393 1431 492 1488 omorio
515 1429 645 1490 ostendit
665 1429 722 1490 itti.
776 1429 815 1490 Ut
837 1429 916 1490 enim
938 1447 999 1488 uon
1022 1448 1056 1490 ex
1079 1428 1226 1489 voluntate
1249 1427 1353 1489 bonno

117 1546 190 1589 esse
212 1525 321 1605 coepit,
345 1545 399 1587 nee
420 1536 518 1588 tamen
541 1539 795 1592 contrementem
818 1539 848 1592 et
869 1530 1046 1592 sententiam
1069 1538 1117 1591 est
1130 1529 1239 1602 nonus,
1262 1548 1349 1591 nam-

118 1648 181 1709 que
202 1628 263 1688 lxoo
282 1628 347 1707 ipse
369 1629 431 1690 vult
452 1630 531 1708 quod
554 1640 617 1705 est3
639 1631 679 1692 ita
700 1632 769 1694 licet
782 1632 874 1693 Filius
898 1650 933 1693 ex
954 1630 1106 1692 voluntate
1127 1650 1195 1692 esse
1218 1649 1281 1699 non
1299 1630 1348 1691 in-

119 1730 271 1810 coeperit,
301 1747 362 1789 non
392 1738 489 1791 tamen
511 1742 629 1810 praeter
650 1732 829 1794 voluntatem
852 1741 882 1794 et
902 1743 1032 1793 mentem
1055 1732 1152 1792 Patris
1176 1740 1230 1793 est.
1275 1731 1349 1793 Narn

104 1829 373 1914 quemadmodum
401 1850 486 1892 suam
515 1833 575 1894 vult
603 1835 667 1912 ipse
694 1834 908 1907 substantiam,
938 1833 982 1894 sic
1003 1852 1069 1894 cum
1092 1833 1184 1893 Filius
1207 1833 1348 1913 proprius

119 1933 160 1995 sit
183 1933 250 1994 eius
273 1941 411 2006 naturae,
439 1952 500 1993 non
528 1944 647 2013 praeter
668 1935 846 1998 voluntatem
869 1934 934 1996 eius
957 1943 1014 1996 est.
1056 1934 1163 1995 Filium
1187 1953 1256 2012 ergo
1279 1933 1351 1995 velit

119 2044 151 2097 et
171 2034 276 2113 diligat
297 2033 401 2106 Pater,
432 2053 524 2113 eaque
546 2034 661 2097 ratione
684 2036 732 2116 pie
755 2037 821 2116 quis
845 2036 955 2114 cogitet
977 2036 1070 2098 Deum
1094 2054 1154 2097 non
1177 2036 1273 2108 nolle,
1295 2034 1350 2096 oed

118 2136 206 2197 velle.
253 2134 368 2196 Etenim
390 2135 480 2196 Filius
514 2137 616 2197 eadem
644 2137 810 2211 voluntate,
846 2156 902 2217 qua
925 2144 993 2199 eum
1015 2138 1075 2198 vult
1096 2139 1197 2209 Pater,
1231 2138 1351 2198 Patrem

119 2239 188 2317 ipae
216 2244 309 2309 amat,
341 2237 402 2298 vult
430 2245 461 2297 et
488 2237 630 2311 honorat,
664 2257 780 2318 unaque
803 2238 1020 2312 ostiolorum,
1054 2258 1129 2319 quae
1152 2258 1186 2298 ex
1209 2238 1298 2300 Patre
1319 2238 1351 2300 in

118 2338 198 2398 lilio
220 2336 330 2409 existit,
353 2337 392 2397 ita
416 2346 448 2397 ut
469 2337 538 2399 inde
559 2339 657 2401 Filiusx
673 2341 703 2400 in
726 2340 814 2404 Patre
837 2349 867 2401 et
887 2340 974 2401 Pater
996 2340 1026 2401 in
1041 2340 1115 2401 Filio
1140 2340 1350 2419 conspiciatur.
1456 2410 1462 2422 Ι

118 2439 218 2500 Nemo
247 2437 337 2516 igitur
366 2457 402 2498 ex
423 2437 567 2500 Valentini
595 2442 740 2503 sententia
769 2441 990 2504 antecedentem
1018 2441 1139 2502 inducat
1159 2441 1350 2514 voluntatem,

118 2541 293 2618 nulliusque
315 2538 537 2601 deliberationis
562 2541 685 2603 obtentu
707 2542 840 2623 seipsum
863 2541 992 2603 medium
1014 2542 1092 2602 iuter
1114 2541 1214 2601 solum
1230 2541 1351 2604 Patrem
1431 2574 1441 2590 x

118 2643 281 2721 solumque
302 2640 409 2702 Filium
432 2642 539 2703 audeat
560 2642 722 2705 intrudere.
766 2644 919 2722 Siquidem
947 2643 1071 2703 insanus
1094 2642 1142 2702 ille
1165 2643 1269 2717 suerit,
1300 2643 1352 2721 qui
1390 2712 1400 2720 ,

118 2744 303 2805 uoluntatem
340 2752 369 2805 et
407 2743 647 2805 deliberationem
689 2746 767 2807 inter
798 2744 914 2805 Patrem
954 2752 984 2805 et
1010 2744 1121 2804 'Filium
1154 2743 1351 2805 collocaverit.

119 2845 282 2906 Enimvero
305 2844 383 2906 aliud
407 2854 462 2918 est,
487 2847 513 2907 si
536 2846 630 2907 dicas:
654 2845 810 2907 voluntate
832 2846 926 2906 sactus
949 2826 1004 2919 est,
1028 2854 1058 2907 et
1072 2844 1161 2915 aliud,
1181 2845 1207 2906 si
1223 2840 1350 2906 dixeris:

120 2947 200 3009 Eum
221 2946 309 3006 Pater
332 2946 426 3025 diligit
447 2955 476 3008 et
499 2949 574 3021 vult,
604 2956 637 3007 ιιι
664 2955 734 3026 pote
757 2946 807 3027 qui
829 2949 933 3008 natura
955 2946 1096 3025 proprius
1119 2947 1164 3006 sui
1187 2944 1228 3006 sit
1247 2944 1351 3007 Filius.

121 3048 200 3110 Nam
228 3047 279 3127 qui
308 3047 396 3107 dixit:
427 3049 471 3109 Ex
499 3049 648 3110 voluntate
670 3051 764 3110 lactus
786 3055 852 3120 est,
885 3047 983 3126 primo
1003 3046 1087 3142 plum
1110 3047 1267 3126 aliquando
1290 3065 1352 3108 non
1398 3094 1403 3101 .

122 3150 219 3211 luisse
247 3148 402 3226 significat
451 3149 566 3211 lleinde
595 3149 730 3210 voluntas
757 3148 789 3209 in
817 3156 971 3226 utramque
998 3157 1111 3226 partem
1146 3147 1353 3228 propendendi

122 3251 185 3312 rim
208 3249 308 3323 hahet,
331 3251 375 3311 uti
398 3251 619 3329 supradictum
642 3260 710 3325 est,
733 3269 768 3311 ac
788 3249 914 3330 proinde
936 3249 1065 3328 cogitare
1086 3240 1206 3320 liceret‚'
1236 3248 1354 3310 Patrem

121 3352 262 3434 potuisse
284 3350 363 3413 nollo
383 3352 499 3414 Filium.
542 3353 630 3432 Atqui
652 3353 761 3427 dicere,
783 3351 890 3412 Filium
911 3350 1048 3431 potuisse
1063 3344 1124 3411 non
1141 3337 1220 3424 esse,
1237 3368 1354 3414 summa

122 3463 205 3516 certe
226 3452 361 3532 impietas
384 3462 415 3514 et
435 3455 556 3516 audacia
577 3463 639 3529 est,
667 3473 743 3534 quae
765 3452 862 3535 ipsam
883 3452 980 3515 Patris
1003 3461 1138 3540 naturam
1160 3451 1303 3526 lacessat,
1326 3452 1354 3515 si

121 3556 263 3658 nimirum
286 3553 331 3626 id,
354 3555 432 3635 qnod
451 3555 610 3635 proprium
632 3555 695 3617 eius
718 3563 783 3629 est,
803 3554 938 3636 potuerit
959 3571 1021 3614 non
1044 3572 1121 3616 esse.
1166 3553 1251 3616 ldexn
1272 3554 1353 3616 enim

157 3828 180 3862 e.
200 3811 301 3872 Sequor.
320 3809 417 3860 Gohler.
436 3818 460 3860 et
472 3810 578 3860 Felclim.
591 3810 612 3860 l.
631 3805 715 3858 ostco
764 3801 887 3863 ἐδύνατο.
926 3809 953 3856 tt
971 3807 1010 3856 elii
1029 3815 1053 3856 et
1071 3808 1127 3857 editi
1145 3809 1181 3856 sic
1198 3807 1353 3857 huoclocnm

123 3894 179 3930 ται.
216 3880 273 3940 [leq.
295 3879 316 3927 l.
335 3874 449 3937 πέληται.
765 3877 871 3927 habent:
897 3868 953 3939 εἴγε
976 3869 1009 3922 τι
1034 3867 1106 3923 ἴδιον
1129 3865 1212 3934 αὐτῆς
1234 3870 1353 3939 torona,

158 3949 175 3998 l.
195 3947 267 3996 nasu
286 3939 337 4004 τήν
353 3962 398 4011 pro
416 3959 456 3998 τις
474 3946 553 3994 habel.
588 3945 640 3994 idox
660 3953 715 4008 post
766 3936 885 4004 ἠδύνατο
911 3937 949 4008 μὴ
974 3931 1044 3991 εἶναι
1067 3934 1175 4006 ἀγαθός
1199 3949 1243 3991 etc.
1280 3941 1353 3991 Panlo

121 4013 210 4082 μέσον
235 4016 291 4076 Req.
311 4015 333 4063 l.
351 4023 374 4063 et
391 4014 531 4074 Sequeriao.
556 4013 646 4064 addunt
663 4025 712 4068 rto,
765 4021 823 4077 post
840 4013 897 4072 Reg.
919 4013 939 4061 1.
964 4021 987 4059 et
1010 4013 1110 4072 Segner.
1129 4020 1153 4059 ut
1173 4018 1195 4059 et
1215 4010 1271 4072 legit
1288 4010 1354 4059 Non·

123 4085 189 4148 qood
208 4085 232 4132 ιιι
251 4083 307 4131 aliis
325 4091 349 4131 et
366 4082 437 4129 editis
455 4081 530 4130 deest.
721 4085 730 4098 ⁸
766 4081 822 4129 ιιιιιι
846 4071 932 4132 οὕτως
954 4069 997 4127 ἀει
1013 4072 1175 4158 γεῖνηιικὸῇ
1188 4075 1220 4157 τῇ
1234 4070 1322 4155 ¹qdqeo
1340 4069 1354 4124 d

158 4167 181 4214 q.
201 4153 307 4214 Uterque
331 4151 431 4210 Regius,
450 4150 555 4210 'Sequec
575 4148 672 4199 Golrler.
692 4156 731 4211 et⁸
764 4141 865 4213 πατήρ.
900 4149 957 4210 llog.
976 4146 1000 4196 2.
1027 4160 1114 4198 ουτως
1132 4159 1177 4192 και
1201 4158 1242 4194 oet
1259 4158 1304 4192 και
1322 4143 1355 4212 τῇ

121 4219 229 4269 Felclm.
244 4219 265 4268 1.
279 4212 464 4281 βουλεύεσθαι.
503 4217 582 4266 Ceteri
601 4226 624 4266 et
642 4217 714 4266 editio
766 4207 852 4281 φύσει
872 4209 1028 4281 γεννητικὸς
1046 4207 1060 4260 ὅ
1078 4207 1176 4278 πατήρ.
1211 4214 1256 4263 ttn
1275 4221 1355 4263 ιιιιοιιι

123 4287 243 4338 Commel.
260 4279 416 4350 βούλεσθαι.
766 4293 790 4333 ot
807 4284 865 4332 editi
883 4274 990 4348 ἀγαθὸς
1006 4273 1048 4331 det
1064 4275 1110 4328 και
1127 4280 1159 4347 τῇ
1170 4272 1355 4345 qo'oetyemp·

156 4357 182 4408 h·
200 4357 243 4405 Sic
260 4354 349 4416 Remi.
367 4353 469 4415 Sequor.
488 4352 715 4404 conlocutum·
765 4345 840 4404 teudo
857 4343 871 4400 d
888 4344 989 4414 πατήρ.
1027 4350 1117 4399 loidem
1138 4351 1194 4409 tteq.
1213 4349 1235 4398 l.
1254 4352 1355 4410 Sequor.

121 4425 206 4474 menni
224 4423 247 4471 1.
284 4423 332 4470 Sed
351 4423 448 4472 Goblor.
467 4430 491 4470 et
509 4422 613 4472 Felclrm.
631 4422 651 4470 l.
671 4422 714 4469 he·
766 4419 865 4471 Godloo.
889 4429 913 4469 ot
936 4418 1041 4487 letenna,
1062 4419 1084 4466 l.
1101 4409 1133 4464 τὸ
1152 4411 1182 4464 dd
1198 4411 1292 4479 λέγειν.
1327 4419 1357 4468 tt

119 4493 180 4543 ben
197 4483 237 4544 ὥς
253 4481 279 4540 σι
294 4481 401 4553 ἔλεγεν,
427 4489 548 4553 iidemque
572 4497 596 4539 et
612 4489 670 4551 Req.
690 4490 714 4538 1.
766 4489 790 4537 ιιι
808 4487 896 4538 courir
913 4493 939 4536 et
955 4486 1027 4535 editio
1045 4485 1114 4536 decet
1129 4479 1225 4550 uyetr,
