<?xml version="1.0" encoding="UTF-8"?>
<!DOCTYPE html PUBLIC "-//W3C//DTD XHTML 1.0 Transitional//EN"
    "http://www.w3.org/TR/xhtml1/DTD/xhtml1-transitional.dtd">
<html xmlns="http://www.w3.org/1999/xhtml" xml:lang="en" lang="en">
 <head>
  <title>
</title>
<meta http-equiv="Content-Type" content="text/html;charset=utf-8" />
  <meta name='ocr-system' content='tesseract 3.04.00' />
  <meta name='ocr-capabilities' content='ocr_page ocr_carea ocr_par ocr_line ocrx_word'/>
</head>
<body>
  <div class='ocr_page' id='page_1' title='image "./sanctiathanasii02athagoog_0102.png"; bbox 0 0 2948 5092; ppageno 0'>
   <div class='ocr_carea' id='block_1_1' title="bbox 345 226 1283 289">
    <p class='ocr_par' dir='ltr' id='par_1_1' title="bbox 345 226 1283 289">
     <span class='ocr_line' id='line_1_1' title="bbox 345 226 1283 289; baseline 0.004 -11"><span class='ocrx_word' id='word_1_1' title='bbox 345 234 493 279; x_wconf 70' lang='lat' dir='ltr'><strong>EPISTOM</strong></span> <span class='ocrx_word' id='word_1_2' title='bbox 505 235 545 278; x_wconf 71' lang='lat' dir='ltr'><strong>BR</strong></span> <span class='ocrx_word' id='word_1_3' title='bbox 559 235 702 278; x_wconf 75' lang='lat' dir='ltr'><strong>nsscnsms</strong></span> <span class='ocrx_word' id='word_1_4' title='bbox 719 236 862 280; x_wconf 74' lang='lat' dir='ltr'><strong>nictum</strong></span> <span class='ocrx_word' id='word_1_5' title='bbox 879 236 995 280; x_wconf 69' lang='lat' dir='ltr'><strong>sinunt.</strong></span> <span class='ocrx_word' id='word_1_6' title='bbox 1241 226 1283 289; x_wconf 74' lang='grc'><strong>49</strong></span> 
     </span>
    </p>
   </div>
   <div class='ocr_carea' id='block_1_2' title="bbox 44 385 1371 4321">
    <p class='ocr_par' dir='ltr' id='par_1_2' title="bbox 44 385 1371 1583">
     <span class='ocr_line' id='line_1_2' title="bbox 44 385 1371 465; baseline 0.003 -16"><span class='ocrx_word' id='word_1_7' title='bbox 44 397 153 449; x_wconf 78' lang='lat' dir='ltr'><strong>natura</strong></span> <span class='ocrx_word' id='word_1_8' title='bbox 176 388 329 459; x_wconf 81' lang='lat' dir='ltr'><strong>exoritur,</strong></span> <span class='ocrx_word' id='word_1_9' title='bbox 353 385 538 463; x_wconf 79' lang='lat' dir='ltr'><strong>significasti.</strong></span> <span class='ocrx_word' id='word_1_10' title='bbox 583 387 650 447; x_wconf 89' lang='lat' dir='ltr'><strong>Sive</strong></span> <span class='ocrx_word' id='word_1_11' title='bbox 674 386 800 447; x_wconf 84' lang='lat' dir='ltr'>Verbum</span> <span class='ocrx_word' id='word_1_12' title='bbox 822 407 889 448; x_wconf 90' lang='lat' dir='ltr'><strong>esse</strong></span> <span class='ocrx_word' id='word_1_13' title='bbox 911 389 1110 465; x_wconf 60' lang='lat' dir='ltr'><strong>cogitaverim¹</strong></span> <span class='ocrx_word' id='word_1_14' title='bbox 1125 409 1230 452; x_wconf 85' lang='lat' dir='ltr'><strong>rursus</strong></span> <span class='ocrx_word' id='word_1_15' title='bbox 1253 392 1371 453; x_wconf 69' lang='lat' dir='ltr'><strong>idm</strong></span> 
     </span>
     <span class='ocr_line' id='line_1_3' title="bbox 47 480 1283 569; baseline 0.005 -20"><span class='ocrx_word' id='word_1_16' title='bbox 47 489 126 567; x_wconf 82' lang='lat' dir='ltr'><strong>qnod</strong></span> <span class='ocrx_word' id='word_1_17' title='bbox 160 507 197 550; x_wconf 85' lang='lat' dir='ltr'><strong>ex</strong></span> <span class='ocrx_word' id='word_1_18' title='bbox 233 488 284 549; x_wconf 95' lang='lat' dir='ltr'><strong>illo</strong></span> <span class='ocrx_word' id='word_1_19' title='bbox 318 487 451 547; x_wconf 88' lang='lat' dir='ltr'><strong>nascitur</strong></span> <span class='ocrx_word' id='word_1_20' title='bbox 478 496 508 547; x_wconf 90' lang='lat' dir='ltr'><strong>et</strong></span> <span class='ocrx_word' id='word_1_21' title='bbox 535 487 571 547; x_wconf 90' lang='lat' dir='ltr'><strong>ab</strong></span> <span class='ocrx_word' id='word_1_22' title='bbox 593 488 698 548; x_wconf 89' lang='lat' dir='ltr'><strong>eodem</strong></span> <span class='ocrx_word' id='word_1_23' title='bbox 720 480 823 567; x_wconf 85' lang='lat' dir='ltr'><strong>nequit</strong></span> <span class='ocrx_word' id='word_1_24' title='bbox 846 491 993 567; x_wconf 84' lang='lat' dir='ltr'><strong>separari,</strong></span> <span class='ocrx_word' id='word_1_25' title='bbox 1021 491 1165 569; x_wconf 74' lang='lat' dir='ltr'><strong>cogitasti.</strong></span> <span class='ocrx_word' id='word_1_26' title='bbox 1211 494 1283 555; x_wconf 86' lang='lat' dir='ltr'><strong>Cum</strong></span> 
     </span>
     <span class='ocr_line' id='line_1_4' title="bbox 48 589 1285 672; baseline 0.004 -21"><span class='ocrx_word' id='word_1_27' title='bbox 48 590 119 651; x_wconf 79' lang='lat' dir='ltr'><strong>item</strong></span> <span class='ocrx_word' id='word_1_28' title='bbox 141 589 329 669; x_wconf 72' lang='lat' dir='ltr'>Sapientiam</span> <span class='ocrx_word' id='word_1_29' title='bbox 360 607 427 649; x_wconf 90' lang='lat' dir='ltr'><strong>eurn</strong></span> <span class='ocrx_word' id='word_1_30' title='bbox 456 589 602 667; x_wconf 82' lang='lat' dir='ltr'><strong>appellas,</strong></span> <span class='ocrx_word' id='word_1_31' title='bbox 632 589 703 649; x_wconf 82' lang='lat' dir='ltr'>nihil</span> <span class='ocrx_word' id='word_1_32' title='bbox 727 609 799 650; x_wconf 91' lang='lat' dir='ltr'><strong>sane</strong></span> <span class='ocrx_word' id='word_1_33' title='bbox 822 600 988 663; x_wconf 86' lang='lat' dir='ltr'><strong>externum,</strong></span> <span class='ocrx_word' id='word_1_34' title='bbox 1019 594 1071 654; x_wconf 87' lang='lat' dir='ltr'><strong>sed</strong></span> <span class='ocrx_word' id='word_1_35' title='bbox 1094 594 1123 654; x_wconf 93' lang='lat' dir='ltr'><strong>id</strong></span> <span class='ocrx_word' id='word_1_36' title='bbox 1147 596 1226 672; x_wconf 86' lang='lat' dir='ltr'><strong>quod</strong></span> <span class='ocrx_word' id='word_1_37' title='bbox 1249 614 1285 656; x_wconf 81' lang='lat' dir='ltr'><strong>ex</strong></span> 
     </span>
     <span class='ocr_line' id='line_1_5' title="bbox 51 689 1283 763; baseline 0.003 -11"><span class='ocrx_word' id='word_1_38' title='bbox 51 692 100 753; x_wconf 88' lang='lat' dir='ltr'><strong>illo</strong></span> <span class='ocrx_word' id='word_1_39' title='bbox 128 699 162 752; x_wconf 87' lang='lat' dir='ltr'><strong>et</strong></span> <span class='ocrx_word' id='word_1_40' title='bbox 188 691 221 751; x_wconf 92' lang='lat' dir='ltr'><strong>in</strong></span> <span class='ocrx_word' id='word_1_41' title='bbox 245 692 296 751; x_wconf 91' lang='lat' dir='ltr'><strong>illo</strong></span> <span class='ocrx_word' id='word_1_42' title='bbox 320 699 384 762; x_wconf 88' lang='lat' dir='ltr'><strong>est,</strong></span> <span class='ocrx_word' id='word_1_43' title='bbox 413 690 555 763; x_wconf 78' lang='lat' dir='ltr'><strong>denotas3</strong></span> <span class='ocrx_word' id='word_1_44' title='bbox 585 689 721 751; x_wconf 85' lang='lat' dir='ltr'><strong>similiter</strong></span> <span class='ocrx_word' id='word_1_45' title='bbox 743 691 768 751; x_wconf 94' lang='lat' dir='ltr'><strong>si</strong></span> <span class='ocrx_word' id='word_1_46' title='bbox 792 692 928 753; x_wconf 85' lang='lat' dir='ltr'><strong>virtutem</strong></span> <span class='ocrx_word' id='word_1_47' title='bbox 953 703 982 753; x_wconf 90' lang='lat' dir='ltr'><strong>et</strong></span> <span class='ocrx_word' id='word_1_48' title='bbox 1003 713 1122 754; x_wconf 79' lang='lat' dir='ltr'><strong>marium</strong></span> <span class='ocrx_word' id='word_1_49' title='bbox 1146 715 1212 756; x_wconf 89' lang='lat' dir='ltr'><strong>eum</strong></span> <span class='ocrx_word' id='word_1_50' title='bbox 1236 696 1283 755; x_wconf 92' lang='lat' dir='ltr'><strong>di·</strong></span> 
     </span>
     <span class='ocr_line' id='line_1_6' title="bbox 53 785 1283 874; baseline 0.003 -21"><span class='ocrx_word' id='word_1_51' title='bbox 53 795 141 867; x_wconf 74' lang='lat' dir='ltr'><strong>ieris‚</strong></span> <span class='ocrx_word' id='word_1_52' title='bbox 165 792 248 872; x_wconf 88' lang='lat' dir='ltr'><strong>quod</strong></span> <span class='ocrx_word' id='word_1_53' title='bbox 271 792 426 871; x_wconf 86' lang='lat' dir='ltr'><strong>proprium</strong></span> <span class='ocrx_word' id='word_1_54' title='bbox 450 799 497 851; x_wconf 89' lang='lat' dir='ltr'><strong>est</strong></span> <span class='ocrx_word' id='word_1_55' title='bbox 518 798 656 863; x_wconf 88' lang='lat' dir='ltr'><strong>naturae,</strong></span> <span class='ocrx_word' id='word_1_56' title='bbox 681 791 839 869; x_wconf 86' lang='lat' dir='ltr'><strong>signilieas.</strong></span> <span class='ocrx_word' id='word_1_57' title='bbox 883 794 1014 872; x_wconf 82' lang='lat' dir='ltr'><strong>Denique</strong></span> <span class='ocrx_word' id='word_1_58' title='bbox 1037 815 1104 856; x_wconf 90' lang='lat' dir='ltr'><strong>eum</strong></span> <span class='ocrx_word' id='word_1_59' title='bbox 1126 785 1283 874; x_wconf 85' lang='lat' dir='ltr'><strong>imaginem</strong></span> 
     </span>
     <span class='ocr_line' id='line_1_7' title="bbox 54 892 1284 970; baseline 0.002 -15"><span class='ocrx_word' id='word_1_60' title='bbox 54 895 131 955; x_wconf 77' lang='grc' dir='ltr'>ἱΙΙυω</span> <span class='ocrx_word' id='word_1_61' title='bbox 150 895 319 970; x_wconf 84' lang='lat' dir='ltr'><strong>nominas,</strong></span> <span class='ocrx_word' id='word_1_62' title='bbox 346 892 453 953; x_wconf 86' lang='lat' dir='ltr'><strong>Filium</strong></span> <span class='ocrx_word' id='word_1_63' title='bbox 481 912 550 953; x_wconf 90' lang='lat' dir='ltr'><strong>esse</strong></span> <span class='ocrx_word' id='word_1_64' title='bbox 577 893 722 954; x_wconf 81' lang='lat' dir='ltr'><strong>indicasti.</strong></span> <span class='ocrx_word' id='word_1_65' title='bbox 768 894 844 967; x_wconf 86' lang='lat' dir='ltr'>Quid</span> <span class='ocrx_word' id='word_1_66' title='bbox 874 894 952 955; x_wconf 88' lang='lat' dir='ltr'><strong>enim</strong></span> <span class='ocrx_word' id='word_1_67' title='bbox 982 896 1077 956; x_wconf 90' lang='lat' dir='ltr'><strong>simile</strong></span> <span class='ocrx_word' id='word_1_68' title='bbox 1105 898 1166 958; x_wconf 88' lang='lat' dir='ltr'><strong>lleo</strong></span> <span class='ocrx_word' id='word_1_69' title='bbox 1196 899 1284 958; x_wconf 85' lang='lat' dir='ltr'><strong>luerit</strong></span> 
     </span>
     <span class='ocr_line' id='line_1_8' title="bbox 56 992 1281 1075; baseline 0.003 -20"><span class='ocrx_word' id='word_1_70' title='bbox 56 1005 169 1075; x_wconf 82' lang='lat' dir='ltr'><strong>praeter</strong></span> <span class='ocrx_word' id='word_1_71' title='bbox 191 996 234 1068; x_wconf 91' lang='lat' dir='ltr'><strong>id,</strong></span> <span class='ocrx_word' id='word_1_72' title='bbox 258 995 339 1074; x_wconf 86' lang='lat' dir='ltr'><strong>qnod</strong></span> <span class='ocrx_word' id='word_1_73' title='bbox 362 1013 398 1054; x_wconf 81' lang='lat' dir='ltr'><strong>ex</strong></span> <span class='ocrx_word' id='word_1_74' title='bbox 420 994 470 1054; x_wconf 89' lang='lat' dir='ltr'><strong>illo</strong></span> <span class='ocrx_word' id='word_1_75' title='bbox 493 992 643 1072; x_wconf 74' lang='lat' dir='ltr'><strong>gignitur?</strong></span> <span class='ocrx_word' id='word_1_76' title='bbox 688 994 774 1055; x_wconf 79' lang='lat' dir='ltr'><strong>Certe</strong></span> <span class='ocrx_word' id='word_1_77' title='bbox 796 1015 870 1074; x_wconf 87' lang='lat' dir='ltr'><strong>quae</strong></span> <span class='ocrx_word' id='word_1_78' title='bbox 893 1016 946 1075; x_wconf 86' lang='lat' dir='ltr'><strong>per</strong></span> <span class='ocrx_word' id='word_1_79' title='bbox 963 997 1089 1058; x_wconf 78' lang='lat' dir='ltr'><strong>Verbum</strong></span> <span class='ocrx_word' id='word_1_80' title='bbox 1113 1001 1185 1058; x_wconf 88' lang='lat' dir='ltr'><strong>laeta</strong></span> <span class='ocrx_word' id='word_1_81' title='bbox 1203 1007 1281 1072; x_wconf 88' lang='lat' dir='ltr'><strong>sunt,</strong></span> 
     </span>
     <span class='ocr_line' id='line_1_9' title="bbox 58 1094 1282 1175; baseline 0 -17"><span class='ocrx_word' id='word_1_82' title='bbox 58 1100 125 1158; x_wconf 80' lang='lat' dir='ltr'><strong>baec</strong></span> <span class='ocrx_word' id='word_1_83' title='bbox 145 1097 252 1158; x_wconf 88' lang='lat' dir='ltr'><strong>eadem</strong></span> <span class='ocrx_word' id='word_1_84' title='bbox 276 1096 419 1175; x_wconf 80' lang='lat' dir='ltr'>sapientia</span> <span class='ocrx_word' id='word_1_85' title='bbox 442 1104 512 1156; x_wconf 90' lang='lat' dir='ltr'><strong>sunt</strong></span> <span class='ocrx_word' id='word_1_86' title='bbox 534 1094 661 1156; x_wconf 87' lang='lat' dir='ltr'><strong>lundata.</strong></span> <span class='ocrx_word' id='word_1_87' title='bbox 706 1096 743 1157; x_wconf 87' lang='lat' dir='ltr'><strong>Et</strong></span> <span class='ocrx_word' id='word_1_88' title='bbox 765 1116 840 1175; x_wconf 88' lang='lat' dir='ltr'><strong>quae</strong></span> <span class='ocrx_word' id='word_1_89' title='bbox 863 1098 892 1157; x_wconf 93' lang='lat' dir='ltr'><strong>iu</strong></span> <span class='ocrx_word' id='word_1_90' title='bbox 909 1098 1052 1175; x_wconf 75' lang='lat' dir='ltr'><strong>sapientia</strong></span> <span class='ocrx_word' id='word_1_91' title='bbox 1068 1101 1186 1160; x_wconf 88' lang='lat' dir='ltr'><strong>lundata</strong></span> <span class='ocrx_word' id='word_1_92' title='bbox 1203 1108 1282 1172; x_wconf 85' lang='lat' dir='ltr'><strong>sunt,</strong></span> 
     </span>
     <span class='ocr_line' id='line_1_10' title="bbox 57 1197 1282 1276; baseline 0.001 -16"><span class='ocrx_word' id='word_1_93' title='bbox 57 1199 125 1260; x_wconf 81' lang='lat' dir='ltr'><strong>lnee</strong></span> <span class='ocrx_word' id='word_1_94' title='bbox 146 1198 251 1260; x_wconf 87' lang='lat' dir='ltr'><strong>omnia</strong></span> <span class='ocrx_word' id='word_1_95' title='bbox 274 1197 306 1258; x_wconf 93' lang='lat' dir='ltr'><strong>in</strong></span> <span class='ocrx_word' id='word_1_96' title='bbox 327 1217 417 1258; x_wconf 90' lang='lat' dir='ltr'><strong>manu</strong></span> <span class='ocrx_word' id='word_1_97' title='bbox 439 1205 509 1258; x_wconf 90' lang='lat' dir='ltr'><strong>sunt</strong></span> <span class='ocrx_word' id='word_1_98' title='bbox 532 1200 605 1258; x_wconf 89' lang='lat' dir='ltr'><strong>laeta</strong></span> <span class='ocrx_word' id='word_1_99' title='bbox 627 1217 661 1258; x_wconf 90' lang='lat' dir='ltr'><strong>ae</strong></span> <span class='ocrx_word' id='word_1_100' title='bbox 682 1217 737 1276; x_wconf 88' lang='lat' dir='ltr'><strong>per</strong></span> <span class='ocrx_word' id='word_1_101' title='bbox 751 1198 856 1259; x_wconf 86' lang='lat' dir='ltr'><strong>Filium</strong></span> <span class='ocrx_word' id='word_1_102' title='bbox 880 1199 996 1260; x_wconf 83' lang='lat' dir='ltr'><strong>condita</strong></span> <span class='ocrx_word' id='word_1_103' title='bbox 1019 1209 1097 1262; x_wconf 91' lang='lat' dir='ltr'><strong>sunt.</strong></span> <span class='ocrx_word' id='word_1_104' title='bbox 1136 1201 1197 1261; x_wconf 87' lang='lat' dir='ltr'><strong>Neo</strong></span> <span class='ocrx_word' id='word_1_105' title='bbox 1211 1206 1282 1261; x_wconf 83' lang='lat' dir='ltr'><strong>veio</strong></span> 
     </span>
     <span class='ocr_line' id='line_1_11' title="bbox 57 1293 1281 1380; baseline 0.001 -19"><span class='ocrx_word' id='word_1_106' title='bbox 57 1293 180 1362; x_wconf 79' lang='lat' dir='ltr'><strong>nt¹baee</strong></span> <span class='ocrx_word' id='word_1_107' title='bbox 201 1300 377 1379; x_wconf 86' lang='lat' dir='ltr'><strong>probemus,</strong></span> <span class='ocrx_word' id='word_1_108' title='bbox 399 1308 569 1378; x_wconf 81' lang='lat' dir='ltr'><strong>argumenta</strong></span> <span class='ocrx_word' id='word_1_109' title='bbox 593 1299 778 1360; x_wconf 85' lang='lat' dir='ltr'><strong>extrinsecus</strong></span> <span class='ocrx_word' id='word_1_110' title='bbox 802 1301 927 1360; x_wconf 86' lang='lat' dir='ltr'><strong>mutuari</strong></span> <span class='ocrx_word' id='word_1_111' title='bbox 952 1320 1028 1380; x_wconf 85' lang='lat' dir='ltr'><strong>opus</strong></span> <span class='ocrx_word' id='word_1_112' title='bbox 1051 1301 1154 1368; x_wconf 87' lang='lat' dir='ltr'><strong>luerit,</strong></span> <span class='ocrx_word' id='word_1_113' title='bbox 1178 1302 1230 1361; x_wconf 89' lang='lat' dir='ltr'><strong>sed</strong></span> <span class='ocrx_word' id='word_1_114' title='bbox 1252 1301 1281 1362; x_wconf 92' lang='lat' dir='ltr'><strong>id</strong></span> 
     </span>
     <span class='ocr_line' id='line_1_12' title="bbox 57 1400 1282 1481; baseline 0.001 -20"><span class='ocrx_word' id='word_1_115' title='bbox 57 1401 280 1480; x_wconf 72' lang='lat' dir='ltr'><strong>exscriptoris</strong></span> <span class='ocrx_word' id='word_1_116' title='bbox 302 1401 413 1461; x_wconf 84' lang='lat' dir='ltr'><strong>clarum</strong></span> <span class='ocrx_word' id='word_1_117' title='bbox 437 1409 491 1461; x_wconf 89' lang='lat' dir='ltr'><strong>est.</strong></span> <span class='ocrx_word' id='word_1_118' title='bbox 536 1401 687 1479; x_wconf 83' lang='lat' dir='ltr'><strong>Siquidem</strong></span> <span class='ocrx_word' id='word_1_119' title='bbox 711 1401 774 1479; x_wconf 88' lang='lat' dir='ltr'><strong>ipse</strong></span> <span class='ocrx_word' id='word_1_120' title='bbox 797 1400 876 1461; x_wconf 87' lang='lat' dir='ltr'><strong>lleus</strong></span> <span class='ocrx_word' id='word_1_121' title='bbox 897 1421 952 1480; x_wconf 88' lang='lat' dir='ltr'><strong>per</strong></span> <span class='ocrx_word' id='word_1_122' title='bbox 969 1403 1085 1463; x_wconf 81' lang='lat' dir='ltr'><strong>Esaiam</strong></span> <span class='ocrx_word' id='word_1_123' title='bbox 1107 1402 1282 1481; x_wconf 83' lang='lat' dir='ltr'><strong>proplietam</strong></span> 
     </span>
     <span class='ocr_line' id='line_1_13' title="bbox 57 1503 1281 1583; baseline 0.002 -20"><span class='ocrx_word' id='word_1_124' title='bbox 57 1504 137 1563; x_wconf 75' lang='lat' dir='ltr'><strong>dicit:</strong></span> <span class='ocrx_word' id='word_1_125' title='bbox 166 1503 282 1564; x_wconf 82' lang='lat' dir='ltr'><strong>Manae</strong></span> <span class='ocrx_word' id='word_1_126' title='bbox 310 1521 374 1561; x_wconf 90' lang='lat' dir='ltr'><strong>meo</strong></span> <span class='ocrx_word' id='word_1_127' title='bbox 400 1503 541 1579; x_wconf 80' lang='lat' dir='ltr'><strong>sneedooe&#39;t</strong></span> <span class='ocrx_word' id='word_1_128' title='bbox 565 1513 697 1574; x_wconf 85' lang='lat' dir='ltr'><strong>terrem,</strong></span> <span class='ocrx_word' id='word_1_129' title='bbox 731 1514 760 1563; x_wconf 86' lang='lat' dir='ltr'><strong>et</strong></span> <span class='ocrx_word' id='word_1_130' title='bbox 783 1504 906 1564; x_wconf 70' lang='lat' dir='ltr'><strong>dextero</strong></span> <span class='ocrx_word' id='word_1_131' title='bbox 928 1523 992 1564; x_wconf 87' lang='lat' dir='ltr'><strong>meo</strong></span> <span class='ocrx_word' id='word_1_132' title='bbox 1014 1505 1150 1583; x_wconf 76' lang='lat' dir='ltr'><strong>firmauit</strong></span> <span class='ocrx_word' id='word_1_133' title='bbox 1175 1504 1281 1565; x_wconf 86' lang='lat' dir='ltr'><strong>coeloe.</strong></span> 
     </span>
    </p>

    <p class='ocr_par' dir='ltr' id='par_1_3' title="bbox 55 1602 1371 4321">
     <span class='ocr_line' id='line_1_14' title="bbox 57 1602 1281 1690; baseline 0 -25"><span class='ocrx_word' id='word_1_134' title='bbox 57 1604 89 1665; x_wconf 78' lang='lat' dir='ltr'><strong>tn</strong></span> <span class='ocrx_word' id='word_1_135' title='bbox 114 1622 241 1665; x_wconf 80' lang='lat' dir='ltr'><strong>rursus:</strong></span> <span class='ocrx_word' id='word_1_136' title='bbox 270 1602 309 1663; x_wconf 78' lang='lat' dir='ltr'><strong>m</strong></span> <span class='ocrx_word' id='word_1_137' title='bbox 338 1605 394 1690; x_wconf 75' lang='lat' dir='ltr'><strong>sud</strong></span> <span class='ocrx_word' id='word_1_138' title='bbox 422 1605 530 1663; x_wconf 73' lang='lat' dir='ltr'><strong>tenebra</strong></span> <span class='ocrx_word' id='word_1_139' title='bbox 556 1623 665 1664; x_wconf 75' lang='lat' dir='ltr'><strong>montes</strong></span> <span class='ocrx_word' id='word_1_140' title='bbox 694 1622 774 1663; x_wconf 89' lang='lat' dir='ltr'><strong>meoe</strong></span> <span class='ocrx_word' id='word_1_141' title='bbox 794 1617 952 1684; x_wconf 75' lang='lat' dir='ltr'><strong>protepom</strong></span> <span class='ocrx_word' id='word_1_142' title='bbox 974 1616 1016 1674; x_wconf 87' lang='lat' dir='ltr'><strong>te,</strong></span> <span class='ocrx_word' id='word_1_143' title='bbox 1047 1610 1079 1666; x_wconf 77' lang='lat' dir='ltr'><strong>in</strong></span> <span class='ocrx_word' id='word_1_144' title='bbox 1101 1623 1160 1685; x_wconf 79' lang='lat' dir='ltr'><strong>pete</strong></span> <span class='ocrx_word' id='word_1_145' title='bbox 1183 1604 1281 1665; x_wconf 82' lang='lat' dir='ltr'><strong>coelos</strong></span> 
     </span>
     <span class='ocr_line' id='line_1_15' title="bbox 57 1703 1281 1783; baseline -0.002 -17"><span class='ocrx_word' id='word_1_146' title='bbox 57 1709 201 1768; x_wconf 70' lang='lat' dir='ltr'><strong>constitet</strong></span> <span class='ocrx_word' id='word_1_147' title='bbox 229 1716 257 1766; x_wconf 89' lang='lat' dir='ltr'><strong>et</strong></span> <span class='ocrx_word' id='word_1_148' title='bbox 288 1714 404 1765; x_wconf 83' lang='lat' dir='ltr'><strong>terram</strong></span> <span class='ocrx_word' id='word_1_149' title='bbox 431 1706 570 1781; x_wconf 73' lang='lat' dir='ltr'><strong>[eridani.</strong></span> <span class='ocrx_word' id='word_1_150' title='bbox 614 1703 704 1764; x_wconf 82' lang='lat' dir='ltr'><strong>David</strong></span> <span class='ocrx_word' id='word_1_151' title='bbox 736 1714 850 1775; x_wconf 88' lang='lat' dir='ltr'><strong>autem,</strong></span> <span class='ocrx_word' id='word_1_152' title='bbox 874 1706 923 1783; x_wconf 86' lang='lat' dir='ltr'><strong>qui</strong></span> <span class='ocrx_word' id='word_1_153' title='bbox 947 1707 1048 1766; x_wconf 88' lang='lat' dir='ltr'><strong>eadem</strong></span> <span class='ocrx_word' id='word_1_154' title='bbox 1072 1707 1194 1766; x_wconf 82' lang='lat' dir='ltr'><strong>edoctus</strong></span> <span class='ocrx_word' id='word_1_155' title='bbox 1217 1723 1281 1766; x_wconf 84' lang='lat' dir='ltr'><strong>tua-</strong></span> 
     </span>
     <span class='ocr_line' id='line_1_16' title="bbox 57 1804 1283 1887; baseline 0 -20"><span class='ocrx_word' id='word_1_156' title='bbox 57 1825 122 1866; x_wconf 88' lang='lat' dir='ltr'><strong>num</strong></span> <span class='ocrx_word' id='word_1_157' title='bbox 145 1805 244 1885; x_wconf 88' lang='lat' dir='ltr'><strong>ipsam</strong></span> <span class='ocrx_word' id='word_1_158' title='bbox 267 1824 338 1865; x_wconf 88' lang='lat' dir='ltr'><strong>esse</strong></span> <span class='ocrx_word' id='word_1_159' title='bbox 361 1804 534 1882; x_wconf 76' lang='lat' dir='ltr'><strong>sapientiam</strong></span> <span class='ocrx_word' id='word_1_160' title='bbox 559 1813 694 1874; x_wconf 76' lang='lat' dir='ltr'><strong>oraverat,</strong></span> <span class='ocrx_word' id='word_1_161' title='bbox 718 1809 856 1867; x_wconf 89' lang='lat' dir='ltr'><strong>canebat:</strong></span> <span class='ocrx_word' id='word_1_162' title='bbox 883 1807 990 1867; x_wconf 81' lang='lat' dir='ltr'><strong>Omne&#39;o</strong></span> <span class='ocrx_word' id='word_1_163' title='bbox 1013 1813 1043 1867; x_wconf 81' lang='lat' dir='ltr'><strong>in</strong></span> <span class='ocrx_word' id='word_1_164' title='bbox 1063 1811 1212 1887; x_wconf 81' lang='lat' dir='ltr'><strong>eopr&#39;entio</strong></span> <span class='ocrx_word' id='word_1_165' title='bbox 1232 1806 1283 1885; x_wconf 79' lang='lat' dir='ltr'><strong>se-</strong></span> 
     </span>
     <span class='ocr_line' id='line_1_17' title="bbox 55 1907 1283 1986; baseline -0.002 -17"><span class='ocrx_word' id='word_1_166' title='bbox 55 1913 135 1969; x_wconf 80' lang='lat' dir='ltr'><strong>eien&#39;:</strong></span> <span class='ocrx_word' id='word_1_167' title='bbox 165 1907 294 1986; x_wconf 73' lang='lat' dir='ltr'><strong>impleto</strong></span> <span class='ocrx_word' id='word_1_168' title='bbox 322 1918 368 1968; x_wconf 86' lang='lat' dir='ltr'><strong>est</strong></span> <span class='ocrx_word' id='word_1_169' title='bbox 390 1917 477 1966; x_wconf 83' lang='lat' dir='ltr'><strong>terro</strong></span> <span class='ocrx_word' id='word_1_170' title='bbox 500 1911 652 1968; x_wconf 75' lang='lat' dir='ltr'><strong>creatione</strong></span> <span class='ocrx_word' id='word_1_171' title='bbox 675 1918 737 1968; x_wconf 86' lang='lat' dir='ltr'><strong>too.</strong></span> <span class='ocrx_word' id='word_1_172' title='bbox 784 1908 952 1968; x_wconf 86' lang='lat' dir='ltr'><strong>Salomonis</strong></span> <span class='ocrx_word' id='word_1_173' title='bbox 975 1928 1108 1986; x_wconf 83' lang='lat' dir='ltr'><strong>quoque,</strong></span> <span class='ocrx_word' id='word_1_174' title='bbox 1132 1908 1182 1985; x_wconf 80' lang='lat' dir='ltr'><strong>qtii</strong></span> <span class='ocrx_word' id='word_1_175' title='bbox 1205 1907 1283 1967; x_wconf 90' lang='lat' dir='ltr'><strong>idem</strong></span> 
     </span>
     <span class='ocr_line' id='line_1_18' title="bbox 56 2008 1280 2089; baseline 0.001 -21"><span class='ocrx_word' id='word_1_176' title='bbox 56 2008 151 2069; x_wconf 79' lang='lat' dir='ltr'><strong>aneo</strong></span> <span class='ocrx_word' id='word_1_177' title='bbox 174 2017 346 2087; x_wconf 78' lang='lat' dir='ltr'><strong>acceperat,</strong></span> <span class='ocrx_word' id='word_1_178' title='bbox 378 2008 451 2067; x_wconf 89' lang='lat' dir='ltr'><strong>haee</strong></span> <span class='ocrx_word' id='word_1_179' title='bbox 478 2016 547 2068; x_wconf 90' lang='lat' dir='ltr'><strong>sunt</strong></span> <span class='ocrx_word' id='word_1_180' title='bbox 574 2009 676 2069; x_wconf 87' lang='lat' dir='ltr'><strong>verba:</strong></span> <span class='ocrx_word' id='word_1_181' title='bbox 709 2009 788 2071; x_wconf 82' lang='lat' dir='ltr'><strong>Dens</strong></span> <span class='ocrx_word' id='word_1_182' title='bbox 817 2015 966 2089; x_wconf 75' lang='lat' dir='ltr'><strong>snpientia</strong></span> <span class='ocrx_word' id='word_1_183' title='bbox 988 2012 1131 2087; x_wconf 68' lang='lat' dir='ltr'><strong>[revadiavit</strong></span> <span class='ocrx_word' id='word_1_184' title='bbox 1154 2022 1280 2070; x_wconf 86' lang='lat' dir='ltr'><strong>terrem.</strong></span> 
     </span>
     <span class='ocr_line' id='line_1_19' title="bbox 55 2109 1282 2190; baseline -0.001 -21"><span class='ocrx_word' id='word_1_185' title='bbox 55 2110 177 2171; x_wconf 80' lang='lat' dir='ltr'><strong>loannes</strong></span> <span class='ocrx_word' id='word_1_186' title='bbox 199 2111 271 2170; x_wconf 88' lang='lat' dir='ltr'><strong>item</strong></span> <span class='ocrx_word' id='word_1_187' title='bbox 297 2128 355 2169; x_wconf 91' lang='lat' dir='ltr'><strong>nou</strong></span> <span class='ocrx_word' id='word_1_188' title='bbox 378 2109 528 2186; x_wconf 74' lang='lat' dir='ltr'><strong>ignorans¹</strong></span> <span class='ocrx_word' id='word_1_189' title='bbox 554 2109 678 2169; x_wconf 78' lang='lat' dir='ltr'><strong>Verbum</strong></span> <span class='ocrx_word' id='word_1_190' title='bbox 703 2129 820 2171; x_wconf 88' lang='lat' dir='ltr'><strong>manum</strong></span> <span class='ocrx_word' id='word_1_191' title='bbox 844 2119 874 2171; x_wconf 93' lang='lat' dir='ltr'><strong>et</strong></span> <span class='ocrx_word' id='word_1_192' title='bbox 894 2111 1067 2190; x_wconf 86' lang='lat' dir='ltr'><strong>sapientiam</strong></span> <span class='ocrx_word' id='word_1_193' title='bbox 1084 2128 1161 2180; x_wconf 88' lang='lat' dir='ltr'><strong>esse,</strong></span> <span class='ocrx_word' id='word_1_194' title='bbox 1183 2109 1282 2169; x_wconf 81' lang='lat' dir='ltr'><strong>Evan-</strong></span> 
     </span>
     <span class='ocr_line' id='line_1_20' title="bbox 57 2209 1284 2290; baseline -0.001 -19"><span class='ocrx_word' id='word_1_195' title='bbox 57 2213 161 2289; x_wconf 73' lang='lat' dir='ltr'><strong>gelium</strong></span> <span class='ocrx_word' id='word_1_196' title='bbox 188 2213 229 2273; x_wconf 86' lang='lat' dir='ltr'><strong>ita</strong></span> <span class='ocrx_word' id='word_1_197' title='bbox 253 2212 386 2271; x_wconf 86' lang='lat' dir='ltr'><strong>orditur:</strong></span> <span class='ocrx_word' id='word_1_198' title='bbox 418 2211 455 2270; x_wconf 87' lang='lat' dir='ltr'><strong>ln</strong></span> <span class='ocrx_word' id='word_1_199' title='bbox 474 2214 627 2290; x_wconf 76' lang='lat' dir='ltr'><strong>prineipio</strong></span> <span class='ocrx_word' id='word_1_200' title='bbox 651 2225 717 2272; x_wconf 85' lang='lat' dir='ltr'><strong>erot</strong></span> <span class='ocrx_word' id='word_1_201' title='bbox 747 2212 886 2282; x_wconf 82' lang='lat' dir='ltr'><strong>Verbum,</strong></span> <span class='ocrx_word' id='word_1_202' title='bbox 909 2224 937 2274; x_wconf 88' lang='lat' dir='ltr'><strong>et</strong></span> <span class='ocrx_word' id='word_1_203' title='bbox 967 2213 1090 2274; x_wconf 79' lang='lat' dir='ltr'><strong>Verbum</strong></span> <span class='ocrx_word' id='word_1_204' title='bbox 1113 2223 1179 2273; x_wconf 86' lang='lat' dir='ltr'><strong>erut</strong></span> <span class='ocrx_word' id='word_1_205' title='bbox 1201 2209 1284 2288; x_wconf 81' lang='lat' dir='ltr'><strong>opud</strong></span> 
     </span>
     <span class='ocr_line' id='line_1_21' title="bbox 55 2311 1282 2393; baseline -0.005 -18"><span class='ocrx_word' id='word_1_206' title='bbox 55 2314 164 2383; x_wconf 68' lang='lat' dir='ltr'><strong>num,</strong></span> <span class='ocrx_word' id='word_1_207' title='bbox 198 2326 227 2374; x_wconf 85' lang='lat' dir='ltr'><strong>et</strong></span> <span class='ocrx_word' id='word_1_208' title='bbox 256 2313 338 2374; x_wconf 73' lang='lat' dir='ltr'><strong>naa</strong></span> <span class='ocrx_word' id='word_1_209' title='bbox 372 2325 439 2374; x_wconf 83' lang='lat' dir='ltr'><strong>erot</strong></span> <span class='ocrx_word' id='word_1_210' title='bbox 472 2313 607 2372; x_wconf 79' lang='lat' dir='ltr'><strong>Verbum:</strong></span> <span class='ocrx_word' id='word_1_211' title='bbox 646 2313 701 2374; x_wconf 86' lang='lat' dir='ltr'><strong>boo</strong></span> <span class='ocrx_word' id='word_1_212' title='bbox 729 2327 796 2375; x_wconf 88' lang='lat' dir='ltr'><strong>erot</strong></span> <span class='ocrx_word' id='word_1_213' title='bbox 817 2319 856 2374; x_wconf 78' lang='lat' dir='ltr'><strong>&#39;in</strong></span> <span class='ocrx_word' id='word_1_214' title='bbox 883 2317 1036 2393; x_wconf 74' lang='lat' dir='ltr'><strong>principio</strong></span> <span class='ocrx_word' id='word_1_215' title='bbox 1066 2314 1147 2393; x_wconf 83' lang='lat' dir='ltr'><strong>opud</strong></span> <span class='ocrx_word' id='word_1_216' title='bbox 1176 2311 1282 2371; x_wconf 80' lang='lat' dir='ltr'><strong>ileum.</strong></span> 
     </span>
     <span class='ocr_line' id='line_1_22' title="bbox 58 2413 1366 2494; baseline -0.002 -19"><span class='ocrx_word' id='word_1_217' title='bbox 58 2416 164 2475; x_wconf 68' lang='lat' dir='ltr'><strong>danto</strong></span> <span class='ocrx_word' id='word_1_218' title='bbox 183 2418 365 2494; x_wconf 82' lang='lat' dir='ltr'><strong>peripsum</strong></span> <span class='ocrx_word' id='word_1_219' title='bbox 388 2416 472 2491; x_wconf 80' lang='lat' dir='ltr'><strong>foeta</strong></span> <span class='ocrx_word' id='word_1_220' title='bbox 494 2426 565 2475; x_wconf 83' lang='lat' dir='ltr'><strong>sent</strong></span> <span class='ocrx_word' id='word_1_221' title='bbox 589 2425 616 2474; x_wconf 88' lang='lat' dir='ltr'><strong>et</strong></span> <span class='ocrx_word' id='word_1_222' title='bbox 638 2421 703 2474; x_wconf 77' lang='lat' dir='ltr'><strong>eine</strong></span> <span class='ocrx_word' id='word_1_223' title='bbox 726 2418 790 2492; x_wconf 82' lang='lat' dir='ltr'><strong>e&#39;peo</strong></span> <span class='ocrx_word' id='word_1_224' title='bbox 813 2416 931 2492; x_wconf 74' lang='lat' dir='ltr'><strong>foetom</strong></span> <span class='ocrx_word' id='word_1_225' title='bbox 952 2415 1105 2477; x_wconf 78' lang='lat' dir='ltr'><strong>estnr&#39;bit.</strong></span> <span class='ocrx_word' id='word_1_226' title='bbox 1149 2413 1366 2492; x_wconf 63' lang='lat' dir='ltr'><strong>Aposto-nm,</strong></span> 
     </span>
     <span class='ocr_line' id='line_1_23' title="bbox 56 2514 1281 2594; baseline -0.001 -20"><span class='ocrx_word' id='word_1_227' title='bbox 56 2515 100 2574; x_wconf 86' lang='lat' dir='ltr'><strong>lus</strong></span> <span class='ocrx_word' id='word_1_228' title='bbox 121 2516 266 2594; x_wconf 80' lang='lat' dir='ltr'><strong>denique,</strong></span> <span class='ocrx_word' id='word_1_229' title='bbox 292 2517 338 2576; x_wconf 87' lang='lat' dir='ltr'><strong>eui</strong></span> <span class='ocrx_word' id='word_1_230' title='bbox 361 2523 547 2593; x_wconf 74' lang='lat' dir='ltr'><strong>perspectum</strong></span> <span class='ocrx_word' id='word_1_231' title='bbox 570 2534 687 2593; x_wconf 76' lang='lat' dir='ltr'><strong>epuoqne</strong></span> <span class='ocrx_word' id='word_1_232' title='bbox 710 2525 782 2582; x_wconf 83' lang='lat' dir='ltr'><strong>erat,</strong></span> <span class='ocrx_word' id='word_1_233' title='bbox 806 2535 935 2585; x_wconf 77' lang='lat' dir='ltr'><strong>niarium,</strong></span> <span class='ocrx_word' id='word_1_234' title='bbox 959 2515 1134 2593; x_wconf 86' lang='lat' dir='ltr'><strong>sapientiam</strong></span> <span class='ocrx_word' id='word_1_235' title='bbox 1158 2523 1186 2574; x_wconf 91' lang='lat' dir='ltr'><strong>et</strong></span> <span class='ocrx_word' id='word_1_236' title='bbox 1209 2514 1281 2574; x_wconf 83' lang='lat' dir='ltr'><strong>Ver-</strong></span> 
     </span>
     <span class='ocr_line' id='line_1_24' title="bbox 55 2614 1285 2697; baseline -0.002 -21"><span class='ocrx_word' id='word_1_237' title='bbox 55 2617 121 2677; x_wconf 73' lang='lat' dir='ltr'><strong>buu</strong></span> <span class='ocrx_word' id='word_1_238' title='bbox 145 2620 244 2697; x_wconf 87' lang='lat' dir='ltr'><strong>ipsum</strong></span> <span class='ocrx_word' id='word_1_239' title='bbox 263 2636 331 2677; x_wconf 87' lang='lat' dir='ltr'><strong>esse</strong></span> <span class='ocrx_word' id='word_1_240' title='bbox 347 2616 463 2685; x_wconf 87' lang='lat' dir='ltr'><strong>Filium,</strong></span> <span class='ocrx_word' id='word_1_241' title='bbox 486 2615 529 2676; x_wconf 89' lang='lat' dir='ltr'><strong>sie</strong></span> <span class='ocrx_word' id='word_1_242' title='bbox 543 2616 687 2693; x_wconf 78' lang='lat' dir='ltr'><strong>loquitur:</strong></span> <span class='ocrx_word' id='word_1_243' title='bbox 712 2617 916 2695; x_wconf 79' lang='lat' dir='ltr'><strong>dlolte&#39;sore&#39;om</strong></span> <span class='ocrx_word' id='word_1_244' title='bbox 929 2618 1090 2695; x_wconf 74' lang='lat' dir='ltr'><strong>multisque</strong></span> <span class='ocrx_word' id='word_1_245' title='bbox 1104 2618 1199 2678; x_wconf 78' lang='lat' dir='ltr'><strong>modis</strong></span> <span class='ocrx_word' id='word_1_246' title='bbox 1213 2614 1285 2674; x_wconf 80' lang='lat' dir='ltr'><strong>olim</strong></span> 
     </span>
     <span class='ocr_line' id='line_1_25' title="bbox 56 2715 1279 2797; baseline -0.002 -18"><span class='ocrx_word' id='word_1_247' title='bbox 56 2719 136 2781; x_wconf 70' lang='lat' dir='ltr'><strong>nens</strong></span> <span class='ocrx_word' id='word_1_248' title='bbox 168 2719 289 2780; x_wconf 84' lang='lat' dir='ltr'><strong>loentas</strong></span> <span class='ocrx_word' id='word_1_249' title='bbox 315 2721 512 2797; x_wconf 74' lang='lat' dir='ltr'><strong>putribus-in</strong></span> <span class='ocrx_word' id='word_1_250' title='bbox 531 2719 706 2796; x_wconf 73' lang='lat' dir='ltr'><strong>propbetas,</strong></span> <span class='ocrx_word' id='word_1_251' title='bbox 736 2724 769 2777; x_wconf 84' lang='lat' dir='ltr'><strong>e&#39;n</strong></span> <span class='ocrx_word' id='word_1_252' title='bbox 791 2731 925 2779; x_wconf 71' lang='lat' dir='ltr'><strong>extremo</strong></span> <span class='ocrx_word' id='word_1_253' title='bbox 949 2721 1062 2778; x_wconf 77' lang='lat' dir='ltr'><strong>dier-um</strong></span> <span class='ocrx_word' id='word_1_254' title='bbox 1086 2723 1215 2777; x_wconf 78' lang='lat' dir='ltr'><strong>istorum</strong></span> <span class='ocrx_word' id='word_1_255' title='bbox 1237 2715 1279 2776; x_wconf 86' lang='lat' dir='ltr'><strong>lo-</strong></span> 
     </span>
     <span class='ocr_line' id='line_1_26' title="bbox 58 2819 1283 2898; baseline -0.004 -18"><span class='ocrx_word' id='word_1_256' title='bbox 58 2833 144 2881; x_wconf 72' lang='lat' dir='ltr'><strong>cutae</strong></span> <span class='ocrx_word' id='word_1_257' title='bbox 168 2831 213 2881; x_wconf 83' lang='lat' dir='ltr'><strong>eet</strong></span> <span class='ocrx_word' id='word_1_258' title='bbox 237 2820 322 2880; x_wconf 77' lang='lat' dir='ltr'><strong>nobis</strong></span> <span class='ocrx_word' id='word_1_259' title='bbox 347 2824 378 2878; x_wconf 79' lang='lat' dir='ltr'><strong>in</strong></span> <span class='ocrx_word' id='word_1_260' title='bbox 403 2819 485 2879; x_wconf 75' lang='lat' dir='ltr'><strong>Filio.</strong></span> <span class='ocrx_word' id='word_1_261' title='bbox 510 2839 596 2898; x_wconf 80' lang='lat' dir='ltr'><strong>quem</strong></span> <span class='ocrx_word' id='word_1_262' title='bbox 620 2824 777 2880; x_wconf 77' lang='lat' dir='ltr'><strong>constitnit</strong></span> <span class='ocrx_word' id='word_1_263' title='bbox 800 2820 956 2880; x_wconf 72' lang='lat' dir='ltr'><strong>litterariam</strong></span> <span class='ocrx_word' id='word_1_264' title='bbox 978 2825 1204 2886; x_wconf 78' lang='lat' dir='ltr'><strong>eeeee&#39;oersornm,</strong></span> <span class='ocrx_word' id='word_1_265' title='bbox 1225 2834 1283 2894; x_wconf 83' lang='lat' dir='ltr'><strong>per</strong></span> 
     </span>
     <span class='ocr_line' id='line_1_27' title="bbox 58 2919 1284 3002; baseline -0.004 -20"><span class='ocrx_word' id='word_1_266' title='bbox 58 2940 139 3002; x_wconf 67' lang='lat' dir='ltr'><strong>pree·</strong></span> <span class='ocrx_word' id='word_1_267' title='bbox 162 2927 253 2982; x_wconf 83' lang='lat' dir='ltr'><strong>etiem</strong></span> <span class='ocrx_word' id='word_1_268' title='bbox 275 2923 346 2998; x_wconf 74' lang='lat' dir='ltr'><strong>feeit</strong></span> <span class='ocrx_word' id='word_1_269' title='bbox 370 2929 498 2979; x_wconf 78' lang='lat' dir='ltr'><strong>saecuto.</strong></span> <span class='ocrx_word' id='word_1_270' title='bbox 545 2920 580 2980; x_wconf 82' lang='lat' dir='ltr'><strong>Et</strong></span> <span class='ocrx_word' id='word_1_271' title='bbox 603 2921 724 2980; x_wconf 90' lang='lat' dir='ltr'><strong>iterum:</strong></span> <span class='ocrx_word' id='word_1_272' title='bbox 752 2920 834 2982; x_wconf 80' lang='lat' dir='ltr'><strong>Uerus</strong></span> <span class='ocrx_word' id='word_1_273' title='bbox 859 2922 1006 2981; x_wconf 85' lang='lat' dir='ltr'><strong>Donn&#39;nns</strong></span> <span class='ocrx_word' id='word_1_274' title='bbox 1031 2920 1117 2980; x_wconf 85' lang='lat' dir='ltr'><strong>lesus</strong></span> <span class='ocrx_word' id='word_1_275' title='bbox 1136 2919 1284 2987; x_wconf 76' lang='lat' dir='ltr'><strong>Clnn&#39;etns,</strong></span> 
     </span>
     <span class='ocr_line' id='line_1_28' title="bbox 55 3018 1286 3104; baseline -0.005 -22"><span class='ocrx_word' id='word_1_276' title='bbox 55 3041 110 3102; x_wconf 79' lang='lat' dir='ltr'><strong>per</strong></span> <span class='ocrx_word' id='word_1_277' title='bbox 129 3042 215 3104; x_wconf 72' lang='lat' dir='ltr'><strong>quern</strong></span> <span class='ocrx_word' id='word_1_278' title='bbox 241 3026 351 3090; x_wconf 78' lang='lat' dir='ltr'><strong>omnm,</strong></span> <span class='ocrx_word' id='word_1_279' title='bbox 374 3031 403 3080; x_wconf 87' lang='lat' dir='ltr'><strong>et</strong></span> <span class='ocrx_word' id='word_1_280' title='bbox 426 3039 480 3081; x_wconf 80' lang='lat' dir='ltr'><strong>eros</strong></span> <span class='ocrx_word' id='word_1_281' title='bbox 503 3026 691 3101; x_wconf 78' lang='lat' dir='ltr'><strong>peripsum.</strong></span> <span class='ocrx_word' id='word_1_282' title='bbox 736 3023 807 3082; x_wconf 84' lang='lat' dir='ltr'><strong>Cum</strong></span> <span class='ocrx_word' id='word_1_283' title='bbox 831 3031 928 3081; x_wconf 89' lang='lat' dir='ltr'><strong>autem</strong></span> <span class='ocrx_word' id='word_1_284' title='bbox 953 3021 1030 3079; x_wconf 86' lang='lat' dir='ltr'><strong>idem</strong></span> <span class='ocrx_word' id='word_1_285' title='bbox 1046 3018 1205 3097; x_wconf 78' lang='lat' dir='ltr'><strong>Apostolus</strong></span> <span class='ocrx_word' id='word_1_286' title='bbox 1225 3034 1286 3077; x_wconf 91' lang='lat' dir='ltr'><strong>non</strong></span> 
     </span>
     <span class='ocr_line' id='line_1_29' title="bbox 58 3120 1308 3212; baseline -0.004 -30"><span class='ocrx_word' id='word_1_287' title='bbox 58 3126 217 3201; x_wconf 73' lang='lat' dir='ltr'><strong>ignoraret,</strong></span> <span class='ocrx_word' id='word_1_288' title='bbox 243 3123 386 3191; x_wconf 81' lang='lat' dir='ltr'><strong>Verlnrm,</strong></span> <span class='ocrx_word' id='word_1_289' title='bbox 411 3123 589 3199; x_wconf 77' lang='lat' dir='ltr'><strong>Sapientiam</strong></span> <span class='ocrx_word' id='word_1_290' title='bbox 613 3123 768 3212; x_wconf 74' lang='lat' dir='ltr'><strong>etlilium</strong></span> <span class='ocrx_word' id='word_1_291' title='bbox 793 3124 887 3201; x_wconf 87' lang='lat' dir='ltr'><strong>ipsam</strong></span> <span class='ocrx_word' id='word_1_292' title='bbox 911 3142 977 3181; x_wconf 86' lang='lat' dir='ltr'><strong>esse</strong></span> <span class='ocrx_word' id='word_1_293' title='bbox 1000 3121 1096 3181; x_wconf 84' lang='lat' dir='ltr'><strong>Patris</strong></span> <span class='ocrx_word' id='word_1_294' title='bbox 1119 3120 1308 3199; x_wconf 76' lang='lat' dir='ltr'><strong>imaginem,</strong></span> 
     </span>
     <span class='ocr_line' id='line_1_30' title="bbox 57 3222 1289 3301; baseline -0.003 -16"><span class='ocrx_word' id='word_1_295' title='bbox 57 3227 127 3285; x_wconf 77' lang='lat' dir='ltr'><strong>baec</strong></span> <span class='ocrx_word' id='word_1_296' title='bbox 148 3226 241 3284; x_wconf 79' lang='lat' dir='ltr'><strong>babet</strong></span> <span class='ocrx_word' id='word_1_297' title='bbox 262 3225 387 3301; x_wconf 85' lang='lat' dir='ltr'><strong>epistola</strong></span> <span class='ocrx_word' id='word_1_298' title='bbox 411 3223 445 3281; x_wconf 89' lang='lat' dir='ltr'><strong>ad</strong></span> <span class='ocrx_word' id='word_1_299' title='bbox 469 3224 681 3284; x_wconf 72' lang='lat' dir='ltr'><strong>Colossenses&#39;.</strong></span> <span class='ocrx_word' id='word_1_300' title='bbox 707 3225 829 3285; x_wconf 80' lang='lat' dir='ltr'><strong>Grotius</strong></span> <span class='ocrx_word' id='word_1_301' title='bbox 852 3234 971 3301; x_wconf 78' lang='lat' dir='ltr'><strong>open-tes</strong></span> <span class='ocrx_word' id='word_1_302' title='bbox 990 3224 1050 3284; x_wconf 84' lang='lat' dir='ltr'><strong>lleo</strong></span> <span class='ocrx_word' id='word_1_303' title='bbox 1075 3236 1101 3284; x_wconf 89' lang='lat' dir='ltr'><strong>et</strong></span> <span class='ocrx_word' id='word_1_304' title='bbox 1117 3222 1213 3291; x_wconf 73' lang='lat' dir='ltr'><strong>Putre,</strong></span> <span class='ocrx_word' id='word_1_305' title='bbox 1236 3226 1289 3301; x_wconf 81' lang='lat' dir='ltr'><strong>qni</strong></span> 
     </span>
     <span class='ocr_line' id='line_1_31' title="bbox 59 3323 1288 3408; baseline -0.007 -20"><span class='ocrx_word' id='word_1_306' title='bbox 59 3330 163 3408; x_wconf 59' lang='lat' dir='ltr'><strong>equos</strong></span> <span class='ocrx_word' id='word_1_307' title='bbox 190 3344 250 3386; x_wconf 83' lang='lat' dir='ltr'><strong>nos</strong></span> <span class='ocrx_word' id='word_1_308' title='bbox 276 3326 349 3403; x_wconf 78' lang='lat' dir='ltr'><strong>serit</strong></span> <span class='ocrx_word' id='word_1_309' title='bbox 378 3330 578 3386; x_wconf 77' lang='lat' dir='ltr'><strong>oereeemerore&#39;</strong></span> <span class='ocrx_word' id='word_1_310' title='bbox 599 3330 630 3384; x_wconf 83' lang='lat' dir='ltr'><strong>in</strong></span> <span class='ocrx_word' id='word_1_311' title='bbox 649 3337 740 3402; x_wconf 81' lang='lat' dir='ltr'><strong>porte</strong></span> <span class='ocrx_word' id='word_1_312' title='bbox 763 3329 857 3386; x_wconf 77' lang='lat' dir='ltr'><strong>sortis</strong></span> <span class='ocrx_word' id='word_1_313' title='bbox 882 3336 1056 3385; x_wconf 78' lang='lat' dir='ltr'><strong>sanctornm</strong></span> <span class='ocrx_word' id='word_1_314' title='bbox 1079 3327 1110 3382; x_wconf 84' lang='lat' dir='ltr'><strong>in</strong></span> <span class='ocrx_word' id='word_1_315' title='bbox 1135 3323 1212 3390; x_wconf 85' lang='lat' dir='ltr'><strong>luce,</strong></span> <span class='ocrx_word' id='word_1_316' title='bbox 1236 3325 1288 3400; x_wconf 79' lang='lat' dir='ltr'><strong>qui</strong></span> 
     </span>
     <span class='ocr_line' id='line_1_32' title="bbox 58 3422 1286 3510; baseline -0.006 -22"><span class='ocrx_word' id='word_1_317' title='bbox 58 3433 170 3510; x_wconf 69' lang='lat' dir='ltr'><strong>erupuit</strong></span> <span class='ocrx_word' id='word_1_318' title='bbox 192 3446 250 3487; x_wconf 82' lang='lat' dir='ltr'><strong>noe</strong></span> <span class='ocrx_word' id='word_1_319' title='bbox 272 3427 308 3486; x_wconf 88' lang='lat' dir='ltr'><strong>de</strong></span> <span class='ocrx_word' id='word_1_320' title='bbox 327 3437 477 3504; x_wconf 75' lang='lat' dir='ltr'><strong>potestate</strong></span> <span class='ocrx_word' id='word_1_321' title='bbox 500 3427 703 3492; x_wconf 79' lang='lat' dir='ltr'><strong>tenebrarum,</strong></span> <span class='ocrx_word' id='word_1_322' title='bbox 729 3437 757 3487; x_wconf 91' lang='lat' dir='ltr'><strong>et</strong></span> <span class='ocrx_word' id='word_1_323' title='bbox 781 3426 942 3488; x_wconf 79' lang='lat' dir='ltr'><strong>transtulit</strong></span> <span class='ocrx_word' id='word_1_324' title='bbox 965 3429 996 3485; x_wconf 80' lang='lat' dir='ltr'><strong>e&#39;n</strong></span> <span class='ocrx_word' id='word_1_325' title='bbox 1014 3444 1138 3501; x_wconf 77' lang='lat' dir='ltr'><strong>repnte-m</strong></span> <span class='ocrx_word' id='word_1_326' title='bbox 1155 3422 1225 3482; x_wconf 78' lang='lat' dir='ltr'><strong>Filii</strong></span> <span class='ocrx_word' id='word_1_327' title='bbox 1239 3422 1286 3482; x_wconf 83' lang='lat' dir='ltr'><strong>di-</strong></span> 
     </span>
     <span class='ocr_line' id='line_1_33' title="bbox 57 3529 1287 3606; baseline -0.009 -13"><span class='ocrx_word' id='word_1_328' title='bbox 57 3531 194 3593; x_wconf 79' lang='lat' dir='ltr'><strong>lette&#39;oen&#39;e</strong></span> <span class='ocrx_word' id='word_1_329' title='bbox 218 3546 303 3596; x_wconf 81' lang='lat' dir='ltr'><strong>enee,</strong></span> <span class='ocrx_word' id='word_1_330' title='bbox 326 3531 358 3586; x_wconf 86' lang='lat' dir='ltr'><strong>in</strong></span> <span class='ocrx_word' id='word_1_331' title='bbox 380 3546 437 3606; x_wconf 82' lang='lat' dir='ltr'><strong>qno</strong></span> <span class='ocrx_word' id='word_1_332' title='bbox 461 3529 601 3588; x_wconf 81' lang='lat' dir='ltr'><strong>babemus</strong></span> <span class='ocrx_word' id='word_1_333' title='bbox 625 3529 844 3597; x_wconf 76' lang='lat' dir='ltr'><strong>redemtionem,</strong></span> <span class='ocrx_word' id='word_1_334' title='bbox 869 3531 1072 3586; x_wconf 77' lang='lat' dir='ltr'><strong>reene&#39;sse&#39;onem</strong></span> <span class='ocrx_word' id='word_1_335' title='bbox 1083 3535 1287 3603; x_wconf 83' lang='lat' dir='ltr'><strong>peccatorum,</strong></span> 
     </span>
     <span class='ocr_line' id='line_1_34' title="bbox 56 3620 1347 3713; baseline -0.009 -20"><span class='ocrx_word' id='word_1_336' title='bbox 56 3639 107 3713; x_wconf 72' lang='lat' dir='ltr'><strong>qen·</strong></span> <span class='ocrx_word' id='word_1_337' title='bbox 125 3643 174 3692; x_wconf 82' lang='lat' dir='ltr'><strong>est</strong></span> <span class='ocrx_word' id='word_1_338' title='bbox 197 3636 293 3707; x_wconf 71' lang='lat' dir='ltr'><strong>neapo</strong></span> <span class='ocrx_word' id='word_1_339' title='bbox 318 3629 375 3688; x_wconf 73' lang='grc' dir='ltr'><strong>Ωιι·</strong></span> <span class='ocrx_word' id='word_1_340' title='bbox 395 3629 564 3697; x_wconf 74' lang='lat' dir='ltr'><strong>inuisibilis,</strong></span> <span class='ocrx_word' id='word_1_341' title='bbox 586 3632 806 3708; x_wconf 76' lang='lat' dir='ltr'><strong>primopeen&#39;tne</strong></span> <span class='ocrx_word' id='word_1_342' title='bbox 830 3632 925 3687; x_wconf 76' lang='lat' dir='ltr'><strong>omnis</strong></span> <span class='ocrx_word' id='word_1_343' title='bbox 949 3639 1120 3695; x_wconf 59' lang='lat' dir='ltr'><strong>creamine</strong></span> <span class='ocrx_word' id='word_1_344' title='bbox 1147 3628 1289 3703; x_wconf 74' lang='lat' dir='ltr'><strong>pnoen&#39;om</strong></span> <span class='ocrx_word' id='word_1_345' title='bbox 1340 3620 1347 3633; x_wconf 66' lang='lat'><em>²</em></span> 
     </span>
     <span class='ocr_line' id='line_1_35' title="bbox 56 3728 1288 3815; baseline -0.011 -19"><span class='ocrx_word' id='word_1_346' title='bbox 56 3742 178 3815; x_wconf 72' lang='lat' dir='ltr'><strong>inipso</strong></span> <span class='ocrx_word' id='word_1_347' title='bbox 202 3733 324 3792; x_wconf 77' lang='lat' dir='ltr'><strong>condito</strong></span> <span class='ocrx_word' id='word_1_348' title='bbox 348 3741 419 3790; x_wconf 79' lang='lat' dir='ltr'><strong>soret</strong></span> <span class='ocrx_word' id='word_1_349' title='bbox 441 3737 597 3801; x_wconf 82' lang='lat' dir='ltr'><strong>enemeren,</strong></span> <span class='ocrx_word' id='word_1_350' title='bbox 621 3748 696 3809; x_wconf 78' lang='lat' dir='ltr'><strong>perne</strong></span> <span class='ocrx_word' id='word_1_351' title='bbox 718 3734 751 3789; x_wconf 82' lang='lat' dir='ltr'><strong>in</strong></span> <span class='ocrx_word' id='word_1_352' title='bbox 775 3729 864 3789; x_wconf 83' lang='lat' dir='ltr'><strong>coelis</strong></span> <span class='ocrx_word' id='word_1_353' title='bbox 888 3740 915 3788; x_wconf 84' lang='lat' dir='ltr'><strong>et</strong></span> <span class='ocrx_word' id='word_1_354' title='bbox 938 3732 969 3786; x_wconf 80' lang='lat' dir='ltr'><strong>in</strong></span> <span class='ocrx_word' id='word_1_355' title='bbox 993 3737 1079 3787; x_wconf 85' lang='lat' dir='ltr'><strong>terro</strong></span> <span class='ocrx_word' id='word_1_356' title='bbox 1102 3735 1189 3794; x_wconf 77' lang='lat' dir='ltr'><strong>soret,</strong></span> <span class='ocrx_word' id='word_1_357' title='bbox 1213 3728 1288 3784; x_wconf 81' lang='lat' dir='ltr'><strong>oesi-</strong></span> 
     </span>
     <span class='ocr_line' id='line_1_36' title="bbox 56 3827 1288 3915; baseline -0.01 -18"><span class='ocrx_word' id='word_1_358' title='bbox 56 3838 126 3898; x_wconf 68' lang='lat' dir='ltr'><strong>titio</strong></span> <span class='ocrx_word' id='word_1_359' title='bbox 151 3846 179 3896; x_wconf 82' lang='lat' dir='ltr'><strong>et</strong></span> <span class='ocrx_word' id='word_1_360' title='bbox 203 3831 384 3901; x_wconf 71' lang='lat' dir='ltr'><strong>invisibilia,</strong></span> <span class='ocrx_word' id='word_1_361' title='bbox 408 3836 471 3915; x_wconf 75' lang='lat' dir='ltr'><strong>eloe</strong></span> <span class='ocrx_word' id='word_1_362' title='bbox 496 3830 625 3905; x_wconf 79' lang='lat' dir='ltr'><strong>Tbrone&#39;,</strong></span> <span class='ocrx_word' id='word_1_363' title='bbox 648 3837 711 3892; x_wconf 75' lang='lat' dir='ltr'><strong>eloe</strong></span> <span class='ocrx_word' id='word_1_364' title='bbox 735 3830 976 3899; x_wconf 73' lang='lat' dir='ltr'><strong>dominationes,</strong></span> <span class='ocrx_word' id='word_1_365' title='bbox 1000 3834 1062 3889; x_wconf 79' lang='lat' dir='ltr'><strong>sive</strong></span> <span class='ocrx_word' id='word_1_366' title='bbox 1085 3827 1288 3903; x_wconf 75' lang='lat' dir='ltr'><strong>l&#39;riner&#39;potue,</strong></span> 
     </span>
     <span class='ocr_line' id='line_1_37' title="bbox 55 3930 1289 4013; baseline -0.014 -13"><span class='ocrx_word' id='word_1_367' title='bbox 55 3957 116 4000; x_wconf 77' lang='lat' dir='ltr'><strong>seve</strong></span> <span class='ocrx_word' id='word_1_368' title='bbox 140 3936 327 4000; x_wconf 69' lang='lat' dir='ltr'><strong>Potentem:</strong></span> <span class='ocrx_word' id='word_1_369' title='bbox 354 3936 453 3992; x_wconf 84' lang='lat' dir='ltr'><strong>omnio</strong></span> <span class='ocrx_word' id='word_1_370' title='bbox 474 3938 653 4013; x_wconf 78' lang='lat' dir='ltr'><strong>peripsum</strong></span> <span class='ocrx_word' id='word_1_371' title='bbox 676 3941 704 3992; x_wconf 88' lang='lat' dir='ltr'><strong>et</strong></span> <span class='ocrx_word' id='word_1_372' title='bbox 726 3935 758 3990; x_wconf 84' lang='lat' dir='ltr'><strong>e&#39;n</strong></span> <span class='ocrx_word' id='word_1_373' title='bbox 781 3934 847 4009; x_wconf 77' lang='lat' dir='ltr'><strong>ipso</strong></span> <span class='ocrx_word' id='word_1_374' title='bbox 871 3942 973 3990; x_wconf 87' lang='lat' dir='ltr'><strong>ereoto</strong></span> <span class='ocrx_word' id='word_1_375' title='bbox 997 3941 1084 3999; x_wconf 85' lang='lat' dir='ltr'><strong>snnt‚·</strong></span> <span class='ocrx_word' id='word_1_376' title='bbox 1109 3930 1222 4005; x_wconf 77' lang='lat' dir='ltr'><strong>etipse</strong></span> <span class='ocrx_word' id='word_1_377' title='bbox 1245 3935 1289 3985; x_wconf 85' lang='lat' dir='ltr'><strong>eet</strong></span> 
     </span>
     <span class='ocr_line' id='line_1_38' title="bbox 56 4025 1288 4112; baseline -0.013 -13"><span class='ocrx_word' id='word_1_378' title='bbox 56 4055 123 4100; x_wconf 75' lang='lat' dir='ltr'><strong>ente</strong></span> <span class='ocrx_word' id='word_1_379' title='bbox 147 4043 264 4105; x_wconf 73' lang='lat' dir='ltr'><strong>omnio,</strong></span> <span class='ocrx_word' id='word_1_380' title='bbox 289 4046 318 4096; x_wconf 89' lang='lat' dir='ltr'><strong>et</strong></span> <span class='ocrx_word' id='word_1_381' title='bbox 343 4038 443 4095; x_wconf 86' lang='lat' dir='ltr'><strong>omm&#39;o</strong></span> <span class='ocrx_word' id='word_1_382' title='bbox 466 4039 497 4093; x_wconf 81' lang='lat' dir='ltr'><strong>in</strong></span> <span class='ocrx_word' id='word_1_383' title='bbox 521 4039 586 4112; x_wconf 75' lang='lat' dir='ltr'><strong>ipso</strong></span> <span class='ocrx_word' id='word_1_384' title='bbox 611 4052 643 4094; x_wconf 91' lang='lat' dir='ltr'><strong>eo</strong></span> <span class='ocrx_word' id='word_1_385' title='bbox 667 4044 759 4092; x_wconf 84' lang='lat' dir='ltr'><strong>etant.</strong></span> <span class='ocrx_word' id='word_1_386' title='bbox 806 4031 841 4090; x_wconf 89' lang='lat' dir='ltr'><strong>Ut</strong></span> <span class='ocrx_word' id='word_1_387' title='bbox 864 4032 941 4090; x_wconf 90' lang='lat' dir='ltr'><strong>enim</strong></span> <span class='ocrx_word' id='word_1_388' title='bbox 965 4029 1063 4089; x_wconf 88' lang='lat' dir='ltr'><strong>omnia</strong></span> <span class='ocrx_word' id='word_1_389' title='bbox 1087 4047 1140 4106; x_wconf 86' lang='lat' dir='ltr'><strong>per</strong></span> <span class='ocrx_word' id='word_1_390' title='bbox 1162 4025 1288 4085; x_wconf 86' lang='lat' dir='ltr'><strong>Verbum</strong></span> 
     </span>
     <span class='ocr_line' id='line_1_39' title="bbox 56 4119 1371 4210; baseline -0.016 -9"><span class='ocrx_word' id='word_1_391' title='bbox 56 4152 149 4201; x_wconf 70' lang='lat' dir='ltr'><strong>nesta</strong></span> <span class='ocrx_word' id='word_1_392' title='bbox 173 4149 265 4210; x_wconf 76' lang='lat' dir='ltr'><strong>suaet,</strong></span> <span class='ocrx_word' id='word_1_393' title='bbox 300 4138 357 4206; x_wconf 85' lang='lat' dir='ltr'><strong>ita,</strong></span> <span class='ocrx_word' id='word_1_394' title='bbox 390 4153 454 4193; x_wconf 81' lang='lat' dir='ltr'><strong>cunr</strong></span> <span class='ocrx_word' id='word_1_395' title='bbox 486 4134 561 4193; x_wconf 90' lang='lat' dir='ltr'><strong>idem</strong></span> <span class='ocrx_word' id='word_1_396' title='bbox 594 4136 633 4193; x_wconf 89' lang='lat' dir='ltr'><strong>sit</strong></span> <span class='ocrx_word' id='word_1_397' title='bbox 661 4134 775 4210; x_wconf 82' lang='lat' dir='ltr'><strong>imago,</strong></span> <span class='ocrx_word' id='word_1_398' title='bbox 807 4132 835 4191; x_wconf 94' lang='lat' dir='ltr'><strong>in</strong></span> <span class='ocrx_word' id='word_1_399' title='bbox 860 4133 925 4208; x_wconf 88' lang='lat' dir='ltr'><strong>ipso</strong></span> <span class='ocrx_word' id='word_1_400' title='bbox 950 4149 1066 4208; x_wconf 72' lang='lat' dir='ltr'><strong>otioque</strong></span> <span class='ocrx_word' id='word_1_401' title='bbox 1090 4136 1160 4187; x_wconf 88' lang='lat' dir='ltr'><strong>sunt</strong></span> <span class='ocrx_word' id='word_1_402' title='bbox 1183 4133 1287 4185; x_wconf 87' lang='lat' dir='ltr'><strong>ereata.</strong></span> <span class='ocrx_word' id='word_1_403' title='bbox 1369 4119 1371 4122; x_wconf 65' lang='grc'>’</span> 
     </span>
     <span class='ocr_line' id='line_1_40' title="bbox 56 4228 1290 4321; baseline -0.017 -17"><span class='ocrx_word' id='word_1_404' title='bbox 56 4242 112 4316; x_wconf 82' lang='lat' dir='ltr'><strong>Qut</strong></span> <span class='ocrx_word' id='word_1_405' title='bbox 133 4243 223 4321; x_wconf 84' lang='lat' dir='ltr'><strong>igitur</strong></span> <span class='ocrx_word' id='word_1_406' title='bbox 245 4242 285 4302; x_wconf 89' lang='lat' dir='ltr'><strong>ita</strong></span> <span class='ocrx_word' id='word_1_407' title='bbox 310 4238 350 4298; x_wconf 91' lang='lat' dir='ltr'><strong>de</strong></span> <span class='ocrx_word' id='word_1_408' title='bbox 374 4235 500 4295; x_wconf 83' lang='lat' dir='ltr'><strong>Domino</strong></span> <span class='ocrx_word' id='word_1_409' title='bbox 523 4235 668 4306; x_wconf 86' lang='lat' dir='ltr'><strong>senserit,</strong></span> <span class='ocrx_word' id='word_1_410' title='bbox 701 4253 760 4293; x_wconf 91' lang='lat' dir='ltr'><strong>non</strong></span> <span class='ocrx_word' id='word_1_411' title='bbox 785 4234 914 4313; x_wconf 77' lang='lat' dir='ltr'><strong>offendet</strong></span> <span class='ocrx_word' id='word_1_412' title='bbox 937 4236 969 4291; x_wconf 84' lang='lat' dir='ltr'><strong>e&#39;n</strong></span> <span class='ocrx_word' id='word_1_413' title='bbox 994 4232 1121 4310; x_wconf 80' lang='lat' dir='ltr'><strong>lapidem</strong></span> <span class='ocrx_word' id='word_1_414' title='bbox 1145 4228 1290 4307; x_wconf 78' lang='lat' dir='ltr'><strong>offensio-</strong></span> 
     </span>
    </p>
   </div>
   <div class='ocr_carea' id='block_1_3' title="bbox 87 4371 1290 4522">
    <p class='ocr_par' dir='ltr' id='par_1_4' title="bbox 87 4371 1290 4522">
     <span class='ocr_line' id='line_1_41' title="bbox 90 4371 1290 4459; baseline -0.021 -14"><span class='ocrx_word' id='word_1_415' title='bbox 90 4415 111 4446; x_wconf 75' lang='grc' dir='ltr'><strong>ι.</strong></span> <span class='ocrx_word' id='word_1_416' title='bbox 130 4399 181 4459; x_wconf 72' lang='lat' dir='ltr'><strong>Reg.</strong></span> <span class='ocrx_word' id='word_1_417' title='bbox 202 4389 271 4444; x_wconf 73' lang='lat' dir='ltr'><strong>iate.</strong></span> <span class='ocrx_word' id='word_1_418' title='bbox 622 4371 627 4381; x_wconf 47' lang='lat'>¹</span> <span class='ocrx_word' id='word_1_419' title='bbox 739 4403 759 4436; x_wconf 90' lang='lat' dir='ltr'><strong>e.</strong></span> <span class='ocrx_word' id='word_1_420' title='bbox 781 4387 821 4434; x_wconf 86' lang='lat' dir='ltr'><strong>Sic</strong></span> <span class='ocrx_word' id='word_1_421' title='bbox 839 4386 905 4445; x_wconf 65' lang='lat' dir='ltr'><strong>lleg„</strong></span> <span class='ocrx_word' id='word_1_422' title='bbox 924 4395 946 4433; x_wconf 89' lang='lat' dir='ltr'><strong>ut</strong></span> <span class='ocrx_word' id='word_1_423' title='bbox 968 4392 991 4432; x_wconf 90' lang='lat' dir='ltr'><strong>et</strong></span> <span class='ocrx_word' id='word_1_424' title='bbox 1010 4384 1079 4457; x_wconf 69' lang='lat' dir='ltr'><strong>babet</strong></span> <span class='ocrx_word' id='word_1_425' title='bbox 1091 4380 1228 4440; x_wconf 75' lang='lat' dir='ltr'><strong>Scripturas</strong></span> <span class='ocrx_word' id='word_1_426' title='bbox 1240 4383 1290 4421; x_wconf 76' lang='lat' dir='ltr'><strong>tti-</strong></span> 
     </span>
     <span class='ocr_line' id='line_1_42' title="bbox 87 4447 1181 4522; baseline -0.021 -7"><span class='ocrx_word' id='word_1_427' title='bbox 87 4469 108 4515; x_wconf 80' lang='lat' dir='ltr'><strong>b.</strong></span> <span class='ocrx_word' id='word_1_428' title='bbox 126 4468 238 4519; x_wconf 69' lang='lat' dir='ltr'><strong>stelles.</strong></span> <span class='ocrx_word' id='word_1_429' title='bbox 278 4460 365 4512; x_wconf 83' lang='lat' dir='ltr'><strong>Ceteri</strong></span> <span class='ocrx_word' id='word_1_430' title='bbox 387 4467 443 4505; x_wconf 80' lang='lat' dir='ltr'><strong>rere</strong></span> <span class='ocrx_word' id='word_1_431' title='bbox 461 4466 484 4506; x_wconf 87' lang='lat' dir='ltr'><strong>et</strong></span> <span class='ocrx_word' id='word_1_432' title='bbox 501 4457 557 4506; x_wconf 89' lang='lat' dir='ltr'><strong>editi</strong></span> <span class='ocrx_word' id='word_1_433' title='bbox 575 4447 650 4522; x_wconf 75' lang='grc' dir='ltr'><em>ὅπερ.</em></span> <span class='ocrx_word' id='word_1_434' title='bbox 706 4464 752 4504; x_wconf 88' lang='lat' dir='ltr'><strong>tus.</strong></span> <span class='ocrx_word' id='word_1_435' title='bbox 788 4454 816 4503; x_wconf 92' lang='lat' dir='ltr'><strong>ln</strong></span> <span class='ocrx_word' id='word_1_436' title='bbox 835 4453 888 4502; x_wconf 84' lang='lat' dir='ltr'><strong>alus</strong></span> <span class='ocrx_word' id='word_1_437' title='bbox 908 4462 931 4500; x_wconf 91' lang='lat' dir='ltr'><strong>et</strong></span> <span class='ocrx_word' id='word_1_438' title='bbox 949 4453 1020 4500; x_wconf 83' lang='lat' dir='ltr'><strong>editis</strong></span> <span class='ocrx_word' id='word_1_439' title='bbox 1040 4464 1088 4506; x_wconf 75' lang='grc' dir='ltr'><strong>την</strong></span> <span class='ocrx_word' id='word_1_440' title='bbox 1107 4449 1181 4497; x_wconf 85' lang='lat' dir='ltr'><strong>deest.</strong></span> 
     </span>
    </p>
   </div>
   <div class='ocr_carea' id='block_1_4' title="bbox 85 4533 1087 4597">
    <p class='ocr_par' dir='ltr' id='par_1_5' title="bbox 85 4533 1087 4597">
     <span class='ocr_line' id='line_1_43' title="bbox 85 4533 1087 4597; baseline -0.041 -1"><span class='ocrx_word' id='word_1_441' title='bbox 85 4555 206 4597; x_wconf 72' lang='lat' dir='ltr'><strong>drusion</strong></span> <span class='ocrx_word' id='word_1_442' title='bbox 219 4565 274 4597; x_wconf 78' lang='lat' dir='ltr'><strong>on.</strong></span> <span class='ocrx_word' id='word_1_443' title='bbox 291 4557 372 4592; x_wconf 69' lang='lat' dir='ltr'><strong>noos.</strong></span> <span class='ocrx_word' id='word_1_444' title='bbox 388 4554 440 4585; x_wconf 78' lang='lat' dir='ltr'><strong>sse.</strong></span> <span class='ocrx_word' id='word_1_445' title='bbox 1071 4533 1087 4580; x_wconf 70' lang='lat'>4</span> 
     </span>
    </p>
   </div>
   <div class='ocr_carea' id='block_1_5' title="bbox 0 0 1481 5092">
    <p class='ocr_par' dir='ltr' id='par_1_6' title="bbox 0 0 1481 5092">
     <span class='ocr_line' id='line_1_44' title="bbox 0 0 1481 5092; baseline 0 0"><span class='ocrx_word' id='word_1_446' title='bbox 0 0 1481 5092; x_wconf 95' lang='lat' dir='ltr'><strong> </strong></span> 
     </span>
    </p>
   </div>
  </div>
 </body>
</html>
