2948 5092
407 264 553 312 emron
566 266 657 312 man
674 260 871 313 semitonus.
1173 252 1239 321 m

107 429 334 484 oomeetanenm
356 437 482 499 prorsus
505 428 566 487 est,
595 427 629 481 nt
650 419 700 498 qui
720 429 792 499 post
811 420 962 500 baptisma
983 423 1316 501 praerarieantnnnzroc

101 532 193 586 notam
215 530 245 584 at
265 522 420 583 indivisam
443 521 616 582 Trinitatem
640 519 855 601 blasphement
899 521 937 583 llt
961 522 1019 585 hoe
1040 542 1165 604 aequom
1188 534 1234 588 est

101 626 200 706 ›gitare
222 632 252 686 et
272 623 445 702 intelligere.
490 623 575 685 Certe
598 621 625 684 si
647 622 684 696 ii,
715 640 791 703 qnos
812 623 861 684 ille
883 623 1103 704 alloquebatur,
1125 627 1232 690 Phari-

101 744 219 808 sempe,
242 726 388 787 lavacrum
409 725 644 804 regenerationis
666 725 853 805 accepissent
873 733 904 787 et
925 727 996 789 doni
1018 728 1112 790 saneti
1135 729 1232 810 Spiri-

101 848 142 891 sm
168 829 328 909 participes
356 829 499 901 luissent,
531 826 702 888 verisimilis
731 836 813 891 asset
839 827 989 890 musmotll
1017 829 1231 909 interpretatio,

101 932 180 1012 rippe
202 949 219 992 a
247 930 357 991 iustitia
379 929 574 990 descivissent
592 937 626 1007 et
646 929 677 990 in
700 928 842 1009 Spiritum
864 938 999 992 sancum
1021 930 1231 1010 deliquissent3

101 1050 151 1095 nm
171 1033 316 1094 lavacrum
339 1050 400 1092 non
422 1031 598 1111 acceperint,
621 1030 674 1092 sed
696 1030 784 1093 etiam
805 1031 950 1110 baptisma
965 1031 1085 1094 loannis
1107 1032 1231 1112 vilipen·

101 1142 116 1209 t,
139 1152 193 1195 cur
213 1134 280 1195 illos
301 1133 466 1207 accusabat,
489 1142 522 1194 nt
543 1133 593 1212 qui
611 1132 869 1213 blasphemassent
882 1133 913 1195 in
928 1133 1071 1214 Spiritum
1086 1143 1229 1207 sanctum,
1317 1174 1321 1181 ‚

113 1236 247 1298 nondum
273 1235 433 1315 participes
462 1235 560 1297 allecti
587 1233 725 1297 luerent?
768 1234 835 1296 Non
863 1235 942 1297 enirn
970 1236 1143 1316 simpliciter
1174 1237 1231 1298 ‹lo-

101 1374 102 1385 ,
123 1338 269 1399 Dominus
290 1338 363 1399 baec
383 1336 576 1416 loquebatur,
606 1335 772 1416 nequalia,
794 1336 844 1416 qui
865 1337 955 1399 lutari
984 1346 1084 1412 erant,
1115 1338 1231 1419 suppli-

107 1439 368 1513 intenninabatur3
400 1439 505 1501 sedin
527 1437 786 1518 praesentiscere
807 1439 984 1501 Pharisaeos
1011 1441 1153 1503 incusans
1180 1448 1229 1502 ut·

101 1550 197 1604 tantae
218 1534 418 1621 blasphemiae
440 1541 497 1603 iam
519 1559 589 1602 reos
618 1540 689 1602 illud
717 1539 834 1603 bibebat
861 1541 1017 1604 llo-inus.
1061 1542 1229 1605 Pharisaeis

116 1644 158 1706 ita
180 1635 335 1718 accusatis,
358 1644 531 1724 priusquam
552 1642 698 1722 baptisma
717 1642 932 1724 pencepissent‚
955 1643 1230 1706 hoooertetllctum

101 1744 205 1807 tinime
227 1753 352 1825 spectat,
375 1745 424 1824 qui
446 1752 517 1825 post
537 1744 684 1806 lavacrum
706 1745 954 1824 praevaricantur.
997 1744 1035 1806 Et
1053 1745 1230 1824 praesertim

103 1865 158 1909 eos
186 1864 247 1907 non
275 1847 312 1908 de
334 1845 516 1926 quibuslibet
541 1846 687 1926 peccatis,
721 1847 775 1908 sed
802 1847 839 1908 (le
860 1846 1044 1927 blasphemia
1065 1846 1229 1910 manabat.

106 1957 205 2011 aotam
225 1949 304 2033 inter
326 1967 360 2010 se
381 1949 537 2023 differtum,
560 1949 640 2029 quod
662 1948 713 2028 qni
733 1956 845 2028 peccat,
867 1948 965 2028 legem
985 1950 1229 2029 transgrediatur,

101 2068 152 2113 ero
172 2050 422 2131 blasphemat-in
443 2051 537 2130 ipsam
560 2051 699 2112 deitatem
720 2050 812 2131 impie
832 2060 909 2131 agat
953 2052 1027 2114 (lum
1048 2061 1148 2114 autem
1162 2053 1230 2114 illos

101 2152 165 2215 ultis
189 2151 360 2214 criminibus
382 2151 467 2231 prius
490 2163 643 2214 accusaret
664 2152 813 2225 Salvator,
842 2153 922 2231 qnod
945 2153 1057 2214 scilieet
1079 2153 1173 2233 legem
1194 2154 1232 2216 tls

101 2254 178 2315 tibus
200 2253 289 2315 letam
309 2262 434 2333 propter
453 2255 606 2331 pecuniam
636 2254 931 2334 transgrederemur,
959 2264 989 2316 et
1014 2255 1229 2336 Prophetarum

103 2365 290 2435 respuerent,
313 2374 347 2417 ac
369 2356 489 2417 domium
504 2355 557 2416 llei
573 2355 693 2418 domum
708 2357 840 2417 lacerant
860 2356 1081 2436 negotiationis,
1104 2366 1231 2419 attamen

101 2466 180 2520 tator
201 2476 255 2518 eos
277 2465 310 2518 ut
330 2456 543 2536 poenitentiam
566 2464 695 2536 agerent.
739 2457 849 2519 larum
869 2457 919 2519 ubi
941 2458 1039 2538 ipsum
1055 2457 1230 2520 dicerentin

101 2559 179 2621 ebule
202 2558 309 2619 eiicere
331 2559 581 2631 daemonia,·non
603 2559 661 2621 boe
681 2558 759 2620 ultra
780 2567 933 2638 peccatum
957 2559 1147 2639 simpliciter,
1177 2560 1231 2621 secl

101 2661 220 2723 remiam
242 2660 316 2721 «lixit
337 2678 405 2721 esse
428 2668 548 2735 tantam,
570 2669 604 2723 ut
624 2661 677 2740 qui
696 2660 765 2721 talia
785 2662 922 2740 prolerre
943 2661 1153 2736 sociassent,
1176 2680 1233 2724 roc

101 2780 133 2825 m
155 2764 286 2841 elingere
307 2780 361 2825 nec
382 2763 497 2824 reniam
519 2763 655 2825 obtinere
675 2771 810 2843 possent

101 3175 142 3236 13.
186 3171 302 3250 Alioqui
325 3173 351 3233 si
375 3189 479 3232 eorum
499 3188 603 3243 causa,
633 3169 684 3248 qui
704 3177 775 3249 post
794 3168 943 3230 lavacrum
962 3177 1100 3248 peooant‘,
1129 3169 1160 3231 id
1181 3169 1228 3231 tli-

106 3274 224 3346 lnisset,
247 3282 277 3335 et
296 3273 336 3334 illi
359 3274 479 3334 veniam·
495 3255 684 3352 peecatorum
706 3270 845 3333 oblim
864 3286 927 3331 non
946 3279 1080 3349 possent,
1104 3289 1158 3332 cnr
1170 3272 1228 3334 bo·

101 3376 213 3454 napual
237 3375 407 3437 Corinthios
429 3375 641 3455 poenitentem,
663 3374 694 3435 in
716 3373 837 3437 caritate
858 3372 1015 3435 confirmat
1023 3372 1144 3447 Paulus,
1167 3373 1228 3436 Ga-

103 3494 175 3537 vero
197 3488 363 3539 retrorsum
385 3477 528 3539 abeuntes
549 3477 686 3556 maurit,
709 3477 803 3540 donec
823 3477 982 3556 {cratetur
1000 3480 1115 3538 iterum
1133 3477 1163 3537 in
1186 3477 1230 3539 eis

101 3577 172 3640 tas?
216 3579 287 3640 Cum
310 3588 408 3640 autem
430 3580 500 3641 dicit
521 3583 641 3651 iterator,
663 3578 820 3659 pristinam
843 3594 946 3640 eorum
968 3577 998 3638 in
1022 3576 1136 3656 Spiritu
1156 3596 1227 3657 per-

101 3696 164 3742 nem
186 3681 322 3743 declarat.
367 3682 427 3742 Gur
447 3700 517 3743 vero
540 3680 684 3743 Nouatum
711 3681 863 3762 cmpamus
885 3679 1098 3760 poenitentiam
1120 3678 1228 3740 tollen-

101 3850 132 3897 rg.
157 3843 180 3883 et
204 3835 301 3898 Seguer.
321 3826 426 3887 αὗιούς.
462 3835 513 3884 llox
531 3836 587 3897 Reg.
640 3828 702 3898 περὶ
719 3825 848 3881 Neudros
864 3829 1057 3899 πρεσβυτέρου,
1076 3826 1228 3896 Κορνηλίου

101 3939 104 3951 .
130 3903 226 3953 Goblcr.
250 3912 273 3952 et
296 3903 400 3952 Feleltm.
424 3903 444 3950 l.
463 3894 588 3965 ἐκβάλλει.
640 3901 689 3949 τοῦ
703 3895 806 3968 Ῥώμης
823 3893 978 3950 ἐπισκόπου.
1010 3901 1104 3949 Similis
1129 3900 1230 3949 hebetur

101 3963 226 4032 κβάέλειν.
263 3971 335 4019 Panlo
355 3979 409 4034 post
427 3971 483 4018 editi
502 3971 590 4019 hebent
642 3971 710 4019 locus
737 3971 760 4019 in
787 3970 942 4019 Testimoniis
971 3969 1110 4032 Scripturas
1145 3983 1228 4018 sacrae

101 4033 312 4103 ιοβλαςφημὶαν,
325 4037 512 4103 quaeparticula
523 4038 591 4088 deest
642 4036 776 4101 [Tertulla
815 4034 920 4099 ,2501
946 4045 969 4086 et
992 4038 1016 4085 in
1040 4037 1179 4095 Quaestion.
1198 4035 1228 4084 ad

101 4143 105 4156 .
123 4109 221 4168 Seguar.
241 4107 335 4156 Gobler.
356 4117 379 4156 et
397 4106 500 4155 Felclm.
522 4106 543 4184 l.
642 4106 784 4155 lntlosbum
793 4052 873 4170 floro.
885 4105 914 4154 ll.
933 4120 957 4168 p.
968 4104 1017 4181 285
1030 4102 1070 4166 E]
1081 4104 1142 4152 inira
1153 4103 1228 4152 aden·

115 4174 182 4223 least
201 4176 224 4222 in
242 4175 313 4223 basil.
351 4176 425 4224 Panlo
439 4182 494 4238 post
507 4168 592 4232 ουτῆν
643 4174 688 4223 ilis.
723 4174 776 4223 flor
793 4174 850 4223 saliti
868 4181 923 4222 ante
939 4182 1089 4237 precaretur
1100 4171 1227 4221 articulum

101 4260 105 4289 ι
123 4242 195 4292 llasil.
643 4243 730 4291 habent
747 4234 806 4301 τήν,
827 4243 867 4306 qni
885 4242 953 4293 deest
971 4242 993 4288 in
1005 4240 1069 4300 'llcg.
1088 4240 1228 4300 Saguerian.

101 4311 177 4372 epos.
195 4310 294 4370 Seguer.
312 4310 432 4368 Anglicnn.
452 4310 548 4360 Gobler.
567 4316 591 4360 ct
643 4310 739 4360 Gohler.
757 4311 847 4372 lnglic.
864 4307 1042 4358 atbelclml.
1061 4306 1116 4355 eth.
1153 4306 1227 4355 Panlo

105 4379 147 4428 .1.
165 4371 294 4441 Ναυάτρ.
328 4379 388 4427 Editi
408 4386 430 4426 et
448 4370 590 4426 aliiNovd·
643 4386 698 4440 post
725 4378 781 4440 lleg.
808 4385 833 4427 et
857 4377 956 4437 Segnar.
975 4361 1227 4439 approperabas

101 4446 159 4495 tasil.
179 4446 208 4494 acl
220 4446 351 4507 marginem
365 4440 586 4510 babetNoooriap.
641 4445 698 4498 roh
741 4438 794 4506 ‚at
825 4439 858 4493 τὸ
885 4437 1001 4511 norme
1029 4434 1227 4508 ἁμαρτάνουσι.

104 4514 274 4578 δομοιποοο
290 4513 320 4565 ul
337 4514 470 4578 πονήρου
486 4515 588 4565 tabeat:
640 4514 707 4578 (hag.
813 4505 941 4583 bayas)
956 4502 1116 4579 chnut)
1131 4502 1223 4577 ῥυτόν.
