2948 5092
483 282 593 365 emero
608 282 640 329 n.
656 230 921 336 reme-'munes
1206 215 1215 291 ἰ
1240 262 1305 347 find
1368 242 1373 249 Ι

65 437 178 501 Filium
197 454 264 499 non
285 441 416 499 meatum
440 436 493 498 sed
516 436 646 516 genitum
668 454 736 500 esse
757 430 908 514 aiuut‚'et
929 439 1010 506 iuxta
1030 430 1112 507 roris
1136 424 1252 513 creavit
1273 420 1391 514 etatis.

65 551 235 605 moe
261 528 475 611 differentiam,
506 555 595 618 quam
619 539 709 619 patrio
730 549 814 602 antea
838 559 873 604 ex
894 541 1056 624 Scripturis
1080 530 1301 627 explicavimus,

66 640 154 705 iiim
175 646 346 722 agnoscam
370 639 546 720 septentiam
575 651 642 702 esee·
668 640 849 729 unigenitam
871 651 902 706 et
923 662 1024 709 rerum
1047 657 1211 712 creatarum
1233 650 1303 732 opt-

68 743 177 818 tioem,
210 742 293 824 quod
318 742 438 823 quide'n
469 749 592 804 naturae
618 741 682 803 Filii
704 746 861 825 proprium
882 753 939 808 est.
983 747 1056 811 Qum
1078 757 1177 816 autem
1199 768 1305 814 rocem

69 848 193 909 emoto
212 854 375 926 usurpant,
404 788 464 906 don
495 845 533 907 de
561 845 625 906 eius
645 844 807 925 loquuntur
826 856 947 923 natura,
977 851 1032 912 sed
1053 869 1121 914 eum
1143 852 1305 914 muitarum
1392 828 1394 837 ¹

69 947 189 1009 viarum
210 946 390 1027 principium
413 922 478 1007 ieri
501 944 675 1024 significant,
696 946 737 1009 ita
758 957 791 1010 ut
812 968 869 1010 vox
892 956 1008 1014 ereooa't
1029 951 1094 1014 roci
1109 952 1187 1015 tetus
1203 944 1311 1034 oppo·'

70 1056 177 1122 nator,
211 1048 293 1129 quod
321 1021 618 1128 autem⁹orineipinm
640 1047 751 1110 riarum
781 1050 906 1126 dieitur,
940 1052 999 1133 ipsi
1026 1053 1117 1115 verbo
1141 1054 1304 1135 opponitur

67 1157 222 1230 quatenrm
244 1157 292 1211 est
311 1149 507 1237 unigenitum.
1366 1217 1368 1221 ,

159 1251 214 1316 48.
257 1249 330 1312 Nam
360 1250 386 1312 si
415 1244 545 1357 geiqitus'
560 1257 623 1325 est,
656 1268 745 1331 quare
776 1252 858 1315 ilium
886 1262 1018 1318 creatum
1047 1253 1172 1318 dicitis?
1206 1254 1303 1317 Nemo

67 1353 155 1414 euim
183 1360 260 1432 quae
288 1359 370 1414 creat
396 1353 518 1432 gignere
549 1352 637 1426 dicit,
671 1371 725 1415 nec
755 1357 896 1435 proprios
927 1358 1006 1419 tetus
1032 1365 1118 1420 vocat
1139 1366 1300 1420 creaturas.
1408 1418 1413 1429 ,

70 1455 202 1530 Rursus,
224 1454 251 1515 si
274 1453 444 1533 unigenitus
467 1462 522 1528 est,
546 1454 698 1534 quomodo
720 1456 837 1537 fit'ipse
858 1457 971 1520 viarum
992 1458 1195 1540 principium?
1226 1458 1390 1522 nemeae

69 1557 100 1618 si
121 1555 302 1637 principium
325 1556 457 1619 omnium
481 1557 546 1636 ipse
568 1564 615 1619 est
636 1565 764 1632 creatus,
798 1577 921 1624 neeesse
944 1569 1071 1623 estnon
1094 1562 1152 1623 iam
1175 1559 1326 1644 ampliat·⁴

70 1676 168 1720 uuum
190 1676 277 1732 asse,
306 1657 416 1739 quippe
443 1658 492 1737 qui
515 1657 589 1720 alios
612 1665 684 1738 post
705 1678 738 1721 se
759 1659 874 1723 habeat.
918 1659 1070 1742 Siquidem
1099 1661 1220 1736 Ruben,
1252 1661 1305 1742 qui

68 1760 253 1840 prineipium
275 1760 330 1822 tuit
350 1760 495 1834 tiliorum,
525 1778 586 1820 non
604 1760 774 1839 unigenitus
797 1771 878 1838 erat,
906 1764 959 1826 sed
981 1773 1077 1827 aetate
1098 1763 1218 1844 quidem
1239 1769 1306 1826 ent

68 1863 201 1942 primus,
224 1869 328 1924 natura
351 1870 450 1924 autem
473 1870 502 1923 et
524 1861 700 1940 cognatione
722 1881 798 1925 unus
820 1863 940 1927 iliorum
956 1873 1029 1940 erat,
1052 1866 1102 1946 qui
1117 1873 1189 1946 post
1203 1866 1304 1945 ipsum

69 1963 134 2025 uati
159 1964 252 2026 mere.
297 1963 390 2043 Igitur
412 1963 438 2024 si
453 1962 582 2024 Verbum
604 1962 782 2043 principium
806 1966 997 2040 catrianam,
1020 1967 1077 2029 tale
1099 1968 1233 2047 proiecto
1256 1970 1320 2029 ost

69 2064 178 2146 quales
200 2072 271 2127 sunt
292 2066 366 2137 riae,
390 2065 571 2142 etvioissim
594 2064 667 2126 tales
689 2074 760 2127 sunt
781 2065 843 2128 viae
865 2067 951 2147 quale
973 2069 1071 2148 ipsum
1093 2076 1141 2130 est
1161 2067 1304 2142 Verbum,
1386 2096 1392 2112 ι

69 2167 143 2229 lieet
164 2173 302 2246 tempore
322 2167 449 2247 primum
472 2166 588 2228 illarum
611 2175 737 2230 creetur.
781 2167 915 2248 Namque
935 2169 993 2230 tale
1015 2178 1061 2231 est
1076 2169 1198 2231 alicuius
1219 2167 1306 2231 uritis
1429 2166 1432 2179 ¹

69 2268 264 2349 principium,
287 2268 388 2348 quales
410 2275 481 2330 suut
503 2268 575 2329 aliae
597 2268 681 2330 urbis
703 2278 813 2348 partes,
836 2288 912 2350 quae
932 2278 1032 2351 partes
1054 2288 1121 2332 cum
1136 2269 1203 2350 ipso
1215 2267 1307 2349 prin-

70 2370 153 2450 cipio
176 2370 350 2432 coniunctae
378 2370 524 2449 integram
553 2378 583 2432 et
612 2389 701 2464 unam
729 2371 835 2433 urbem
863 2372 1037 2453 perficiunt,
1070 2390 1130 2433 non
1162 2390 1250 2434 secus
1272 2387 1309 2434 oo

71 2472 164 2534 unius
186 2472 322 2551 corporis
345 2472 493 2546 membra3
521 2491 577 2533 neo
603 2491 675 2534 vero
704 2492 762 2535 una
790 2473 855 2536 eius
878 2492 947 2552 pars
970 2475 1048 2535 inter
1068 2491 1118 2534 res
1141 2471 1307 2534 condentes

70 2581 137 2648 est,
172 2572 229 2635 aiia
257 2576 336 2635 inter
358 2575 509 2647 conditas,
541 2575 683 2654 alterique
705 2575 782 2654 parti
806 2575 976 2648 subiicitur,
1012 2574 1065 2636 sed
1088 2592 1195 2635 omnes
1217 2570 1307 2634 simui

70 2675 189 2756 aequali
212 2676 363 2737 architecti
387 2695 454 2738 cura
478 2684 620 2755 reguntur
642 2684 672 2737 et
691 2676 867 2738 consistunt.
904 2678 936 2739 Si
953 2694 1024 2756 ergo
1038 2677 1096 2738 hoo
1110 2674 1199 2737 etiam
1213 2670 1306 2735 modo
1420 2733 1422 2737 ,

70 2775 219 2838 domium
249 2777 425 2857 principium
455 2777 587 2839 omnium
621 2785 753 2851 creatur,
785 2779 911 2840 necesse
939 2785 985 2839 est
1006 2777 1104 2857 ipsum
1128 2775 1215 2839 simui
1239 2790 1308 2837 cum

71 2878 215 2940 omnibus
247 2897 336 2939 unam
369 2879 513 2959 perticere
545 2885 671 2940 creatam
701 2886 851 2952 naturam,
887 2897 983 2957 neque
1016 2877 1053 2939 ab
1081 2877 1147 2939 aliis
1174 2877 1307 2950 differre,

71 2979 191 3042 etiamsi
214 2980 346 3041 omnium
368 2981 408 3042 sit
429 2980 618 3060 principium,
641 2998 738 3059 neque
760 2979 882 3041 aliarum
905 2988 1026 3042 naturae
1049 2987 1164 3041 creatae
1179 2976 1311 3058 partium

73 3099 141 3147 esse
162 3082 335 3157 dominum,
364 3082 432 3144 iicet
453 3084 494 3144 sit
516 3090 649 3161 tempore
678 3082 844 3161 antiquior3
877 3080 987 3161 quippe
1009 3098 1076 3142 cum
1099 3081 1165 3159 ipse
1187 3092 1309 3158 quoquo

74 3202 141 3246 mm
163 3184 231 3246 aiiis
253 3185 391 3247 omnibus
414 3203 503 3246 unam
519 3184 678 3245 creationis
694 3185 839 3245 rationem
856 3192 884 3245 et
898 3183 1050 3245 dominum
1067 3182 1183 3244 habeat.
1211 3174 1309 3240 Porro
1335 3247 1344 3257 ,

75 3286 100 3346 si
129 3281 295 3348 secundum
326 3306 379 3348 ros
408 3295 525 3348 creatus
553 3295 616 3359 est,
651 3291 701 3366 qui
729 3286 793 3347 fieri
826 3293 941 3366 potest,
975 3293 1007 3347 ut
1034 3285 1117 3346 solus
1140 3291 1170 3344 et
1190 3283 1308 3363 primus

75 3396 192 3450 creetur
214 3388 407 3468 omniumque
430 3389 470 3448 sit
490 3388 679 3468 principium,
702 3406 768 3448 cum
791 3371 911 3460 ex'his,
934 3404 1008 3466 quae
1031 3385 1209 3457 dictasunt,
1232 3400 1308 3445 oon-
1409 3426 1415 3434 -

76 3496 149 3565 stet,
181 3489 255 3551 nihii
283 3508 339 3569 per
366 3509 399 3551 se
423 3489 528 3551 stabile
550 3508 620 3551 esse
642 3501 672 3552 et
693 3490 822 3569 primum
843 3490 967 3562 tamum,
996 3487 1050 3550 sed
1071 3474 1310 3566 unamquamque

77 3604 139 3652 tem
160 3593 222 3652 und
245 3609 310 3652 cum
335 3590 474 3653 omnibus
495 3597 596 3652 ortum
618 3591 770 3663 habuisse,
793 3590 928 3670 quamvis
951 3589 1025 3651 aliae
1045 3589 1112 3651 aliis
1131 3583 1311 3669 praestent?

76 3688 135 3752 ideo
155 3691 237 3753 enim
260 3693 376 3772 singuia
398 3701 476 3754 astra
499 3712 555 3754 nee
576 3692 722 3757 maiorum
744 3693 932 3754 luminarium
955 3690 1032 3753 aliud
1055 3691 1198 3770 primum,
1228 3685 1310 3750 aliud

77 3909 173 3959 Gobier.
191 3919 215 3959 et
232 3911 337 3961 Feicim.
359 3913 380 3961 i.
398 3904 469 3960 oded
487 3926 517 3962 τε
533 3908 568 3962 τὰ
585 3910 664 3981 μέρη.
754 3915 778 3963 h.
797 3914 897 3989 Seguer.
916 3911 1014 3961 Gobier.
1032 3909 1100 3972 ingl.
1120 3906 1273 3957 Feicimenui
1286 3905 1311 3956 i.

77 3976 132 4038 ¹³³8·
150 3977 224 4027 Bttil·
243 3987 266 4028 et
289 3979 404 4042 dugiican
432 3979 519 4030 ταῦτα
537 3975 572 4030 τὰ
587 3978 665 4050 μέρη.
719 3990 742 4031 et
760 3981 875 4045 snm
905 3978 968 4040 Editi
986 3985 1010 4028 ot
1027 3978 1068 4027 aiii
1084 3969 1131 4042 gui.
1160 3973 1235 4024 Paulo
1251 3979 1312 4038 poet

77 4043 136 4094 Ediii
155 4055 179 4095 et
195 4047 237 4096 dlii
255 4038 326 4094 αὗτᾶ
342 4061 372 4097 τε
387 4044 467 4115 μέρη.
718 4050 817 4111 Seguer,
835 4049 954 4112 γίνηται,

501 4114 506 4122 ’
753 4118 768 4165 i.
793 4117 834 4165 Sic
858 4115 999 4176 Seguoriaa.
1018 4112 1074 4173 fleg.
1093 4109 1167 4159 desii.
1185 4105 1311 4168 Angiicau.

753 4184 823 4232 tcum.
841 4182 865 4232 4.
884 4189 908 4231 et
925 4181 949 4230 5.
984 4185 1012 4230 nt
1029 4179 1069 4227 eiii
1088 4186 1112 4226 et
1126 4172 1311 4226 edit.Commel.

720 4248 779 4303 noir
802 4244 832 4298 δὲ
856 4240 980 4303 dicretis
995 4241 1098 4311 κτίσμα
1116 4251 1161 4294 etc.
1184 4241 1309 4292 mendose.

721 4319 774 4367 idox
793 4318 864 4366 dasii.
882 4315 992 4384 πρῶτος
1008 4309 1144 4379 γίνεσθαι,
1306 4360 1310 4367 ,

107 4395 130 4443 g.
149 4383 251 4446 Segner.
278 4385 335 4448 fleg.
360 4387 458 4436 Gobier.
478 4387 584 4436 Feicism.
605 4385 627 4436 i.
641 4392 671 4439 ¹et
756 4386 777 4434 i.
796 4385 837 4434 Sic
855 4385 956 4446 Seguer.
968 4383 1067 4433 Gohier.
1086 4390 1110 4430 et
1120 4374 1311 4428 ieietmenuit.

74 4447 99 4497 4-
118 4439 190 4518 ἆρχὴ
202 4443 325 4504 πάντων.
354 4453 416 4503 Editi
428 4455 517 4518 otiique
529 4444 599 4520 ἀρχὴ
612 4450 671 4502 eor
720 4455 750 4502 At
764 4453 805 4503 aiii
820 4461 845 4502 et
862 4453 936 4501 editio
954 4448 1073 4500 Commei.
1091 4437 1172 4505 uider
1187 4437 1264 4494 ἐστιν
1279 4432 1316 4493 ἓν

72 4508 196 4569 πέπον.
232 4521 323 4571 ibidem
342 4520 443 4584 Seguer.
460 4517 591 4582 κτίζηται.
719 4511 811 4586 μόνον
824 4510 888 4569 καθ’
907 4510 990 4571 dauri
1007 4524 1052 4568 etr.

1051 4595 1108 4649 tt*

108 4146 126 4223 f.
143 4146 283 4223 Feietman.
302 4147 327 4199 2.
346 4158 370 4199 et
387 4150 444 4200 editi
463 4141 501 4229 qis
519 4141 667 4214 ἄνθρωπος
718 4184 750 4232 Fe

75 4204 135 4266 dm
158 4225 289 4280 σωματος
313 4225 359 4267 eta.
396 4219 421 4282 tn
446 4219 502 4269 elue
526 4234 581 4268 roro
606 4231 665 4269 mee.

77 4283 191 4331 omuibus
208 4284 277 4334 deest
295 4277 452 4352 ἄνθρωπος.
