2948 5092
340 222 487 297 sr‘rsrous
501 252 539 295 sse
555 252 699 297 osessrrs
714 252 858 299 arcteris
872 254 989 299 aranos.
1181 312 1189 321 ,
1241 242 1280 305 15

61 414 147 470 ssisse
166 407 330 469 discrimen
351 408 435 467 inter
456 422 517 465 noa
539 403 621 465 assei
641 403 704 465 sire
725 422 786 465 non
808 405 888 483 gigni
910 418 939 468 et
960 425 1022 467 uon
1044 408 1118 469 lieri.
1164 410 1197 471 S.
1219 408 1363 474 lii-esu.

58 510 146 571 larisa
168 507 248 568 lidro
271 518 381 569 contra
401 506 611 568 Constantium
632 524 714 567 ursin.
734 510 782 569 16.
806 508 928 568 eandem
950 527 1051 570 uocem
1075 510 1174 572 reddit
1188 510 1276 573 inus·

59 610 199 679 scibilem,
227 612 291 670 nisi
315 608 402 687 [orte
425 605 529 685 deperit
552 596 734 689 ἀγέννητον.
779 606 930 669 Novitates
953 627 1076 681 rosum,
1107 615 1203 691 inquit
1224 610 1276 674 ille

58 712 93 772 sd
112 712 338 779 Constantium,
361 708 415 769 sed
437 707 576 786 profanas
599 707 723 768 devitari
745 707 829 768 iulset
849 709 1021 787 Apostolus,
1067 710 1112 770 Tu
1135 730 1188 771 our
1208 712 1275 791 pius

59 812 197 883 excludis,
220 828 287 872 cum
310 809 488 889 praesertim
511 808 547 869 stt
570 826 605 867 oo
629 808 738 869 dietum
762 809 815 871 sit:
847 809 944 871 omnis
967 812 1111 889 scripture
1135 812 1274 875 diuinitus

59 914 190 993 inspirata
203 911 283 973 utilis
295 909 364 972 est?
386 909 661 971 lunasoibilem
677 880 824 990 scriptum
833 930 978 989 nusquam
995 912 1077 992 logis,
1088 914 1229 991 numquid
1246 922 1278 975 et

57 1012 290 1093 bernegaudum
306 1012 372 1083 erit,
396 1013 464 1091 quis
476 1029 588 1073 novum
598 1010 669 1071 ost?
692 1011 833 1074 Notanda
847 1031 962 1094 puopne
982 1012 1163 1076 Tertulliani
1172 1017 1274 1087 verda,

56 1122 103 1199 pri
127 1116 207 1178 libro
235 1116 272 1177 sle
292 1118 393 1176 auena
418 1132 482 1194 cap.
497 1117 527 1175 4.
551 1130 654 1175 uocem
680 1104 834 1197 ἀγένητον
863 1133 902 1174 en
923 1114 1059 1175 Platonis
1083 1116 1147 1176 loeo
1166 1116 1274 1195 paullo

57 1232 121 1281 aare
143 1222 236 1281 utute
259 1214 352 1277 simul
377 1213 511 1275 innatum
533 1224 562 1275 et
584 1214 724 1275 iniectum
746 1214 856 1277 reddit.
901 1214 1093 1293 Consequens
1117 1217 1194 1275 «nuru
1219 1225 1275 1289 est,

57 1326 159 1401 iapuit,
190 1328 225 1378 ut
253 1336 289 1377 ex
311 1316 364 1376 liei
393 1318 464 1377 llstu
492 1315 618 1378 animam
639 1315 769 1395 professi
792 1315 909 1377 initium
932 1316 959 1375 ei
982 1317 1167 1395 deputemus.
1211 1316 1276 1379 lloo

57 1422 132 1482 l’lsto
143 1420 284 1489 excludit,
301 1417 468 1479 irtnntsm
491 1427 527 1479 et
548 1417 729 1479 iniectum
744 1416 1000 1479 animsmroluus:
1024 1426 1161 1478 etuatam
1177 1426 1275 1479 nutem

57 1522 191 1583 docemus
215 1530 244 1581 ct
267 1521 383 1590 iactum,
406 1538 443 1579 ex
459 1517 531 1579 initii
543 1518 765 1580 constitutione.
799 1516 971 1580 Neeststim
983 1518 1145 1579 erravimus
1158 1528 1275 1580 utrum-

57 1643 109 1701 que
118 1621 337 1700 dicentes‚‹puin
349 1619 462 1681 scilieet
473 1620 550 1681 aliud
562 1620 602 1681 sit
612 1618 811 1693 natum,sliud
821 1620 940 1694 iactum,
950 1629 982 1681 ut
995 1630 1065 1699 pote
1078 1619 1147 1681 illud
1160 1622 1275 1681 ssima-

58 1722 128 1785 libus
138 1730 323 1801 eompetens.
346 1720 536 1783 Differentiae
550 1730 657 1794 autem,
679 1738 733 1783 sua
744 1718 881 1783 habendo
894 1721 997 1782 looaet
1008 1730 1151 1801 tempora,
1167 1722 1277 1785 hebent

58 1824 208 1905 slipesado
230 1831 262 1885 et
282 1822 465 1902 passivitatis
486 1822 672 1885 commercia.
717 1822 803 1902 Cepit
817 1822 917 1901 itsque
933 1817 1179 1901 etiseturam'pro
1192 1823 1275 1886 assei

58 1926 139 2005 poni;
159 1924 306 2004 siquidem
329 1941 428 1996 omne,
452 1924 660 2004 quodquoquo
676 1924 766 1985 modo
781 1924 888 2002 accipit
900 1942 979 1997 esso,
1000 1934 1166 2002 gesseratur.
1200 1924 1275 1986 Num

59 2036 87 2087 et
104 2029 194 2088 iactor
216 2026 282 2105 ipse
303 2045 413 2105 parens
435 2027 503 2087 laeti
524 2033 625 2105 potest
645 2025 718 2087 diei:
747 2027 791 2087 sie
813 2034 843 2085 et
857 2025 940 2085 l'lato
964 2024 1065 2086 utitur.
1109 2025 1190 2087 llaec
1211 2026 1274 2087 ille.

134 2127 184 2189 tx.
229 2126 275 2188 lle
297 2138 448 2207 tempore,
470 2146 527 2207 pua
551 2127 622 2189 leuse
644 2128 715 2190 data
736 2129 798 2206 suit
821 2126 963 2205 epistola,
990 2127 1144 2189 dicendum
1168 2138 1274 2188 restat.

60 2230 176 2291 Constat
204 2234 400 2309 composito-m
429 2228 527 2308 [uisse
551 2240 624 2309 post
646 2228 768 2291 lluselii
797 2228 1000 2289 Caesariensis
1029 2238 1173 2301 mortem
1204 2247 1275 2289 naus

56 2334 157 2393 ineis
179 2336 243 2392 sisu
266 2346 442 2393 saseaessors
463 2333 581 2409 scripto
602 2340 660 2399 est,
682 2340 717 2391 ut
736 2339 821 2409 putet
841 2346 924 2389 nunt.
942 2330 971 2392 3.
1019 2330 1140 2393 Certum
1162 2348 1275 2411 petoque

57 2443 111 2503 est,
137 2437 286 2511 scriptasit
307 2431 405 2511 fuisse
426 2440 548 2493 mortuo
570 2428 698 2493 Eusebio
721 2430 952 2499 Ns'oonndiensi.
982 2430 1218 2511 qrsanrloqut'dem
1241 2432 1275 2492 de

10 2540 14 2570 ²
57 2552 97 2603 es,
118 2546 259 2615 tanquan
283 2536 336 2614 pus¹
355 2551 418 2594 isan
438 2530 569 2613 amplius
593 2543 672 2593 esset
693 2541 863 2612 superstes,
883 2534 1002 2610 passim
1024 2532 1160 2609 loquutur
1181 2533 1276 2594 Atlta-
1318 2580 1320 2585 .

57 2640 166 2697 miss.
217 2633 353 2715 lienique
378 2638 463 2714 paris
495 2645 628 2713 ternpore
656 2632 799 2713 nullapsse
829 2636 861 2693 ia
889 2632 1089 2693 Athanasium
1115 2644 1275 2710 pressante

54 2741 259 2819 perseeutione
282 2737 390 2798 editam
412 2754 484 2805 esse,
506 2739 640 2797 insererent
663 2734 734 2795 laea
756 2734 856 2804 uerba,
873 2752 947 2814 quae
962 2753 1043 2795 statas.
1061 2735 1090 2796 2.
1109 2733 1275 2795 laberetur:

25 2826 29 2837 ¹
56 2836 245 2909 destiteris,
268 2836 293 2897 si
316 2855 395 2898 nuno
417 2836 456 2897 ita
480 2854 513 2896 se
536 2834 796 2915 ge1·snt(d1·isni};
819 2834 966 2913 siquidem
990 2833 1068 2895 haud
1091 2833 1183 2894 multo
1206 2842 1276 2912 post

57 2938 180 3001 iatumm
205 2947 262 3011 est,
285 2945 319 2997 ut
340 2938 429 2998 iidem
453 2937 487 2997 sd
512 2936 634 2997 iniurias
657 2954 747 2997 sese
770 2944 952 3008 convertant,
976 2934 1142 3013 deiruleque
1164 2933 1275 2995 ooltor-

27 3048 109 3101 'ten
131 3048 162 3101 ct
183 3038 334 3101 tribunum
357 3038 446 3099 uubis
468 3037 699 3113 ntiuitsbuutur3
720 3038 768 3099 his
792 3038 870 3099 enim
895 3046 954 3097 tots
977 3037 1114 3097 inuititur
1135 3054 1275 3115 perversa

54 3138 166 3203 morum
188 3140 335 3201 doctriua.
380 3139 428 3201 lin
450 3140 555 3221 purius
574 3143 772 3221 perspicuum
792 3142 904 3218 suerit,
929 3139 1000 3201 laea
1022 3152 1093 3201 ttrtsc
1116 3144 1362 3218 sensisset-2⁰⁸·

54 3242 85 3303 S.
105 3244 316 3312 dtianasium,
340 3260 407 3301 cum
428 3244 617 3320 quiescerent
638 3241 748 3301 Ariani
767 3240 900 3321 niltilpue
925 3250 1033 3302 coittra
1054 3245 1153 3321 ipsun
1172 3240 1277 3320 palam

54 3344 244 3407 utuntur.
292 3342 445 3415 Quocirca
472 3343 665 3404 statuendum
686 3341 822 3414 uidetur,
851 3345 995 3423 scripturn
1018 3360 1081 3403 csse
1105 3342 1180 3402 latito
1202 3340 1277 3421 lipi-

55 3444 157 3509 stslaas
178 3446 218 3507 ai
241 3460 322 3505 anno
345 3444 419 3508 350.
441 3444 481 3503 ad
502 3462 616 3505 asinum
638 3444 729 3515 354„
740 3460 855 3539 nempe
873 3454 946 3524 post
968 3444 1097 3504 reditum
1119 3443 1280 3503 ltlranass'i

31 3546 270 3609 -ttexasdrtam
300 3549 395 3607 assisa
420 3545 565 3625 dreporio
588 3544 793 3607 Alexandriae
815 3526 1089 3625 pseudoepiscopo,
1119 3554 1277 3622 nunquam

55 3668 116 3710 esst
135 3654 252 3711 irenam
273 3664 387 3708 seuere
410 3651 541 3727 coeperit
564 3646 772 3709 Constantius.

133 3750 169 3813 ll.
217 3748 256 3811 ln
281 3750 345 3831 fiae
374 3748 553 3810 suliacinse
574 3746 745 3828 Epistulam
764 3746 889 3809 lluselii
910 3748 1114 3810 Caesariensis
1143 3746 1184 3807 ad
1203 3764 1277 3808 suae

57 3852 212 3915 daroecs'sse
246 3851 397 3921 leoninos,
430 3850 674 3931 quenadmodum
705 3867 738 3910 se
771 3849 933 3911 sulieu'sse
965 3852 1008 3909 ait
1036 3848 1068 3907 S.
1092 3846 1277 3909 Athanasius

20 4026 30 4037 ,
55 3972 128 4017 asar.
143 3956 193 4027 3.,
220 3964 260 4015 sat
286 3964 317 4015 et
346 3960 450 4014 exstet
476 3953 509 4011 iu
530 3954 739 4032 manuscripto
761 3948 851 4031 lispio
875 3970 910 4011 oc
932 3954 965 4011 iu
986 3949 1152 4011 Basiliensi
1173 3947 1278 4010 Fetclr-

54 4054 155 4131 flmi,
179 4073 275 4139 eaque
298 4058 331 4115 ia
354 4062 436 4113 tomo
451 4052 482 4115 2.
506 4052 645 4113 editionis
669 4052 886 4115 Commeliauae
907 4056 1025 4113 inserta
1048 4054 1102 4123 est,
1126 4070 1191 4111 essm
1206 4068 1279 4112 sera

49 4158 130 4223 fis
150 4158 374 4223 missisunt
395 4171 454 4214 suo
477 4152 542 4216 loeo
565 4152 696 4233 amplius
717 4156 827 4233 repom·
838 4156 899 4213 iam
912 4170 975 4214 non
987 4162 1100 4233 posset,
1122 4164 1157 4214 ut
1173 4151 1278 4213 ididem

54 4258 159 4325 iialsr.
204 4262 244 4325 ln
266 4258 342 4323 aliis
366 4266 471 4319 auten
493 4254 674 4316 editionibus
694 4258 816 4334 penitus
839 4258 951 4315 omissa
973 4254 1043 4330 sitit.
