2948 5092
420 304 564 349 sorssors
578 304 598 347 t.
614 305 650 346 so
666 304 861 349 susurrones.
1189 290 1253 355 nott

96 460 138 523 itu
160 459 272 520 mentio
294 459 368 519 laeta
391 457 495 529 luerit,
526 455 554 515 id
584 456 620 517 de
648 455 747 536 aliquo
774 454 994 536 praedictorum
1023 457 1181 537 spirituum
1203 458 1336 519 in-esso.

97 560 210 643 geretis.
255 558 432 622 Huiusmodi
454 558 503 618 ille
525 566 580 630 est,
603 558 640 619 de
661 577 720 639 qno
741 559 818 639 opud
831 557 948 621 Esnlsm
969 558 1093 639 legitur:
1118 560 1253 622 Consen-

97 665 188 726 nram
217 682 283 725 eum
311 662 473 743 spirator,
503 672 531 721 et
560 661 715 742 obstupuit
742 665 842 723 onoma
869 665 932 735 einr
959 672 989 724 et
1015 666 1118 724 animo
1142 661 1255 742 populi

97 813 105 837 ,
135 766 379 848 quenadmodum
399 766 433 824 in
456 762 534 823 silvo
556 762 650 824 ordor
672 781 690 824 o
712 766 824 843 spirito
846 747 1029 828 concutitur.
1077 763 1158 824 idem
1179 763 1252 826 item

99 866 200 928 verbis
228 866 388 926 indicatur:
427 863 578 925 Excitavit
607 863 753 927 Donamus
781 868 925 945 spiritum
951 870 984 927 in
1010 884 1098 927 more
1129 874 1251 945 propter

98 987 137 1030 m.
183 967 309 1029 Tonitru
331 966 476 1046 siquidem
501 973 664 1044 sequuntur
685 965 808 1046 spiritns
830 974 995 1040 ventorum,
1018 967 1063 1027 uti
1082 965 1205 1045 contigit
1218 965 1249 1027 in

98 1071 133 1143 in,
157 1089 230 1150 quae
254 1078 354 1130 eontra
373 1067 470 1129 Achab
494 1067 607 1141 cecidit,
630 1068 876 1147 quemadmodum
897 1069 1120 1149 scriptumest:
1143 1068 1183 1130 Bt
1196 1069 1334 1147 stt-posu

116 1182 276 1253 estusque
299 1172 355 1247 hue
378 1170 614 1251 etrtsqnehue,
646 1183 675 1252 et
706 1170 783 1234 eseli
802 1172 958 1234 obscurati
976 1181 1049 1234 rust
1069 1170 1199 1233 nuditer
1221 1179 1250 1232 et

98 1278 147 1336 itu.

110 1378 140 1440 9.
187 1375 316 1447 „Verum
339 1373 406 1453 quia
431 1348 549 1445 illinisti,
573 1373 718 1454 inquiunt,
741 1374 875 1436 meminit
896 1374 1057 1455 Scriptura,
1080 1373 1150 1435 hine
1168 1371 1249 1434 litut

99 1477 191 1549 ritus,
214 1476 250 1536 de
274 1494 332 1554 quo
355 1475 402 1535 hio
424 1484 470 1535 est
491 1475 637 1559 quaestio,
659 1475 758 1537 nudus
773 1477 848 1538 elius
865 1475 1073 1556 intelligendus
1097 1475 1137 1537 sit
1157 1491 1247 1555 prue-

122 1578 454 1657 Spi1·itnmtssnetnin.“
499 1576 581 1638 lteris
609 1595 680 1656 ergo
709 1577 851 1658 Spiritum
881 1587 1014 1642 eructum
1042 1597 1100 1640 nus
1128 1576 1248 1657 quidem

107 1680 226 1741 Christo
250 1678 396 1739 nominari
419 1677 610 1740 attendistis?
643 1680 680 1740 At
701 1678 923 1747 ubinsmillum
944 1691 1048 1742 nature
1069 1677 1175 1740 rl'ilio
1198 1676 1245 1738 di·

115 1790 146 1843 et
181 1782 310 1861 seperari
351 1779 552 1853 intellexistis,
590 1780 641 1860 qni
675 1780 826 1844 Christum
860 1781 980 1863 quidem
1018 1799 1082 1842 rem
1117 1786 1247 1841 orestem

123 1903 206 1955 esse,
252 1883 305 1942 sed
338 1882 482 1961 Spiritum
515 1890 649 1943 sanetum
683 1902 745 1945 rem
779 1891 907 1945 orestem
946 1901 1016 1944 esse
1052 1880 1166 1944 nudetis
1198 1879 1246 1941 di·

100 1983 114 2046 ?
157 1984 324 2045 Absurdum
339 2003 411 2046 sane
433 1984 536 2058 luerit,
568 2003 617 2055 en,
649 1989 842 2065 misenetnrh
862 1985 1018 2048 dissimilia
1039 1991 1125 2067 sunt,
1158 1981 1248 2044 simul

100 2087 180 2148 inore
214 2076 378 2165 'eidemque
414 2086 509 2166 gloriis
552 2086 711 2149 celebrare.
768 2089 850 2162 Quae
887 2088 966 2149 enim
1004 2085 1171 2148 communio
1201 2082 1247 2144 vel

121 2187 282 2248 similitudo
305 2189 348 2249 rei
372 2197 573 2250 montuosum
596 2187 755 2251 creatore?
796 2191 934 2252 Proiecto
958 2188 984 2250 si
1012 2188 1063 2271 itox
1081 2195 1144 2261 est,
1173 2185 1247 2248 nihil

124 2298 260 2368 superest
288 2309 374 2370 quem
405 2301 436 2352 ut
458 2290 532 2351 Filio
555 2309 622 2364 res,
651 2309 725 2370 quus
756 2291 822 2371 ipse
843 2292 968 2363 oresrit,
995 2287 1196 2351 annumeretis
1218 2295 1248 2349 et

101 2391 218 2470 rugatis.
266 2391 363 2471 ltaque
386 2394 459 2453 satis
481 2393 599 2471 quidem
624 2411 692 2454 esse
713 2393 881 2466 videbatur,
909 2392 989 2473 quod
1010 2391 1087 2472 opud
1109 2389 1245 2468 Prophe·

105 2493 248 2572 seriptum
271 2502 327 2566 est,
351 2493 387 2555 de
409 2494 516 2574 spiritu
537 2502 702 2569 ventorum,
727 2504 760 2557 nt
780 2495 838 2557 inm
860 2494 969 2556 dietum
992 2501 1049 2566 est,
1070 2490 1245 2569 intelligere.

102 2614 132 2656 ns
161 2595 399 2674 quandoquidem
429 2600 532 2657 tarum
560 2596 670 2659 ibidem
692 2597 728 2659 de
751 2596 869 2659 Christo
898 2596 1077 2658 mentionem
1105 2589 1246 2664 obicitis,

101 2705 158 2758 nte
180 2717 228 2758 res
252 2684 298 2759 esi
319 2698 406 2759 nohis
428 2699 608 2779 explicando,
632 2699 658 2760 si
681 2699 757 2760 lorte
779 2699 850 2778 qnid
871 2698 977 2760 melius
994 2697 1032 2758 de
1053 2694 1103 2757 illo
1126 2692 1246 2773 spiritu,
1273 2777 1275 2783 y

102 2799 187 2860 :reeri
216 2799 337 2874 dieitur,
371 2801 530 2862 ostendere
560 2801 738 2881 possimus·
767 2799 846 2875 Quid
874 2809 919 2862 est
946 2800 1035 2879 igitur
1066 2794 1247 2858 ennuneisre

121 2900 258 2962 homines
275 2901 423 2963 Christum
445 2903 520 2975 eins,
543 2922 630 2982 qnam
652 2903 750 2981 ipsum
763 2900 915 2963 homiuem
928 2900 1003 2972 lieri,
1026 2899 1164 2977 idemque
1178 2913 1247 2966 esse

102 3001 164 3062 lud:
188 3001 261 3064 licie
283 3007 368 3082 viror
390 3007 424 3064 in
444 3017 533 3066 utero
556 3004 674 3067 hohehit
688 3014 716 3065 et
734 3007 838 3084 periet
850 3003 959 3084 filium,
982 3012 1010 3064 et
1024 3001 1174 3063 oonohnnt
1187 3015 1246 3059 no·
1272 3056 1279 3081 ¹

112 3106 176 3164 eius
198 3103 384 3177 Emmanuel,
408 3113 437 3165 et
459 3103 523 3175 alia,
547 3123 622 3183 quse
644 3103 681 3165 de
696 3105 761 3166 eins
775 3104 901 3166 adventu
916 3104 1026 3183 seriptis
1048 3098 1140 3163 snut?
1172 3098 1246 3160 Cum
1275 3122 1279 3133 ·

102 3223 113 3264 r
135 3223 171 3264 eo
194 3204 250 3265 loci
272 3205 360 3266 Verbi
383 3207 413 3266 in
436 3224 553 3267 oarrrem
577 3206 718 3269 adventus
740 3205 954 3279 annuncietur,
976 3204 1092 3285 qualem
1114 3211 1245 3265 ereetum

103 3314 161 3367 lum
184 3305 347 3384 intelligere
370 3307 511 3368 dehemus
533 3315 652 3387 praeter
672 3307 825 3371 hominum
854 3307 1008 3387 spiritum,
1037 3307 1087 3386 qui
1114 3302 1246 3367 relicitur

103 3416 248 3478 :novatum
280 3409 528 3487 quemadmodum
551 3408 630 3471 lleus
657 3428 713 3490 per
732 3406 917 3472 Ezechielem
945 3407 1094 3489 pollicitus
1122 3415 1168 3470 est
1196 3403 1244 3467 di-

103 3527 107 3568 :
137 3507 177 3571 lte
199 3509 380 3572 detinendis
405 3530 606 3584 cornorum,
636 3523 665 3575 et
686 3516 828 3594 spiritum
848 3531 962 3575 nonum
984 3511 1060 3574 dodo
1087 3508 1187 3604 nodis,
1216 3517 1246 3570 et

104 3797 154 3858 leg.
173 3796 199 3845 l.·
213 3807 236 3846 ει
254 3798 353 3860 Segner.
372 3789 429 3847 ἐπεὶ
445 3793 517 3864 περὶ,
536 3793 610 3865 φασί
659 3798 764 3850 Felehm.
784 3799 807 3850 1.
833 3799 924 3863 lrglie.
948 3800 1005 3862 lleg.
1024 3799 1048 3850 2.
1072 3789 1244 3852 συνδοξάζειν

659 3868 758 3920 addunt.
793 3866 837 3916 itii
856 3876 878 3917 et
896 3867 968 3918 editio
987 3865 1104 3917 Commel.
1123 3865 1244 3914 obiiciunt.

104 3930 163 3990 >nse
188 3939 322 3995 sequnntur
342 3927 398 3998 χρὴ
422 3932 497 3982 νοεῖν
515 3942 559 3983 etc.
578 3933 608 3984 sd
694 3936 793 3985 Most
816 3919 866 3983 onir
888 3936 945 3998 lies.
961 3936 982 3985 1.
1001 3945 1025 3986 st
1042 3935 1181 3997 segnorirn.
1197 3923 1246 3978 uti

104 3996 177 4063 *siper
195 3993 225 4046 τὸ
244 3993 325 4064 ἅγιον
343 4004 431 4051 hahent
449 4003 504 4063 lleg.
525 4002 546 4050 1.
565 4003 608 4051 Se·
659 4003 756 4053 sddnnt

114 4067 211 4117 Gohler.
236 4079 259 4117 et
283 4070 386 4118 Pelekm.
408 4071 429 4119 1.
448 4071 534 4119 desunt
552 4085 607 4119 tero
694 4072 709 4119 i.
736 4071 851 4131 stelles.
872 4071 894 4120 1.
912 4072 1052 4134 etSegner.
1087 4068 1202 4121 dtGohl.
1221 4079 1245 4118 et

105 4150 117 4182 s
137 4144 159 4184 et
178 4136 256 4186 editis.
659 4139 676 4188 F
680 4139 765 4189 elelm.
782 4138 804 4187 1.
820 4137 902 4186 τοῦτο
920 4132 951 4186 τὸ
970 4142 1042 4199 (torte
1060 4153 1104 4202 pro
1122 4136 1172 4202 τῷ)
1189 4129 1246 4215 yri-

105 4193 151 4250 hrt
161 4215 216 4266 post
231 4195 395 4260 ἇποξενίζειν
407 4205 521 4254 obiiciunt
534 4205 608 4266 Regii,
659 4220 720 4253 ναι·
742 4198 802 4254 Ideni
821 4216 865 4256 ete
901 4200 1246 4271 hominemhorminem

105 4287 121 4318 r.
143 4271 213 4319 llosil.
235 4274 364 4334 otlnglic.
401 4279 428 4323 lt
451 4274 491 4322 olii
511 4281 534 4321 et
552 4275 607 4323 editi
659 4268 701 4328 τὸ,
723 4266 846 4324 ἰδοὺειε.
882 4274 943 4324 Edit.
968 4273 1244 4336 Commel.etlieg.2.

105 4375 116 4388 ,.
153 4338 282 4417 11ωιι11ε3.
304 4342 325 4390 1.
350 4341 566 4415 Segnemssobler.
585 4351 609 4391 et
659 4334 748 4407 τούτῳ
764 4334 870 4422 φάναι·
891 4334 951 4389 leod
968 4351 1013 4392 rto.
1049 4341 1243 4406 Ponlopostpto

105 4421 126 4455 n.
149 4409 169 4455 1.
189 4422 220 4454 ou
238 4403 427 4467 terrentianus,
448 4400 491 4457 im
509 4419 554 4459 etc.
658 4404 803 4476 tudinem
827 4411 931 4461 Felelm.
949 4409 972 4460 2
990 4420 1015 4461 st
1036 4410 1108 4461 editio
1127 4410 1244 4460 Commel.

105 4466 176 4539 iytoe
194 4487 218 4525 et
235 4491 288 4525 mor
305 4473 394 4542 λέγετε
412 4479 498 4528 desunt
516 4480 538 4527 in
552 4479 607 4539 lies.
660 4473 846 4545 δημιουργίας.

105 4548 204 4607 Sernes.
241 4544 315 4595 Prnlo
333 4555 391 4611 post
409 4546 490 4606 iidem,
509 4546 608 4597 Golilsr.
693 4547 792 4611 ther.
804 4547 826 4598 1.
845 4556 870 4598 tt
885 4545 986 4610 Smer.
1003 4532 1071 4606 iisd
1086 4552 1133 4598 ets.
