2948 5092
438 269 547 314 eurio
562 270 600 312 rr.
618 270 733 313 corrue
749 268 885 314 nmmos.
1191 259 1255 322 605

25 426 107 487 suri:
130 421 205 498 „Ea
227 440 303 502 quae
324 421 483 500 gignimus,
506 439 567 482 non
588 420 748 481 voluntatis
770 430 850 492 sunt,
873 420 926 483 sed
938 422 1036 482 nostri
1052 431 1124 485 sunt
1136 424 1254 496 similia,
1265 442 1341 488 rosc

26 545 165 606 „neque
182 525 265 604 prius
291 524 482 585 deliberando
505 532 605 602 patres
629 522 789 594 efficimur,
813 523 865 583 sed
888 523 1010 601 gignere
1031 526 1186 615 proprium
1209 534 1257 588 est

25 637 188 703 „naturae
212 624 450 705 quiandoquidem
471 643 530 684 nos
552 642 672 703 quoque
693 623 750 703 ipsi
772 632 929 703 parentum
952 643 1057 686 sumus
1079 627 1256 706 imagines.“
1362 700 1365 711 Ι

24 730 79 792 vol
103 748 176 807 ergo
198 727 318 806 seipsos
341 726 549 799 condemnent,
573 733 603 785 et
624 724 764 786 mulieres
786 726 824 786 de
837 725 912 786 Filio
928 727 981 788 Dei
1004 728 1140 789 desinant
1161 730 1256 789 inter·

23 849 153 910 rogare3
174 829 220 890 vel
242 838 322 889 certe
343 827 381 886 ab
403 827 477 904 ipsis
499 826 624 898 discant,
648 845 710 887 non
732 827 882 888 voluntate
904 829 958 889 sed
980 834 1084 890 naturt
1108 841 1138 891 ct
1152 848 1256 891 revera

24 932 121 994 fliium
148 931 238 1010 gigni.
280 931 413 1006 Aequum
443 928 522 988 enim
551 938 597 988 est
625 947 677 988 eos
706 929 888 1006 argumentis
918 949 952 990 er
975 930 1128 992 bominum
1151 939 1257 995 natura

24 1035 129 1114 petitis
150 1031 258 1103 sereth,
280 1030 331 1109 qni
353 1031 480 1090 bumana
502 1029 540 1088 de
561 1029 715 1090 divinitate
737 1031 872 1108 improbe
889 1032 1029 1109 cogitant.
1074 1033 1151 1105 Quid
1167 1033 1256 1111 igitur

23 1137 125 1199 adbuc
150 1132 304 1195 insaniunt
332 1131 441 1192 Christi
470 1129 599 1192 hostes?
642 1130 821 1195 Nem-banc
849 1131 968 1194 illorum
997 1133 1141 1196 rationem
1172 1143 1257 1196 utet

24 1238 100 1299 abias
123 1253 229 1296 omnes
253 1233 439 1294 ostendimus
463 1251 496 1294 ac
518 1232 699 1293 convicimus
722 1233 795 1294 nihii
816 1235 876 1295 nisi
897 1234 1011 1296 tabulas
1032 1243 1062 1296 et
1075 1253 1156 1296 mera
1172 1253 1256 1296 com-

23 1346 128 1403 menta
152 1354 230 1398 csse.
277 1332 356 1395 Sero
375 1334 466 1412 igitur
488 1334 592 1394 saitem
608 1334 851 1408 animadvertant,
867 1336 897 1396 in
913 1346 1053 1414 quantam
1068 1336 1256 1416 insipientiae

22 1439 200 1517 uoraginem
221 1454 289 1497 sese
311 1435 576 1514 praecipitaverint,
598 1454 634 1496 ac
645 1421 758 1499 nostris
772 1437 988 1499 monitionibus
1004 1438 1121 1499 ercitdi
1138 1439 1340 1501 tandemreu.

23 1542 96 1603 nde
125 1539 267 1601 festinent
288 1556 441 1616 emergere
463 1556 554 1615 seque
577 1556 613 1598 er
635 1536 743 1598 diaboli
765 1537 880 1617 laqueis
904 1539 1052 1617 expedire.
1099 1539 1254 1618 Siquidem
1403 1527 1406 1530 ’

22 1643 156 1721 benigna
178 1650 225 1701 est
246 1640 365 1711 veritas,
389 1658 464 1718 quae
486 1639 605 1699 assidue
629 1638 749 1700 elamat:
773 1640 804 1701 Si
826 1639 897 1700 mibi
912 1639 952 1725 ob
966 1641 1101 1720 corporis
1116 1640 1256 1701 amictum

21 1762 87 1807 non
110 1741 242 1815 creditis,
266 1744 408 1822 operibus
432 1741 540 1804 saitem
562 1741 683 1812 credite,
706 1752 742 1802 et
764 1746 961 1820 copnoscotis,
985 1747 1056 1822 quio
1077 1761 1130 1821 ego
1146 1747 1179 1803 in
1195 1740 1257 1804 Po-

22 1857 75 1910 m
104 1856 135 1907 et
156 1842 251 1905 Pater
280 1847 314 1903 in
335 1861 380 1903 me
404 1853 465 1916 est,
495 1850 525 1902 et
546 1860 601 1920 ego.
622 1853 652 1903 et
673 1840 766 1902 Pater
787 1860 884 1903 unum
905 1861 1025 1914 samus,
1057 1852 1088 1904 et
1108 1849 1162 1924 gei
1181 1845 1257 1907 vidit

21 1967 78 2019 ιο,
103 1947 180 2009 vidit
201 1944 333 2006 Patrem.
379 1942 486 2003 Verum
509 1941 667 2004 Dominus
683 1943 804 2020 quidem
830 1961 888 2021 pro
910 1962 994 2004 more
1016 1963 1073 2005 suo
1095 1945 1257 2005 clementer

21 2050 86 2129 agit
108 2056 139 2108 et
160 2064 266 2106 omnes
289 2045 383 2106 elisos
405 2043 507 2122 erigit,
537 2052 569 2104 ut
598 2044 639 2104 ait
659 2043 768 2116 David,
798 2053 828 2105 at
849 2045 931 2124 impii
953 2045 1130 2108 dominicam
1153 2064 1256 2106 vocem

20 2151 164 2213 nolentes
193 2146 297 2208 audire
318 2165 374 2208 nec
396 2147 527 2207 serentes
550 2144 708 2206 Dominum
730 2145 824 2206 Deum
846 2155 876 2207 ct
897 2146 951 2207 Dei
972 2146 1079 2207 Filium
1100 2148 1196 2226 palam
1220 2149 1256 2208 ab

21 2251 167 2316 omnibus
196 2248 318 2327 agnosci
345 2247 435 2308 veluti
464 2246 613 2308 scarabaei
641 2264 708 2308 cum
738 2266 794 2308 suo
824 2256 909 2326 patre
930 2247 1049 2308 diabolo
1071 2248 1173 2310 miseri
1195 2247 1256 2308 cir·

20 2360 176 2422 cumeum,
199 2357 231 2411 nt
252 2368 328 2410 nova
351 2349 513 2428 impietatis
536 2350 755 2410 confirmandae
778 2349 929 2429 reperiant
949 2351 1131 2429 argumenta.
1177 2349 1256 2422 Quid

20 2456 114 2536 igitur
137 2452 215 2514 uiue
238 2452 284 2512 vel
305 2451 387 2512 unde
411 2451 544 2511 invenire
565 2451 701 2529 possint,
723 2451 783 2513 nisi
806 2470 822 2512 a
844 2452 960 2512 ludaeis
983 2461 1013 2512 et
1035 2451 1142 2530 Caipba
1165 2451 1256 2529 impia

20 2562 201 2618 mutuentur
227 2552 382 2614 maledicta
411 2564 528 2612 etcum
552 2551 715 2612 Gentilibus
739 2570 840 2612 verum
864 2552 955 2612 Deum
978 2552 1109 2630 negent?
1153 2552 1254 2629 Siqui-

21 2657 92 2719 dem
115 2656 233 2717 densae
255 2653 315 2715 illis
337 2661 408 2715 sunt
430 2653 545 2714 divinae
568 2653 758 2732 Scripturae,
778 2672 813 2713 ex
836 2653 943 2731 quibus
965 2652 1100 2713 videlicet
1121 2661 1152 2713 et
1173 2652 1254 2714 stulti

22 2768 55 2821 et
75 2757 190 2820 Christi
211 2757 315 2817 hostes
338 2773 407 2816 csse
429 2756 512 2816 omni
535 2774 570 2816 er
590 2762 675 2834 parte
697 2764 769 2815 sunt
790 2756 927 2816 convicti.

317 3177 518 3240 EtUSbEbt
546 3177 729 3239 conred
757 3177 960 3239 bthNOS
1057 3201 1062 3211 ¹

513 3297 625 3347 onnrro
645 3297 771 3356 obieri.

114 3437 143 3494 1.
187 3430 231 3491 Ex
257 3431 319 3492 Deo
341 3429 420 3492 Deus
450 3441 496 3492 est
517 3431 661 3505 Verbum,
688 3449 816 3510 namque
843 3430 925 3493 Deus
947 3441 1016 3492 erat
1040 3430 1176 3493 Verbum.
1220 3430 1258 3491 Et

23 3552 147 3597 rursus:
175 3533 315 3606 Quorum
334 3543 456 3614 patres,
481 3545 508 3596 et
531 3553 569 3595 erc
591 3534 697 3622 quibus
722 3533 877 3604 Christus,
901 3537 954 3613 qui
973 3545 1019 3595 est
1040 3551 1135 3614 super
1158 3537 1258 3594 omm'o

57 3691 74 3738 i.
100 3689 158 3749 fleg.
176 3686 199 3736 1.
223 3696 247 3736 et
264 3686 363 3749 Segnior.
381 3678 484 3752 κύριον.
519 3686 565 3735 dlii
594 3694 618 3735 et
668 3679 891 3732 detumueris.
927 3685 987 3733 ibid.
1001 3679 1258 3746 Segeerdmicorr-

24 3758 82 3808 editi
101 3749 236 3820 Χριστόν.
668 3765 722 3800 ται.
760 3753 804 3801 ttii
823 3762 846 3802 et
865 3753 920 3801 editi
939 3748 1121 3801 δανείσονται.

57 3851 80 3899 t.
101 3850 143 3898 Sic
154 3849 211 3909 Reg.
224 3849 246 3896 l.
265 3856 289 3897 et
306 3848 337 3896 Se
354 3863 405 3897 ner.
441 3849 469 3896 At
483 3848 506 3896 in
518 3847 616 3897 Gobicr.
702 3835 726 3898 ἶ·
745 3822 843 3897 sfssw'
862 3821 926 3869 hunc
939 3820 1010 3898 ma
1024 3821 1133 3897 ¹⁵¹⁰¹¹¹¹¹3²
1152 3818 1202 3867 ὀὗ
1213 3811 1258 3866 ‘'f’‘

24 3917 174 3967 eti’etctm.
195 3915 216 3963 i.
236 3915 304 3964 deest
343 3929 366 3970 s,
386 3916 477 3964 inultis
496 3925 574 3963 autem
594 3923 618 3963 et
669 3882 854 3965 f⁰⁰²⁰7⁰5.⁶·
890 3888 1183 3964 ⁸⁶⁸'⁰⁸q'¹⁰¹¹¹p¹'¹'¹¹.⁰¹⁰
1195 3887 1257 3965 §ml

23 3986 97 4037 dm,
115 3976 151 4032 οἱ.
187 3982 277 4033 Ibidem
297 3984 388 4046 ΒΘΗ,
408 3984 617 4044 mogun-,m-
669 3965 733 4006 tione
751 3969 877 4019 superiore
895 3955 1079 4019 appellabamus
1103 3968 1152 4002 του
1173 3967 1256 4002 aaron

21 4045 90 4133 '2⁵‘
117 4045 231 4099 ἑαυτῶν,
279 4052 357 4101 (30⁸,st
382 4060 405 4100 et
429 4053 485 4100 ,dm
511 4045 618 4116 πατρὸς
668 4032 775 4081 tanturn,
799 4023 842 4071 sed
866 4023 928 4071 idem
953 4024 976 4071 in
996 4023 1077 4072 Indice
1096 4023 1161 4101 addit
1177 4015 1258 4086 λόγος

91 4117 105 4131 ”
668 4085 806 4156 thuores·
845 4091 909 4139 tinec
933 4099 1012 4140 autern
1036 4092 1118 4139 Oratio
1137 4106 1161 4139 rn
1180 4091 1256 4138 attero

24 4133 133 4215 mm}
669 4160 743 4222 Regio
761 4161 836 4208 deest
873 4159 971 4208 Gobier.
990 4168 1013 4208 et
1031 4159 1169 4208 fetebant.
1187 4152 1257 4205 κατὰ

56 4205 74 4255 ¹·
92 4199 178 4252 ΜΨ
195 4204 264 4253 'hm
282 4219 294 4253 ⁸
314 4203 370 4264 Μ·
392 4204 412 4252 ¹·
433 4210 455 4252 ⁰¹
473 4202 574 4263 Smer·
665 4215 810 4292 Ἀρειανῶν
830 4219 862 4273 tt
882 4240 911 4278 ος
928 4222 947 4276 ε’.
985 4226 1057 4274 besil.
1074 4219 1144 4272 κατὰ
1158 4215 1257 4288 'Apesa-

57 4314 90 4348 m.
110 4299 152 4346 Sic
170 4297 268 4347 Gobior.
288 4303 311 4343 ot
328 4295 432 4343 Feicbm.
454 4297 475 4345 l.
511 4295 615 4357 dtiteg.
667 4295 725 4341 νῶν
748 4290 828 4359 λόγος
851 4241 934 4347 ἕως.
981 4295 1038 4343 Vide
1063 4295 1257 4342 Admonitionem

23 4367 46 4417 1.
73 4360 152 4431 παρὰ
175 4359 228 4431 μὲν
248 4355 390 4409 Ἰουδαίων
415 4361 462 4409 τοῦ
485 4355 613 4427 Kaisesa.
668 4378 722 4427 pag.
741 4363 799 4411 403.
825 4361 890 4439 [pig.
912 4363 968 4412 141.
994 4363 1042 4409 bui.
1067 4357 1119 4425 ed]
1147 4375 1211 4409 nom.
1230 4359 1255 4408 2.

20 4435 123 4497 &guen
148 4426 227 4496 παρὰ
248 4424 301 4497 μὲν
325 4429 382 4477 τῶν
400 4422 542 4478 Ἰουδαίων
561 4429 616 4476 sair
667 4432 759 4492 Anglic.
783 4444 852 4478 κατα
866 4423 1011 4498 idpsum&
1028 4423 1109 4492 Myer
1126 4428 1193 4476 notio
1212 4428 1256 4476 ad·

20 4501 80 4552 roo.
118 4501 166 4552 nbi
190 4510 214 4550 et
231 4500 306 4550 editio
325 4499 442 4551 Commei.
459 4489 616 4565 παρὰἸον·
667 4498 717 4548 dito
736 4513 845 4548 numero.
1025 4516 1029 4523 ·
