2948 5092
415 260 531 315 adama
547 272 765 317 eructassem!
779 264 913 319 emetri.
960 270 962 275 ·
1213 266 1274 329 stt

38 423 77 485 iu
100 440 136 484 re
158 439 228 484 rere
249 422 398 494 diceretis,
422 422 475 484 sed
498 422 591 483 Deum
613 423 745 502 genitum
766 423 938 498 adfirmatis,
960 426 1011 506 qui
1033 429 1185 509 propriam
1207 444 1360 494 car-neat

39 542 118 589 nem
140 524 240 605 specie
262 532 375 585 mutum
398 523 574 585 exhibuerit.
618 522 685 586 Nau
711 526 791 586 euim
815 526 894 588 Deus
921 527 1037 591 initium
1066 533 1206 593 nascendi
1239 548 1276 595 aa

38 624 174 689 Narrat
195 626 398 719 sortitusqest,
422 626 475 686 sed
497 627 548 704 qui
570 626 672 688 existit
691 634 760 688 ante
781 628 904 689 saecula·
918 628 1046 691 Verbum
1061 631 1140 693 Deus
1162 650 1198 694 ex
1214 634 1274 695 lla·

41 736 130 791 urat
156 728 248 789 bomo
277 727 359 787 visus
389 734 449 797 est,
484 735 571 787 natus
599 745 635 788 ex
655 726 746 788 blaria
768 727 888 805 Virgine
917 738 947 790 et
968 726 1082 808 Spiritu
1109 743 1212 795 sancto
1243 736 1275 797 in

42 828 220 893 Bethlehem
243 826 367 889 Iudaeae
394 844 429 887 ex
453 828 567 888 semine
589 826 694 901 David,
723 828 857 891 sambae
884 839 914 891 et
934 830 1029 904 Adae,
1058 832 1102 893 uti
1130 835 1275 914 scriptum

43 940 107 1004 eat,
129 930 288 1008 omniaque
310 929 452 989 assumsit
473 947 509 990 er
524 929 653 1008 Virgine,
676 948 878 1009 quaecumque
900 931 937 992 ab
951 932 1036 995 initio
1051 933 1132 995 Beue
1146 937 1182 996 ad
1198 955 1274 998 con-
1389 1005 1395 1015 ,

44 1032 235 1097 stitutionem
259 1031 388 1092 hominis
410 1031 576 1092 ellormarit
598 1039 629 1092 et
648 1032 781 1093 condidit
803 1022 926 1112 excepto
939 1043 1072 1113 peccato,
1095 1044 1129 1097 ut
1142 1038 1273 1116 aposto·

42 1134 95 1197 tus
116 1150 235 1212 proque
257 1133 312 1193 ait:
345 1131 409 1194 Pro
437 1133 635 1194 similitudine
656 1150 717 1212 per
745 1137 845 1195 omnic
870 1145 997 1214 practer
1020 1147 1190 1215 peccatum,
1218 1156 1276 1201 neo

43 1232 209 1297 divinitatis
231 1234 436 1306 mutationem,
460 1234 513 1294 sed
536 1233 726 1297 humanitatis
747 1234 966 1297 innovationem
982 1236 1104 1298 arbitrio
1118 1257 1175 1299 suo
1197 1241 1273 1302 ella·

42 1336 98 1409 cit,
119 1354 180 1415 quo
201 1345 303 1416 pectes
327 1334 445 1395 Christo
469 1335 705 1414 concorporales
728 1347 757 1397 et
779 1341 1006 1417 comparticipes
1029 1338 1144 1413 tierent,
1165 1358 1273 1419 quon-

41 1437 208 1501 adrnodum
231 1436 335 1498 scribit
355 1437 530 1514 Apostolus,
560 1446 650 1516 utque
677 1437 768 1498 bomo
791 1454 893 1499 revera
914 1437 994 1499 Deus
1016 1447 1047 1500 et
1067 1439 1147 1502 liena
1168 1460 1272 1504 revera

41 1540 139 1603 sono
160 1538 253 1610 locet,
282 1547 422 1616 essetque
442 1537 493 1598 ille
515 1556 584 1598 vere
607 1538 696 1599 homo
725 1547 753 1599 et
775 1556 843 1601 vere
865 1538 962 1613 Deus,
989 1557 1049 1601 non
1077 1540 1158 1620 quod
1180 1543 1356 1604 homousia.

39 1639 127 1723 εμὲ
145 1638 239 1700 ileum
262 1647 354 1709 esset,
377 1648 410 1700 ut
431 1658 485 1698 vos
508 1639 720 1701 calumniantes
735 1638 1033 1719 Cbrisdanommqus
1050 1642 1192 1720 mysterio
1212 1643 1269 1705 ob·

39 1748 208 1821 vectantes
229 1739 341 1812 dicitis,
370 1741 422 1802 sed
445 1741 524 1818 quod
546 1740 608 1801 [leo
633 1740 783 1820 unigenito
806 1741 965 1820 placuerit,
995 1743 1178 1822 plenitudine
1199 1763 1272 1807 suae

38 1841 206 1904 divinitatis
237 1840 386 1920 archetypi
414 1841 544 1903 bominis
574 1849 708 1903 naturam
736 1858 905 1920 novumque
932 1842 1082 1922 opificium
1116 1863 1152 1905 er
1184 1854 1272 1907 utero

39 1938 175 2021 Virginis
195 1942 226 2002 in
248 1941 350 2021 seipso
370 1961 425 2021 per
445 1942 607 2003 naturalem
630 1942 850 2020 generationem
873 1952 903 2004 et
923 1944 1158 2006 indissolubilem
1181 1947 1271 2007 um‘o·

38 2058 114 2107 nent
136 2052 314 2117 restaurare,
338 2052 370 2105 ut
392 2054 422 2104 et
442 2062 497 2123 pro
520 2044 694 2105 hominibus
709 2043 837 2105 salutare
858 2045 1010 2123 negotium
1032 2047 1199 2125 perliceret,
1221 2047 1271 2109 iu-

37 2160 103 2224 que
123 2145 279 2224 passione,
309 2153 405 2208 morte
433 2153 463 2215 et
489 2144 711 2207 resurrectione
739 2144 893 2205 bominum
921 2146 1136 2209 redemtionem
1166 2147 1271 2210 absol-

37 2254 137 2307 reret.

129 2658 160 2721 d.
204 2654 263 2716 Sed
285 2653 429 2715 obiicitis:
454 2653 506 2727 „Si
531 2653 629 2714 omnia
650 2653 781 2731 accepit,
802 2670 873 2713 sane
896 2659 927 2713 et
947 2652 1090 2713 bumanas
1112 2650 1269 2730 cogitatio·

37 2776 128 2833 „nes
150 2756 268 2829 babuit3
290 2756 476 2835 impossibile
498 2764 596 2817 autem
619 2762 667 2817 est
689 2755 825 2816 humanis
844 2753 1072 2833 cogitationibus
1089 2773 1149 2815 non
1170 2754 1271 2815 inesse

37 2867 241 2940 „moestum
263 2859 414 2936 quomodo
438 2857 526 2936 igitur
548 2857 684 2919 Cbristua
705 2856 818 2935 absque
839 2864 959 2935 peccato
982 2855 1088 2917 erit?“
1131 2856 1195 2916 lmo
1218 2874 1269 2916 re·

36 2960 189 3042 spondete
211 2976 265 3020 sos
290 2959 365 3038 ipsi:
389 2959 420 3019 Si
442 2959 615 3020 vitiosarum
637 2958 846 3037 cogitationum
863 2956 943 3018 Deris
957 2966 1073 3018 creator
1094 2956 1192 3027 luerit,
1215 2957 1270 3018 ad-

17 3061 223 3141 -iuegendum
245 3060 306 3121 lieo
329 3069 375 3122 est
396 3062 548 3140 proprium
571 3058 731 3138 opilicium,
758 3040 837 3120 venit
859 3059 937 3119 enim
961 3067 992 3120 ut
1013 3059 1169 3137 proprium
1192 3076 1270 3137 opus

38 3164 102 3229 sibi
125 3163 308 3242 adiungeret.
352 3162 411 3223 Sed
434 3181 470 3222 eo
493 3173 578 3242 pacto
601 3160 713 3222 iniusto
737 3178 810 3221 sane
827 3159 936 3221 iudicio
950 3168 1089 3240 pecmtor
1104 3146 1270 3221 damnatur,

37 3267 117 3330 Nam
139 3266 167 3327 si
187 3264 311 3326 vitiosas
340 3264 535 3344 cogitationes
564 3262 672 3324 crearit
692 3262 790 3332 Deus,
818 3260 888 3339 quid
918 3261 1070 3340 estquod
1099 3268 1270 3338 peccantem

38 3367 230 3435 oondeutnet,
253 3375 305 3428 aut
325 3372 375 3445 qul
395 3374 497 3444 potest
518 3364 612 3426 clleo
634 3362 804 3425 buitnmodi
820 3360 960 3423 iudicium
974 3359 1148 3441 proficisci?
1181 3360 1270 3434 Quod

37 3469 68 3532 si
89 3467 182 3530 soem
205 3477 361 3546 antequam
383 3466 436 3528 liei
459 3466 629 3528 mandatum
657 3463 915 3544 transgrederetur
942 3463 1090 3525 eiusmodi
1111 3463 1269 3543 cogitatio·

37 3569 132 3633 nibus
155 3569 303 3629 obnoxius
325 3568 394 3638 luit,
423 3573 475 3647 qul
497 3569 561 3629 lieri
581 3566 680 3647 potuit
702 3577 732 3628 ut
753 3566 867 3627 bonum
889 3575 920 3626 et
941 3565 1048 3627 malum
1072 3583 1131 3627 non
1154 3583 1269 3642 cogno-

36 3667 165 3734 sceret?
206 3666 293 3731 Certe
315 3673 419 3731 natura
441 3671 559 3748 guidem
589 3667 756 3740 rationalis,
790 3666 970 3745 cogitatione
999 3683 1070 3727 vcro
1097 3664 1173 3725 libor
1200 3664 1269 3724 mali

37 3771 253 3862 experientiam
275 3787 337 3831 non
359 3770 495 3843 habebat,
519 3771 674 3849 soliusque
694 3768 767 3830 boni
789 3767 893 3830 nautia
909 3767 1061 3846 praeditus
1078 3763 1163 3843 quasi
1177 3768 1269 3827 scias

73 3972 94 4007 a.
121 3957 221 4035 Sanguen
246 3956 343 4007 Gobler.
370 3965 394 4004 et
412 3955 516 4003 Frlclrm.
538 3955 560 4003 l.
584 3945 631 4000 lm
681 3953 732 4002 lior
751 3944 818 4000 itte
834 3947 924 4015 bireta
941 3952 1059 4001 habemur
1083 3951 1107 3999 in
1125 3949 1214 4010 spiod.
1232 3948 1269 3996 lll.

34 4019 85 4075 mai
102 4016 119 4071 ὅ
137 4024 287 4090 ανθρωπος
302 4008 319 4088 ᾖ
337 4017 402 4075 θεὸς
419 4013 536 4080 ἀληθῶς.
569 4011 630 4086 οὐχὶ
680 4020 771 4070 aet&
796 4019 883 4083 [Menai
902 4020 976 4069 Cone.
995 4018 1056 4067 coll.
1076 4016 1195 4066 'lomlll
1215 4030 1268 4079 pag.

35 4085 203 4161 beginas,
222 4092 320 4140 omissis
338 4092 496 4141 intermediis.
680 4085 761 4152 atti.

73 4160 183 4210 [lircil.
200 4153 247 4206 sci
264 4150 396 4223 ἄναλότφ.
425 4148 632 4220 Ιοισωεῆριν
714 4170 736 4217 g.
762 4156 802 4205 Sic
828 4155 927 4214 Seguer.
954 4152 1052 4203 Goblar.
1081 4159 1105 4200 et
1123 4149 1226 4200 teleto.
1246 4149 1269 4198 l.

34 4230 109 4279 deest
125 4229 151 4278 ia
167 4228 247 4287 editis,
266 4227 309 4276 red
328 4228 413 4287 legitor
432 4228 455 4274 in
473 4228 630 4286 Segueriano,
682 4231 753 4286 atque
772 4223 803 4271 ita
822 4222 879 4285 legit
895 4221 1011 4270 Neruius.
1046 4219 1108 4269 Editi
1132 4210 1271 4265 ἀδύνατον
1315 4244 1318 4248 ·

32 4296 130 4358 antae.
148 4296 247 4347 ociter.
266 4294 414 4361 wercum,
433 4294 454 4342 r.
482 4294 556 4342 eiuro
575 4299 631 4347 ioci
682 4285 713 4339 at
730 4275 764 4350 lv
779 4286 930 4354 tmepore.

33 4364 139 4427 Segaer.
159 4363 256 4414 Goblec.
282 4368 306 4410 et
324 4361 428 4410 Felclrm.
443 4362 464 4410 l.
489 4355 540 4419 τὴν
562 4351 630 4406 dno
716 4360 739 4406 b.
758 4361 849 4419 anglie.
866 4349 1058 4422 δημιουργίαν.
1095 4345 1213 4427 papissa
1224 4364 1271 4399 aa·

32 4425 175 4501 λύτρωσιν
197 4428 256 4478 τόν
281 4420 447 4496 ἀνθρώπων.
486 4428 548 4477 Editi
574 4438 630 4477 rere
682 4418 872 4482 ταδαάζουσα.
909 4424 1002 4473 lbidetu
1020 4425 1120 4484 segnes.
1134 4432 1270 4484 sperara-

32 4500 122 4555 etalii
140 4492 191 4559 τὴν
214 4491 356 4565 σωτηρίαν
378 4492 438 4545 τόν
459 4486 627 4563 &optinor-
681 4488 784 4557 γέσθιι
799 4485 858 4553 τήν.
896 4479 1237 4543 sensualitatibus.
