2948 5092
489 277 606 329 eorm
619 279 838 325 arouuxnuuorr
852 278 939 326 uuna
953 283 985 327 u.
1286 268 1348 334 915
1403 284 1404 287 ’

119 428 273 492 mentum!
296 448 314 490 o
337 429 439 490 insana
461 429 658 508 blasphemia!
701 431 805 492 [licant
826 451 861 493 ex
884 451 1009 511 quanam
1024 433 1175 514 Scriptura
1196 437 1432 514 depromtaeau'.

120 532 167 592 sit
189 532 245 592 ista
268 532 402 592 definitio
424 541 474 591 aut
494 532 594 611 potius
616 533 673 592 boc
688 515 795 594 diaboli
813 534 974 612 sophisma.
1010 535 1255 615 Quandoquidem
1272 537 1348 598 Pro·

122 632 213 711 pheta
235 631 320 692 dicit:
344 632 455 693 Frater
476 651 538 693 non
560 634 688 709 redimit,
711 634 836 695 redt'rnet
859 635 955 707 bomo,
978 644 1008 696 et
1029 636 1113 696 alibi:
1136 638 1175 699 Bt
1190 615 1276 700 bomo
1291 657 1350 700 na-

117 743 177 794 tue
200 743 244 794 est
266 737 299 793 in
321 751 364 802 eo,
388 742 417 793 et
439 739 502 813 ipae
522 735 667 812 fundauit
688 753 753 796 eum
775 736 958 797 ditissimus.
994 737 1052 808 Qut
1067 738 1130 798 fieri
1145 747 1246 817 potest
1260 739 1350 817 igitur

119 843 158 895 ut
180 833 306 894 Verbum
329 835 420 894 bomo
443 837 549 895 lactum
573 837 714 897 mundum
736 852 797 896 uon
820 838 960 910 redimat,
995 857 1060 914 oum
1089 839 1277 901 manifestum
1299 841 1348 914 sit,

122 937 155 997 in
178 954 234 1013 qua
257 945 360 996 natura
382 936 573 996 commissum
598 946 644 998 est
664 947 832 1016 peccatum,
854 939 884 998 in
907 958 940 999 ea
956 958 1075 1019 quoque
1093 940 1225 1001 extitisse
1239 941 1350 1019 gratiae

123 1035 371 1099 exuberantiam?
416 1037 566 1109 Quaenam
596 1047 693 1099 autem
727 1040 835 1118 gratiae
864 1040 1076 1102 exuberantia?
1111 1042 1190 1120 quod
1220 1037 1373 1103 Verbum*
1423 1045 1429 1048 “

120 1139 233 1199 lactum
257 1140 297 1199 sit
318 1139 425 1211 bomo,
449 1158 570 1200 manens
593 1150 690 1201 umen
712 1139 865 1214 Deus,'ut
887 1143 1026 1203 ethome
1049 1145 1157 1204 lactum
1180 1144 1258 1203 Deus
1281 1147 1347 1203 cre'·

120 1242 262 1313 deretur,
295 1242 540 1320 quemadmodum
575 1252 605 1303 et
627 1243 761 1304 Christus
790 1244 879 1304 homo
908 1263 974 1305 eum
1006 1244 1045 1305 sit
1066 1245 1145 1305 Deus
1170 1255 1269 1305 tamen
1291 1253 1348 1316 eat,

80 1353 82 1356 ’
122 1343 193 1422 quia
217 1361 283 1402 eum
306 1343 385 1403 Deus
409 1352 488 1404 esset
510 1346 602 1404 lactus
626 1346 800 1417 esthemo,
824 1354 852 1405 et
875 1346 904 1405 in
927 1345 1057 1404 bominis
1080 1322 1175 1406 torma
1198 1344 1347 1405 credenti·

123 1445 183 1505 bus
206 1445 330 1505 salutem
353 1445 495 1522 impertit.
539 1446 570 1506 Si
600 1446 677 1506 enim
707 1447 864 1507 [lominum
892 1448 990 1507 lesum
1023 1465 1075 1506 ore
1108 1453 1158 1506 tuo
1191 1447 1347 1507 consessus
1447 1499 1448 1503 ,

123 1546 239 1618 lucris,
263 1546 343 1606 etin
367 1547 529 1607 cordetuo
553 1547 729 1621 credideris,
752 1548 831 1625 quod
854 1547 933 1608 [leus
956 1547 1036 1608 illum
1060 1567 1094 1609 ex
1118 1548 1243 1609 mortuis
1266 1547 1347 1606 exei-

120 1647 203 1719 tarit,
227 1647 324 1708 salvus
347 1649 416 1707 eris.
460 1648 521 1707 Nex
537 1658 633 1708 autem
657 1628 794 1709 iulleum
810 1668 870 1710 non
887 1649 973 1721 cadit,
995 1649 1044 1728 qui
1059 1667 1114 1708 nec
1129 1648 1348 1709 resurrectione

124 1766 204 1826 opus
227 1748 324 1819 babet,
350 1749 402 1808 sed
426 1750 490 1826 ipse
514 1769 528 1808 a
551 1750 676 1810 mortuis
699 1752 815 1811 excitat.
860 1751 944 1811 Unde
959 1769 1081 1811 necesse
1099 1751 1164 1822 luit,
1187 1758 1219 1809 ut
1239 1747 1349 1827 aliquid

121 1850 205 1910 Deus
227 1849 358 1922 baberet,
381 1851 458 1929 quod
483 1869 537 1928 pro
561 1852 646 1913 nobis
669 1854 790 1913 ollerret
811 1853 918 1913 sivein
934 1860 1029 1913 morte
1045 1853 1154 1914 sivein
1175 1853 1249 1923 vita3
1272 1867 1347 1927 qua·
1447 1851 1461 1866 ³

122 1960 249 2030 propter
271 1951 409 2024 Verbum,
434 1953 511 2030 quod
535 1953 624 2013 bomo
648 1957 761 2014 lactum
777 1955 825 2025 eit,
854 1973 889 2015 eo
912 1954 1005 2032 magis
1029 1953 1153 2014 salutem
1177 1961 1326 2031 operatur.

212 2155 241 2217 8.
286 2154 343 2215 Sed
367 2155 473 2215 iterum
497 2155 643 2216 obiicitis:
678 2155 797 2234 „Ecqua
820 2157 934 2216 ratione
957 2165 1057 2234 potest
1079 2163 1196 2227 natura,
1220 2155 1348 2234 quaein

120 2301 143 2329 „
152 2255 368 2316 consuetudine
379 2256 491 2334 peccati
507 2257 583 2316 edita
596 2265 641 2317 est
653 2265 681 2317 et
692 2275 767 2336 quae
776 2258 887 2336 pcccati
900 2258 1121 2318 successionem
1139 2258 1262 2335 excepit,
1276 2257 1347 2316 abs-

122 2376 212 2435 „que
227 2367 347 2436 peceato
360 2358 451 2419 esse?
474 2361 552 2437 quod
565 2358 750 2436 impossibile
765 2378 830 2419 cum
844 2361 893 2431 sit,
911 2359 967 2419 erit
979 2359 1068 2436 igitur
1079 2358 1214 2418 Christus
1227 2365 1260 2417 ut
1273 2375 1350 2419 unus

119 2476 189 2531 „ex
206 2458 409 2518 bominibus.“
445 2459 523 2519 llaec
546 2468 573 2519 et
597 2460 726 2520 Marcion
749 2462 854 2531 sensit,
879 2461 953 2520 banc
974 2468 1003 2519 et
1025 2460 1212 2520 Manichacus
1235 2457 1351 2519 induxit

119 2560 310 2630 sententiam,
324 2561 372 2638 qui
385 2579 502 2621 carnem
515 2560 644 2620 hominis
657 2563 809 2640 ipsamque
825 2562 1044 2640 generationem
1057 2560 1113 2620 sub
1125 2559 1251 2620 malitiae
1262 2558 1432 2637 prin-§.em

121 2661 190 2738 cipe
213 2660 373 2733 constituit,
397 2661 512 2740 ipsique
535 2662 735 2723 Dominatoris
756 2662 873 2723 titulum
895 2663 1061 2742 adscripsit,
1085 2681 1150 2722 cum
1173 2681 1264 2740 aquo
1281 2662 1348 2740 quis

121 2762 219 2822 victus
236 2771 291 2835 est,
315 2763 446 2823 eiusdem
469 2773 498 2823 et
521 2783 623 2824 servus
645 2764 794 2825 reddatur.
839 2764 950 2825 Horum
967 2763 1142 2824 sententiam
1158 2782 1212 2823 vos
1231 2778 1350 2842 quoque

122 2864 286 2935 renovatis,
309 2863 377 2923 dum
401 2865 515 2925 diversa
532 2866 646 2925 ratione
662 2865 843 2944 spiritualem
857 2866 987 2926 bominis
1001 2876 1145 2937 neutram,
1164 2884 1238 2944 quae
1253 2865 1350 2937 anima

121 2983 194 3027 esse
211 2964 392 3044 intelligitur,
409 2986 465 3027 una
482 2967 522 3027 illi
539 2967 695 3040 subiicitiS,
714 2986 801 3045 quam
817 2986 876 3027 uon
894 2986 982 3045 posse
1004 2976 1156 3045 peccatum
1172 2967 1264 3027 vitare
1286 2973 1350 3024 sta-

123 3065 219 3138 tuitis,
242 3077 510 3145 quantumcumque
528 3069 644 3128 tandem
668 3069 794 3129 animam
818 3068 961 3130 carnalem
986 3087 1054 3128 esse
1077 3068 1221 3128 scribatis.
1266 3066 1350 3127 Unde

122 3177 224 3228 autem
248 3169 321 3228 baec
343 3169 503 3230 didiceritis
526 3171 642 3247 ignoro.
666 3189 732 3230 eum
755 3189 850 3248 neque
872 3172 901 3231 in
925 3171 1018 3230 sacris
1034 3169 1193 3247 Scripturis
1209 3186 1305 3246 neque
1321 3168 1351 3226 iu

123 3268 240 3346 vulgata
263 3255 421 3330 bominum
435 3271 586 3330 sententia
609 3271 638 3329 id
654 3271 833 3341 admittatur,
857 3271 983 3331 Domino
1006 3271 1137 3331 dicente:
1161 3268 1205 3329 Ne
1224 3271 1351 3329 timeatis

123 3372 164 3432 ob
187 3376 240 3442 iia,
271 3376 323 3452 put
343 3374 481 3433 occidunt
511 3391 637 3452 corpus,
671 3376 801 3433 om'mam
835 3384 933 3435 autem
961 3380 1179 3451 neuportum
1208 3372 1350 3432 occidere.

123 3473 213 3551 Atqui
237 3474 262 3533 si
285 3473 409 3534 earnalis
433 3481 478 3533 est
499 3473 612 3546 anima,
643 3482 675 3534 ut
697 3481 794 3534 vestra
818 3475 874 3534 lert
896 3472 1013 3552 opinio,
1048 3491 1101 3533 cur
1117 3489 1181 3532 non
1205 3490 1263 3531 uua
1286 3488 1352 3532 cum

123 3593 253 3652 corpore
276 3575 403 3635 moritur
426 3584 455 3635 et
475 3574 575 3653 perit?
619 3576 656 3635 Et
678 3595 731 3637 cur
754 3575 860 3637 Petrus
883 3575 995 3636 animas
1018 3575 1047 3633 iu
1071 3574 1187 3634 interno
1218 3571 1351 3630 detentas

124 3675 251 3754 spiritus
275 3694 384 3735 vocaus
407 3675 460 3736 ait:
485 3677 572 3751 Abiit,
596 3688 631 3737 ut
653 3682 690 3738 iis
716 3683 769 3758 pui
788 3683 821 3738 ia
845 3694 966 3737 carcere
988 3675 1102 3736 inclusi
1121 3674 1352 3750 erontspiriti-

123 3829 178 3877 blox
197 3829 296 3888 Seguer.
316 3830 412 3877 Gobler.
433 3836 455 3877 et
474 3830 577 3877 lelclrm.
594 3831 616 3877 1.
635 3822 714 3884 σώζει
799 3845 820 3889 g.
841 3828 937 3877 Gobler.
957 3837 979 3877 et
997 3827 1101 3875 Felclxm.
1114 3825 1135 3873 l.
1155 3814 1242 3886 τούτῳ
1261 3812 1353 3869 dedori-

123 3889 139 3942 ri
158 3889 246 3958 λόγος.
286 3897 347 3944 Editi
366 3912 420 3945 nero
440 3893 520 3944 etalii
540 3889 617 3952 σώζει
631 3889 644 3941 ὁ
652 3910 714 3963 let·
764 3892 856 3942 lurae.

122 3955 197 4014 στός.
801 3966 824 4011 b.
843 3962 914 4011 basil.
940 3951 1161 4008 ἆποκιενιόντων.
1207 3956 1304 4008 Gobler.
1329 3960 1356 4004 et

160 4048 181 4079 e.
202 4031 290 4091 duplic.
311 4033 409 4092 Seguer.
429 4031 526 4080 Goblcr.
542 4029 680 4078 etlelclm.
694 4031 714 4077 l.
768 4020 1134 4079 l'elclm.l.o'rnoxrevdt¹1orr.
1173 4025 1205 4073 ld
1225 4036 1295 4087 quem
1315 4022 1353 4070 lo·

123 4094 267 4163 δεξαμένη.
296 4091 553 4160 lloxSogtxer.e”ornc
571 4084 627 4143 adr.
655 4098 714 4145 lbid.
769 4114 821 4146 enm
841 4106 908 4146 notat
925 4089 1115 4159 Δοξαπατρνίςι
1139 4091 1220 4139 τοῦτο
1238 4088 1354 4166 Aptero-

123 4168 226 4226 Seguer.
247 4168 344 4215 notter.
365 4174 387 4214 et
406 4167 543 4215 Felclxm.l.
561 4160 606 4211 καὶ
624 4157 716 4228 ὁΧριε
768 4162 844 4223 rdine
868 4160 956 4228 ληρεῖ,
984 4155 1128 4225 ἐνδελεχῶς
1151 4168 1355 4224 σωματοποιων

124 4227 200 4285 στός.
239 4235 300 4283 Editi
320 4245 343 4282 ct
362 4235 402 4282 alii
421 4250 478 4282 mss.
500 4227 544 4279 καὶ
564 4225 578 4278 ὁ
596 4224 661 4284 υἱός.
767 4229 818 4285 τὰς
846 4229 945 4296 poprie.
993 4231 1044 4277 llox
1074 4232 1173 4289 Seguer.
1204 4226 1301 4301 Gobler.
1326 4224 1356 4272 'et

77 4293 85 4310 ’
161 4303 177 4350 l.
203 4304 301 4362 Segurr.
326 4295 490 4366 εἰςηγάγετο.
529 4302 589 4348 Editi
613 4315 668 4348 vcro
693 4307 717 4348 et
768 4301 910 4349 lidelmi.
934 4297 992 4349 πῶς
1018 4289 1163 4360 ἧσαρκαὴ
1182 4297 1265 4358 ψνχη.
1302 4291 1355 4340 blox

123 4370 167 4418 alii
185 4361 355 4433 eirnyu'ooeo.
397 4372 448 4418 llox
466 4371 565 4430 Seguer.
584 4369 681 4417 Gobler.
693 4375 717 4415 ct
768 4368 839 4417 llasil.
860 4360 891 4413 od
909 4362 1029 4424 θνήσκει.

123 4437 231 4487 Felclrm.
252 4439 274 4486 l.
299 4433 350 4497 τὴν
373 4434 507 4502 γέννησιν.
546 4437 608 4484 Editi
634 4434 715 4484 etalii
802 4436 816 4483 i.
841 4435 940 4496 Seguer.
964 4426 995 4480 ἐν
1018 4425 1095 4494 ᾅδου.
1141 4430 1200 4480 lbid
1218 4426 1291 4480 flacit.
1309 4438 1355 4473 κα·

118 4498 176 4564 τὴν
191 4501 307 4570 γένεσιν.
360 4526 366 4537 ·
766 4497 951 4568 ταδεχομένας
965 4493 1066 4565 mdc.
1110 4580 1151 4634 δ’

652 4584 656 4595 ”
1093 4584 1108 4633 5
