<?xml version="1.0" encoding="UTF-8"?>
<!DOCTYPE html PUBLIC "-//W3C//DTD XHTML 1.0 Transitional//EN"
    "http://www.w3.org/TR/xhtml1/DTD/xhtml1-transitional.dtd">
<html xmlns="http://www.w3.org/1999/xhtml" xml:lang="en" lang="en">
 <head>
  <title>
</title>
<meta http-equiv="Content-Type" content="text/html;charset=utf-8" />
  <meta name='ocr-system' content='tesseract 3.04.00' />
  <meta name='ocr-capabilities' content='ocr_page ocr_carea ocr_par ocr_line ocrx_word'/>
</head>
<body>
  <div class='ocr_page' id='page_1' title='image "./sanctiathanasii02athagoog_0026.png"; bbox 0 0 2948 5092; ppageno 0'>
   <div class='ocr_carea' id='block_1_1' title="bbox 579 254 1284 337">
    <p class='ocr_par' dir='ltr' id='par_1_1' title="bbox 579 254 1284 337">
     <span class='ocr_line' id='line_1_1' title="bbox 579 254 1284 337; baseline 0.006 -20"><span class='ocrx_word' id='word_1_1' title='bbox 579 254 765 319; x_wconf 57' lang='grc' dir='ltr'>ιιιιιιιιοι</span> <span class='ocrx_word' id='word_1_2' title='bbox 1242 269 1284 337; x_wconf 68' lang='grc' dir='ltr'>ω</span> 
     </span>
    </p>
   </div>
   <div class='ocr_carea' id='block_1_2' title="bbox 10 419 1389 4626">
    <p class='ocr_par' dir='ltr' id='par_1_2' title="bbox 10 419 1389 4626">
     <span class='ocr_line' id='line_1_2' title="bbox 68 419 1278 514; baseline 0.007 -29"><span class='ocrx_word' id='word_1_3' title='bbox 68 421 216 485; x_wconf 66' lang='lat' dir='ltr'><strong>suadas</strong></span> <span class='ocrx_word' id='word_1_4' title='bbox 230 420 409 493; x_wconf 74' lang='lat' dir='ltr'><strong>resarum,</strong></span> <span class='ocrx_word' id='word_1_5' title='bbox 431 429 466 483; x_wconf 91' lang='grc' dir='ltr'><strong>ιιι</strong></span> <span class='ocrx_word' id='word_1_6' title='bbox 479 419 664 501; x_wconf 68' lang='lat' dir='ltr'>Epiphanius</span> <span class='ocrx_word' id='word_1_7' title='bbox 680 430 710 486; x_wconf 89' lang='lat' dir='ltr'><strong>et</strong></span> <span class='ocrx_word' id='word_1_8' title='bbox 724 421 950 501; x_wconf 82' lang='lat' dir='ltr'><strong>&#39;l&#39;baodoratus3</strong></span> <span class='ocrx_word' id='word_1_9' title='bbox 970 435 1021 491; x_wconf 90' lang='lat' dir='ltr'><strong>aut</strong></span> <span class='ocrx_word' id='word_1_10' title='bbox 1041 436 1147 493; x_wconf 78' lang='lat' dir='ltr'><strong>canna</strong></span> <span class='ocrx_word' id='word_1_11' title='bbox 1168 432 1278 514; x_wconf 86' lang='lat' dir='ltr'><strong>singu-</strong></span> 
     </span>
     <span class='ocr_line' id='line_1_3' title="bbox 66 521 1280 613; baseline 0.012 -30"><span class='ocrx_word' id='word_1_12' title='bbox 66 523 97 583; x_wconf 84' lang='lat' dir='ltr'><strong>las</strong></span> <span class='ocrx_word' id='word_1_13' title='bbox 115 521 255 602; x_wconf 75' lang='lat' dir='ltr'><strong>qoesdam</strong></span> <span class='ocrx_word' id='word_1_14' title='bbox 269 521 414 585; x_wconf 68' lang='lat' dir='ltr'><strong>moene</strong></span> <span class='ocrx_word' id='word_1_15' title='bbox 428 522 665 602; x_wconf 82' lang='lat' dir='ltr'><strong>disputaverunt,</strong></span> <span class='ocrx_word' id='word_1_16' title='bbox 689 542 764 604; x_wconf 86' lang='lat' dir='ltr'><strong>quac</strong></span> <span class='ocrx_word' id='word_1_17' title='bbox 785 543 876 588; x_wconf 88' lang='lat' dir='ltr'><strong>ansas</strong></span> <span class='ocrx_word' id='word_1_18' title='bbox 896 545 959 589; x_wconf 90' lang='lat' dir='ltr'><strong>nou</strong></span> <span class='ocrx_word' id='word_1_19' title='bbox 973 527 1083 591; x_wconf 88' lang='lat' dir='ltr'><strong>dabant</strong></span> <span class='ocrx_word' id='word_1_20' title='bbox 1102 531 1140 593; x_wconf 89' lang='lat' dir='ltr'><strong>ad</strong></span> <span class='ocrx_word' id='word_1_21' title='bbox 1162 543 1280 613; x_wconf 73' lang='lat' dir='ltr'><strong>myste-</strong></span> 
     </span>
     <span class='ocr_line' id='line_1_4' title="bbox 65 621 1279 706; baseline 0.011 -21"><span class='ocrx_word' id='word_1_22' title='bbox 65 624 96 685; x_wconf 87' lang='lat' dir='ltr'><strong>ria</strong></span> <span class='ocrx_word' id='word_1_23' title='bbox 107 622 173 684; x_wconf 84' lang='lat' dir='ltr'><strong>lidei</strong></span> <span class='ocrx_word' id='word_1_24' title='bbox 193 621 337 685; x_wconf 90' lang='lat' dir='ltr'><strong>subtilius</strong></span> <span class='ocrx_word' id='word_1_25' title='bbox 351 622 534 702; x_wconf 82' lang='lat' dir='ltr'><strong>explicanda,</strong></span> <span class='ocrx_word' id='word_1_26' title='bbox 556 623 805 703; x_wconf 83' lang='lat' dir='ltr'><strong>quemadmodum</strong></span> <span class='ocrx_word' id='word_1_27' title='bbox 819 627 939 689; x_wconf 89' lang='lat' dir='ltr'><strong>saeculo</strong></span> <span class='ocrx_word' id='word_1_28' title='bbox 960 637 1065 706; x_wconf 84' lang='lat' dir='ltr'><strong>quarto</strong></span> <span class='ocrx_word' id='word_1_29' title='bbox 1079 630 1279 701; x_wconf 76' lang='lat' dir='ltr'><strong>Alexandrum</strong></span> 
     </span>
     <span class='ocr_line' id='line_1_5' title="bbox 63 723 1279 814; baseline 0.011 -29"><span class='ocrx_word' id='word_1_30' title='bbox 63 723 262 805; x_wconf 70' lang='lat' dir='ltr'><strong>lycopolitam,</strong></span> <span class='ocrx_word' id='word_1_31' title='bbox 285 723 442 803; x_wconf 74' lang='lat' dir='ltr'><strong>Didymum</strong></span> <span class='ocrx_word' id='word_1_32' title='bbox 463 723 703 800; x_wconf 76' lang='lat' dir='ltr'><strong>Alexandrinam,</strong></span> <span class='ocrx_word' id='word_1_33' title='bbox 726 726 826 790; x_wconf 85' lang='lat' dir='ltr'><strong>Titum</strong></span> <span class='ocrx_word' id='word_1_34' title='bbox 847 727 1058 803; x_wconf 82' lang='lat' dir='ltr'><strong>bostrensem,</strong></span> <span class='ocrx_word' id='word_1_35' title='bbox 1081 730 1279 814; x_wconf 86' lang='lat' dir='ltr'><strong>Serapionem</strong></span> 
     </span>
     <span class='ocr_line' id='line_1_6' title="bbox 62 823 1175 906; baseline 0.006 -19"><span class='ocrx_word' id='word_1_36' title='bbox 62 823 198 888; x_wconf 74' lang='lat' dir='ltr'><strong>lineus</strong></span> <span class='ocrx_word' id='word_1_37' title='bbox 222 825 400 906; x_wconf 84' lang='lat' dir='ltr'><strong>episcopum</strong></span> <span class='ocrx_word' id='word_1_38' title='bbox 422 824 455 888; x_wconf 91' lang='lat' dir='ltr'><strong>in</strong></span> <span class='ocrx_word' id='word_1_39' title='bbox 473 825 664 889; x_wconf 87' lang='lat' dir='ltr'><strong>llaulobaeos</strong></span> <span class='ocrx_word' id='word_1_40' title='bbox 685 827 828 891; x_wconf 86' lang='lat' dir='ltr'><strong>calamum</strong></span> <span class='ocrx_word' id='word_1_41' title='bbox 850 829 1009 892; x_wconf 72' lang='lat' dir='ltr'><strong>strinxisse</strong></span> <span class='ocrx_word' id='word_1_42' title='bbox 1030 830 1175 895; x_wconf 86' lang='lat' dir='ltr'><strong>videmus.</strong></span> 
     </span>
     <span class='ocr_line' id='line_1_7' title="bbox 126 924 1300 1010; baseline 0.009 -23"><span class='ocrx_word' id='word_1_43' title='bbox 126 924 233 1006; x_wconf 77' lang='lat' dir='ltr'><strong>Neque</strong></span> <span class='ocrx_word' id='word_1_44' title='bbox 247 935 359 999; x_wconf 72' lang='lat' dir='ltr'><strong>umen,</strong></span> <span class='ocrx_word' id='word_1_45' title='bbox 375 934 410 988; x_wconf 91' lang='lat' dir='ltr'><strong>ut</strong></span> <span class='ocrx_word' id='word_1_46' title='bbox 423 925 621 1006; x_wconf 81' lang='lat' dir='ltr'><strong>significatum</strong></span> <span class='ocrx_word' id='word_1_47' title='bbox 635 934 690 1000; x_wconf 86' lang='lat' dir='ltr'><strong>est,</strong></span> <span class='ocrx_word' id='word_1_48' title='bbox 707 929 806 992; x_wconf 87' lang='lat' dir='ltr'><strong>omnia</strong></span> <span class='ocrx_word' id='word_1_49' title='bbox 821 931 932 1010; x_wconf 89' lang='lat' dir='ltr'><strong>scripta</strong></span> <span class='ocrx_word' id='word_1_50' title='bbox 953 931 1111 994; x_wconf 88' lang='lat' dir='ltr'><strong>doctorum</strong></span> <span class='ocrx_word' id='word_1_51' title='bbox 1132 934 1278 999; x_wconf 89' lang='lat' dir='ltr'><strong>ecelesiae</strong></span> <span class='ocrx_word' id='word_1_52' title='bbox 1297 952 1300 957; x_wconf 83' lang='grc'><strong>’</strong></span> 
     </span>
     <span class='ocr_line' id='line_1_8' title="bbox 59 1026 1278 1110; baseline 0.009 -22"><span class='ocrx_word' id='word_1_53' title='bbox 59 1027 211 1106; x_wconf 61' lang='lat' dir='ltr'><strong>mica</strong></span> <span class='ocrx_word' id='word_1_54' title='bbox 233 1039 265 1091; x_wconf 82' lang='lat' dir='ltr'><strong>et</strong></span> <span class='ocrx_word' id='word_1_55' title='bbox 284 1028 435 1110; x_wconf 74' lang='lat' dir='ltr'><strong>polentiae</strong></span> <span class='ocrx_word' id='word_1_56' title='bbox 456 1027 487 1089; x_wconf 90' lang='lat' dir='ltr'><strong>in</strong></span> <span class='ocrx_word' id='word_1_57' title='bbox 507 1026 716 1092; x_wconf 84' lang='lat' dir='ltr'><strong>bibliothecam</strong></span> <span class='ocrx_word' id='word_1_58' title='bbox 746 1029 915 1109; x_wconf 89' lang='lat' dir='ltr'><strong>recipienda</strong></span> <span class='ocrx_word' id='word_1_59' title='bbox 942 1031 1022 1093; x_wconf 84' lang='lat' dir='ltr'><strong>duni.</strong></span> <span class='ocrx_word' id='word_1_60' title='bbox 1066 1032 1278 1110; x_wconf 88' lang='lat' dir='ltr'><strong>Commemorp</strong></span> 
     </span>
     <span class='ocr_line' id='line_1_9' title="bbox 59 1128 1276 1210; baseline 0.007 -21"><span class='ocrx_word' id='word_1_61' title='bbox 59 1147 85 1189; x_wconf 86' lang='grc' dir='ltr'><strong>ιι</strong></span> <span class='ocrx_word' id='word_1_62' title='bbox 101 1128 148 1190; x_wconf 87' lang='lat' dir='ltr'><strong>his</strong></span> <span class='ocrx_word' id='word_1_63' title='bbox 168 1128 405 1208; x_wconf 80' lang='lat' dir='ltr'><strong>praetermissas</strong></span> <span class='ocrx_word' id='word_1_64' title='bbox 426 1147 443 1191; x_wconf 92' lang='lat' dir='ltr'><strong>a</strong></span> <span class='ocrx_word' id='word_1_65' title='bbox 467 1147 515 1191; x_wconf 88' lang='lat' dir='ltr'><strong>ma</strong></span> <span class='ocrx_word' id='word_1_66' title='bbox 536 1128 635 1208; x_wconf 80' lang='lat' dir='ltr'><strong>Cyrilli</strong></span> <span class='ocrx_word' id='word_1_67' title='bbox 660 1129 922 1210; x_wconf 82' lang='lat' dir='ltr'><strong>lllerosolpmitani</strong></span> <span class='ocrx_word' id='word_1_68' title='bbox 944 1131 1121 1195; x_wconf 81' lang='lat' dir='ltr'><strong>Catecheses</strong></span> <span class='ocrx_word' id='word_1_69' title='bbox 1150 1138 1276 1199; x_wconf 80' lang='lat' dir='ltr'><strong>octode-</strong></span> 
     </span>
     <span class='ocr_line' id='line_1_10' title="bbox 56 1229 1275 1316; baseline 0.007 -26"><span class='ocrx_word' id='word_1_70' title='bbox 56 1230 99 1290; x_wconf 83' lang='grc' dir='ltr'><strong>ιιι</strong></span> <span class='ocrx_word' id='word_1_71' title='bbox 119 1229 156 1291; x_wconf 86' lang='lat' dir='ltr'><strong>ad</strong></span> <span class='ocrx_word' id='word_1_72' title='bbox 188 1238 400 1309; x_wconf 72' lang='lat' dir='ltr'><strong>competentes</strong></span> <span class='ocrx_word' id='word_1_73' title='bbox 433 1229 497 1293; x_wconf 87' lang='lat' dir='ltr'><strong>sire</strong></span> <span class='ocrx_word' id='word_1_74' title='bbox 528 1230 776 1305; x_wconf 84' lang='lat' dir='ltr'><strong>catechumenos,</strong></span> <span class='ocrx_word' id='word_1_75' title='bbox 809 1232 840 1294; x_wconf 89' lang='lat' dir='ltr'><strong>io</strong></span> <span class='ocrx_word' id='word_1_76' title='bbox 872 1232 979 1310; x_wconf 89' lang='lat' dir='ltr'><strong>quibus</strong></span> <span class='ocrx_word' id='word_1_77' title='bbox 1002 1233 1028 1294; x_wconf 92' lang='lat' dir='ltr'><strong>is</strong></span> <span class='ocrx_word' id='word_1_78' title='bbox 1050 1233 1181 1312; x_wconf 89' lang='lat' dir='ltr'><strong>quidem,</strong></span> <span class='ocrx_word' id='word_1_79' title='bbox 1214 1256 1275 1316; x_wconf 87' lang='lat' dir='ltr'><strong>quo</strong></span> 
     </span>
     <span class='ocr_line' id='line_1_11' title="bbox 58 1330 1276 1413; baseline 0.007 -24"><span class='ocrx_word' id='word_1_80' title='bbox 58 1339 178 1409; x_wconf 77' lang='lat' dir='ltr'><strong>tenpore</strong></span> <span class='ocrx_word' id='word_1_81' title='bbox 199 1330 371 1411; x_wconf 77' lang='lat' dir='ltr'><strong>presbytcri</strong></span> <span class='ocrx_word' id='word_1_82' title='bbox 386 1346 509 1392; x_wconf 87' lang='lat' dir='ltr'><strong>munere</strong></span> <span class='ocrx_word' id='word_1_83' title='bbox 531 1330 716 1410; x_wconf 79' lang='lat' dir='ltr'><strong>tangebatur,</strong></span> <span class='ocrx_word' id='word_1_84' title='bbox 739 1351 844 1396; x_wconf 88' lang='lat' dir='ltr'><strong>omnes</strong></span> <span class='ocrx_word' id='word_1_85' title='bbox 858 1332 1000 1395; x_wconf 88' lang='lat' dir='ltr'><strong>articulos</strong></span> <span class='ocrx_word' id='word_1_86' title='bbox 1022 1334 1148 1413; x_wconf 79' lang='lat' dir='ltr'><strong>symboli</strong></span> <span class='ocrx_word' id='word_1_87' title='bbox 1163 1336 1276 1398; x_wconf 89' lang='lat' dir='ltr'><strong>lliero-</strong></span> 
     </span>
     <span class='ocr_line' id='line_1_12' title="bbox 57 1431 1277 1517; baseline 0.008 -26"><span class='ocrx_word' id='word_1_88' title='bbox 57 1432 213 1510; x_wconf 72' lang='lat' dir='ltr'><strong>solymitani</strong></span> <span class='ocrx_word' id='word_1_89' title='bbox 236 1431 414 1511; x_wconf 73' lang='lat' dir='ltr'><strong>copiosiore</strong></span> <span class='ocrx_word' id='word_1_90' title='bbox 434 1448 584 1505; x_wconf 86' lang='lat' dir='ltr'><strong>sermone,</strong></span> <span class='ocrx_word' id='word_1_91' title='bbox 608 1441 641 1494; x_wconf 93' lang='lat' dir='ltr'><strong>ut</strong></span> <span class='ocrx_word' id='word_1_92' title='bbox 660 1432 786 1507; x_wconf 87' lang='lat' dir='ltr'><strong>ridetur,</strong></span> <span class='ocrx_word' id='word_1_93' title='bbox 809 1433 999 1514; x_wconf 75' lang='lat' dir='ltr'><strong>extemporali</strong></span> <span class='ocrx_word' id='word_1_94' title='bbox 1022 1437 1161 1514; x_wconf 80' lang='lat' dir='ltr'><strong>exposuit</strong></span> <span class='ocrx_word' id='word_1_95' title='bbox 1181 1456 1277 1517; x_wconf 89' lang='lat' dir='ltr'><strong>eaque</strong></span> 
     </span>
     <span class='ocr_line' id='line_1_13' title="bbox 57 1531 1276 1615; baseline 0.004 -21"><span class='ocrx_word' id='word_1_96' title='bbox 57 1534 160 1595; x_wconf 84' lang='lat' dir='ltr'><strong>ndonc</strong></span> <span class='ocrx_word' id='word_1_97' title='bbox 181 1532 344 1612; x_wconf 85' lang='lat' dir='ltr'><strong>praecipua</strong></span> <span class='ocrx_word' id='word_1_98' title='bbox 365 1531 518 1594; x_wconf 73' lang='lat' dir='ltr'><strong>damnose</strong></span> <span class='ocrx_word' id='word_1_99' title='bbox 538 1533 717 1596; x_wconf 78' lang='lat' dir='ltr'><strong>christianae</strong></span> <span class='ocrx_word' id='word_1_100' title='bbox 737 1534 832 1615; x_wconf 88' lang='lat' dir='ltr'><strong>capita</strong></span> <span class='ocrx_word' id='word_1_101' title='bbox 854 1543 1029 1614; x_wconf 88' lang='lat' dir='ltr'><strong>persecutus</strong></span> <span class='ocrx_word' id='word_1_102' title='bbox 1045 1545 1101 1598; x_wconf 84' lang='lat' dir='ltr'><strong>est</strong></span> <span class='ocrx_word' id='word_1_103' title='bbox 1146 1537 1276 1600; x_wconf 85' lang='lat' dir='ltr'><strong>Verum·</strong></span> 
     </span>
     <span class='ocr_line' id='line_1_14' title="bbox 10 1634 1276 1716; baseline 0.004 -21"><span class='ocrx_word' id='word_1_104' title='bbox 10 1678 12 1685; x_wconf 83' lang='grc'>.</span> <span class='ocrx_word' id='word_1_105' title='bbox 58 1644 140 1697; x_wconf 79' lang='lat' dir='ltr'><strong>tamen</strong></span> <span class='ocrx_word' id='word_1_106' title='bbox 172 1652 240 1696; x_wconf 87' lang='lat' dir='ltr'><strong>non</strong></span> <span class='ocrx_word' id='word_1_107' title='bbox 271 1641 332 1695; x_wconf 88' lang='lat' dir='ltr'><strong>tam</strong></span> <span class='ocrx_word' id='word_1_108' title='bbox 355 1641 457 1697; x_wconf 80' lang='lat' dir='ltr'><strong>exacte</strong></span> <span class='ocrx_word' id='word_1_109' title='bbox 477 1645 509 1696; x_wconf 91' lang='lat' dir='ltr'><strong>et</strong></span> <span class='ocrx_word' id='word_1_110' title='bbox 540 1653 661 1714; x_wconf 87' lang='lat' dir='ltr'><strong>presse,</strong></span> <span class='ocrx_word' id='word_1_111' title='bbox 695 1654 783 1716; x_wconf 88' lang='lat' dir='ltr'><strong>quam</strong></span> <span class='ocrx_word' id='word_1_112' title='bbox 806 1636 836 1697; x_wconf 92' lang='lat' dir='ltr'><strong>in</strong></span> <span class='ocrx_word' id='word_1_113' title='bbox 864 1634 988 1700; x_wconf 90' lang='lat' dir='ltr'><strong>eruditis</strong></span> <span class='ocrx_word' id='word_1_114' title='bbox 1020 1635 1276 1716; x_wconf 87' lang='lat' dir='ltr'><strong>disputationibus</strong></span> 
     </span>
     <span class='ocr_line' id='line_1_15' title="bbox 57 1734 1275 1817; baseline 0.002 -20"><span class='ocrx_word' id='word_1_115' title='bbox 57 1736 106 1797; x_wconf 80' lang='lat' dir='ltr'><strong>iul</strong></span> <span class='ocrx_word' id='word_1_116' title='bbox 137 1736 235 1809; x_wconf 85' lang='lat' dir='ltr'><strong>salet,</strong></span> <span class='ocrx_word' id='word_1_117' title='bbox 270 1736 308 1796; x_wconf 91' lang='lat' dir='ltr'><strong>de</strong></span> <span class='ocrx_word' id='word_1_118' title='bbox 329 1734 519 1814; x_wconf 69' lang='lat' dir='ltr'><strong>dogmatibus</strong></span> <span class='ocrx_word' id='word_1_119' title='bbox 552 1736 726 1817; x_wconf 76' lang='lat' dir='ltr'><strong>theologicis</strong></span> <span class='ocrx_word' id='word_1_120' title='bbox 758 1737 920 1810; x_wconf 85' lang='lat' dir='ltr'><strong>disseruit,</strong></span> <span class='ocrx_word' id='word_1_121' title='bbox 948 1736 1002 1799; x_wconf 91' lang='lat' dir='ltr'><strong>sed</strong></span> <span class='ocrx_word' id='word_1_122' title='bbox 1025 1746 1059 1798; x_wconf 91' lang='lat' dir='ltr'><strong>ut</strong></span> <span class='ocrx_word' id='word_1_123' title='bbox 1079 1755 1129 1801; x_wconf 90' lang='lat' dir='ltr'><strong>res</strong></span> <span class='ocrx_word' id='word_1_124' title='bbox 1151 1738 1275 1813; x_wconf 88' lang='lat' dir='ltr'><strong>larebat,</strong></span> 
     </span>
     <span class='ocr_line' id='line_1_16' title="bbox 10 1834 1275 1921; baseline 0.004 -24"><span class='ocrx_word' id='word_1_125' title='bbox 10 1914 12 1921; x_wconf 28' lang='grc' dir='ltr'>Ι</span> <span class='ocrx_word' id='word_1_126' title='bbox 57 1854 132 1913; x_wconf 79' lang='lat' dir='ltr'><strong>unum</strong></span> <span class='ocrx_word' id='word_1_127' title='bbox 154 1834 342 1915; x_wconf 79' lang='lat' dir='ltr'><strong>explanatius</strong></span> <span class='ocrx_word' id='word_1_128' title='bbox 370 1844 433 1899; x_wconf 88' lang='lat' dir='ltr'><strong>tum</strong></span> <span class='ocrx_word' id='word_1_129' title='bbox 462 1837 551 1899; x_wconf 89' lang='lat' dir='ltr'><strong>etiarn</strong></span> <span class='ocrx_word' id='word_1_130' title='bbox 579 1838 674 1901; x_wconf 91' lang='lat' dir='ltr'><strong>iusius</strong></span> <span class='ocrx_word' id='word_1_131' title='bbox 697 1846 727 1900; x_wconf 92' lang='lat' dir='ltr'><strong>et</strong></span> <span class='ocrx_word' id='word_1_132' title='bbox 748 1837 783 1899; x_wconf 93' lang='lat' dir='ltr'><strong>ad</strong></span> <span class='ocrx_word' id='word_1_133' title='bbox 807 1856 963 1900; x_wconf 89' lang='lat' dir='ltr'><strong>commune</strong></span> <span class='ocrx_word' id='word_1_134' title='bbox 984 1836 1125 1900; x_wconf 89' lang='lat' dir='ltr'><strong>iudicium</strong></span> <span class='ocrx_word' id='word_1_135' title='bbox 1146 1839 1275 1919; x_wconf 89' lang='lat' dir='ltr'><strong>popula-</strong></span> 
     </span>
     <span class='ocr_line' id='line_1_17' title="bbox 10 1936 1276 2029; baseline 0.004 -32"><span class='ocrx_word' id='word_1_136' title='bbox 10 1978 14 2029; x_wconf 77' lang='lat'><strong>².</strong></span> <span class='ocrx_word' id='word_1_137' title='bbox 58 1954 165 2015; x_wconf 84' lang='lat' dir='ltr'><strong>nmque</strong></span> <span class='ocrx_word' id='word_1_138' title='bbox 186 1936 414 2015; x_wconf 88' lang='lat' dir='ltr'><strong>intelligentiam</strong></span> <span class='ocrx_word' id='word_1_139' title='bbox 444 1938 711 2011; x_wconf 87' lang='lat' dir='ltr'><strong>accommodatius,</strong></span> <span class='ocrx_word' id='word_1_140' title='bbox 742 1947 830 2018; x_wconf 85' lang='lat' dir='ltr'><strong>atque</strong></span> <span class='ocrx_word' id='word_1_141' title='bbox 858 1939 951 2000; x_wconf 90' lang='lat' dir='ltr'><strong>multo</strong></span> <span class='ocrx_word' id='word_1_142' title='bbox 973 1939 1061 2001; x_wconf 90' lang='lat' dir='ltr'><strong>etlam</strong></span> <span class='ocrx_word' id='word_1_143' title='bbox 1083 1939 1182 2002; x_wconf 90' lang='lat' dir='ltr'><strong>miuus</strong></span> <span class='ocrx_word' id='word_1_144' title='bbox 1203 1942 1276 2002; x_wconf 90' lang='lat' dir='ltr'><strong>uui·</strong></span> 
     </span>
     <span class='ocr_line' id='line_1_18' title="bbox 10 2037 1276 2117; baseline 0.006 -21"><span class='ocrx_word' id='word_1_145' title='bbox 10 2042 13 2117; x_wconf 77' lang='lat' dir='ltr'><strong>l</strong></span> <span class='ocrx_word' id='word_1_146' title='bbox 59 2055 159 2099; x_wconf 76' lang='lat' dir='ltr'><strong>rasam</strong></span> <span class='ocrx_word' id='word_1_147' title='bbox 198 2037 355 2100; x_wconf 76' lang='lat' dir='ltr'><strong>docuinae</strong></span> <span class='ocrx_word' id='word_1_148' title='bbox 385 2038 569 2102; x_wconf 83' lang='lat' dir='ltr'><strong>&#39;christianae</strong></span> <span class='ocrx_word' id='word_1_149' title='bbox 600 2041 724 2103; x_wconf 80' lang='lat' dir='ltr'><strong>sormam</strong></span> <span class='ocrx_word' id='word_1_150' title='bbox 764 2049 844 2102; x_wconf 91' lang='lat' dir='ltr'><strong>certa</strong></span> <span class='ocrx_word' id='word_1_151' title='bbox 881 2040 997 2102; x_wconf 85' lang='lat' dir='ltr'><strong>ratione</strong></span> <span class='ocrx_word' id='word_1_152' title='bbox 1028 2049 1058 2102; x_wconf 87' lang='lat' dir='ltr'><strong>et</strong></span> <span class='ocrx_word' id='word_1_153' title='bbox 1094 2049 1156 2102; x_wconf 89' lang='lat' dir='ltr'><strong>arte</strong></span> <span class='ocrx_word' id='word_1_154' title='bbox 1188 2059 1276 2103; x_wconf 85' lang='lat' dir='ltr'><strong>eom-</strong></span> 
     </span>
     <span class='ocr_line' id='line_1_19' title="bbox 10 2136 1274 2219; baseline 0.004 -20"><span class='ocrx_word' id='word_1_155' title='bbox 10 2136 13 2219; x_wconf 72' lang='grc' dir='ltr'><em>ζ</em></span> <span class='ocrx_word' id='word_1_156' title='bbox 59 2137 147 2215; x_wconf 80' lang='lat' dir='ltr'><strong>pirrus</strong></span> <span class='ocrx_word' id='word_1_157' title='bbox 177 2146 237 2200; x_wconf 88' lang='lat' dir='ltr'><strong>cst.</strong></span> <span class='ocrx_word' id='word_1_158' title='bbox 294 2139 496 2212; x_wconf 78' lang='lat' dir='ltr'><strong>Quamobrem</strong></span> <span class='ocrx_word' id='word_1_159' title='bbox 522 2150 748 2203; x_wconf 86' lang='lat' dir='ltr'><strong>mouumentum</strong></span> <span class='ocrx_word' id='word_1_160' title='bbox 775 2142 834 2204; x_wconf 88' lang='lat' dir='ltr'><strong>hoc</strong></span> <span class='ocrx_word' id='word_1_161' title='bbox 860 2141 969 2203; x_wconf 84' lang='lat' dir='ltr'><strong>veteris</strong></span> <span class='ocrx_word' id='word_1_162' title='bbox 999 2140 1142 2204; x_wconf 83' lang='lat' dir='ltr'><strong>ecclesiae</strong></span> <span class='ocrx_word' id='word_1_163' title='bbox 1162 2141 1193 2203; x_wconf 91' lang='lat' dir='ltr'><strong>in</strong></span> <span class='ocrx_word' id='word_1_164' title='bbox 1216 2159 1274 2204; x_wconf 91' lang='lat' dir='ltr'><strong>suo</strong></span> 
     </span>
     <span class='ocr_line' id='line_1_20' title="bbox 10 2232 1277 2322; baseline 0.003 -20"><span class='ocrx_word' id='word_1_165' title='bbox 10 2232 12 2285; x_wconf 79' lang='grc' dir='ltr'>Ι</span> <span class='ocrx_word' id='word_1_166' title='bbox 59 2256 153 2316; x_wconf 68' lang='lat' dir='ltr'><strong>geum</strong></span> <span class='ocrx_word' id='word_1_167' title='bbox 173 2239 298 2303; x_wconf 91' lang='lat' dir='ltr'><strong>unicum</strong></span> <span class='ocrx_word' id='word_1_168' title='bbox 319 2259 489 2321; x_wconf 80' lang='lat' dir='ltr'><strong>quanquam</strong></span> <span class='ocrx_word' id='word_1_169' title='bbox 502 2240 579 2304; x_wconf 87' lang='lat' dir='ltr'><strong>lectu</strong></span> <span class='ocrx_word' id='word_1_170' title='bbox 594 2235 805 2322; x_wconf 79' lang='lat' dir='ltr'><strong>dignissimum</strong></span> <span class='ocrx_word' id='word_1_171' title='bbox 826 2251 882 2317; x_wconf 88' lang='lat' dir='ltr'><strong>est,</strong></span> <span class='ocrx_word' id='word_1_172' title='bbox 904 2251 938 2304; x_wconf 92' lang='lat' dir='ltr'><strong>ut</strong></span> <span class='ocrx_word' id='word_1_173' title='bbox 951 2260 1027 2321; x_wconf 88' lang='lat' dir='ltr'><strong>quae</strong></span> <span class='ocrx_word' id='word_1_174' title='bbox 1047 2241 1162 2322; x_wconf 88' lang='lat' dir='ltr'><strong>publica</strong></span> <span class='ocrx_word' id='word_1_175' title='bbox 1184 2244 1277 2306; x_wconf 83' lang='lat' dir='ltr'><strong>luerit</strong></span> 
     </span>
     <span class='ocr_line' id='line_1_21' title="bbox 10 2341 1275 2425; baseline 0.006 -25"><span class='ocrx_word' id='word_1_176' title='bbox 10 2348 12 2411; x_wconf 76' lang='grc' dir='ltr'>ξ</span> <span class='ocrx_word' id='word_1_177' title='bbox 58 2358 86 2400; x_wconf 86' lang='grc' dir='ltr'><strong>ιι</strong></span> <span class='ocrx_word' id='word_1_178' title='bbox 104 2351 240 2422; x_wconf 83' lang='lat' dir='ltr'><strong>ternpore</strong></span> <span class='ocrx_word' id='word_1_179' title='bbox 260 2341 337 2402; x_wconf 85' lang='lat' dir='ltr'><strong>lidos</strong></span> <span class='ocrx_word' id='word_1_180' title='bbox 360 2351 391 2404; x_wconf 92' lang='lat' dir='ltr'><strong>et</strong></span> <span class='ocrx_word' id='word_1_181' title='bbox 410 2342 505 2422; x_wconf 87' lang='lat' dir='ltr'><strong>qualis</strong></span> <span class='ocrx_word' id='word_1_182' title='bbox 528 2343 674 2406; x_wconf 87' lang='lat' dir='ltr'><strong>institutio</strong></span> <span class='ocrx_word' id='word_1_183' title='bbox 689 2344 877 2416; x_wconf 87' lang='lat' dir='ltr'><strong>catechetlca,</strong></span> <span class='ocrx_word' id='word_1_184' title='bbox 900 2344 969 2405; x_wconf 91' lang='lat' dir='ltr'><strong>inde</strong></span> <span class='ocrx_word' id='word_1_185' title='bbox 985 2343 1145 2417; x_wconf 89' lang='lat' dir='ltr'><strong>discamus,</strong></span> <span class='ocrx_word' id='word_1_186' title='bbox 1168 2362 1275 2425; x_wconf 88' lang='lat' dir='ltr'><strong>parum</strong></span> 
     </span>
     <span class='ocr_line' id='line_1_22' title="bbox 10 2426 1274 2523; baseline 0.002 -18"><span class='ocrx_word' id='word_1_187' title='bbox 10 2426 13 2523; x_wconf 74' lang='lat' dir='ltr'><strong>j</strong></span> <span class='ocrx_word' id='word_1_188' title='bbox 58 2453 140 2505; x_wconf 76' lang='lat' dir='ltr'><strong>tanen</strong></span> <span class='ocrx_word' id='word_1_189' title='bbox 161 2443 353 2505; x_wconf 82' lang='lat' dir='ltr'><strong>auctoritatis</strong></span> <span class='ocrx_word' id='word_1_190' title='bbox 376 2453 406 2504; x_wconf 90' lang='lat' dir='ltr'><strong>et</strong></span> <span class='ocrx_word' id='word_1_191' title='bbox 427 2462 501 2507; x_wconf 87' lang='lat' dir='ltr'><strong>usus</strong></span> <span class='ocrx_word' id='word_1_192' title='bbox 523 2444 627 2518; x_wconf 89' lang='lat' dir='ltr'><strong>babet,</strong></span> <span class='ocrx_word' id='word_1_193' title='bbox 656 2445 707 2507; x_wconf 90' lang='lat' dir='ltr'><strong>ubi</strong></span> <span class='ocrx_word' id='word_1_194' title='bbox 729 2445 766 2507; x_wconf 91' lang='lat' dir='ltr'><strong>de</strong></span> <span class='ocrx_word' id='word_1_195' title='bbox 788 2444 944 2507; x_wconf 85' lang='lat' dir='ltr'><strong>subtiliore</strong></span> <span class='ocrx_word' id='word_1_196' title='bbox 966 2445 1136 2523; x_wconf 86' lang='lat' dir='ltr'><strong>dogmatum</strong></span> <span class='ocrx_word' id='word_1_197' title='bbox 1158 2445 1274 2507; x_wconf 88' lang='lat' dir='ltr'><strong>enoda-</strong></span> 
     </span>
     <span class='ocr_line' id='line_1_23' title="bbox 10 2541 1274 2625; baseline 0.006 -25"><span class='ocrx_word' id='word_1_198' title='bbox 10 2582 12 2587; x_wconf 85' lang='lat'>·</span> <span class='ocrx_word' id='word_1_199' title='bbox 10 2541 123 2605; x_wconf 84' lang='lat' dir='ltr'><strong>dane</strong></span> <span class='ocrx_word' id='word_1_200' title='bbox 143 2555 174 2605; x_wconf 85' lang='lat' dir='ltr'><strong>et</strong></span> <span class='ocrx_word' id='word_1_201' title='bbox 203 2542 379 2604; x_wconf 85' lang='lat' dir='ltr'><strong>delinitione</strong></span> <span class='ocrx_word' id='word_1_202' title='bbox 406 2544 452 2605; x_wconf 83' lang='lat' dir='ltr'><strong>rel</strong></span> <span class='ocrx_word' id='word_1_203' title='bbox 474 2545 510 2606; x_wconf 91' lang='lat' dir='ltr'><strong>de</strong></span> <span class='ocrx_word' id='word_1_204' title='bbox 538 2546 687 2609; x_wconf 82' lang='lat' dir='ltr'><strong>artificiali</strong></span> <span class='ocrx_word' id='word_1_205' title='bbox 712 2564 815 2608; x_wconf 90' lang='lat' dir='ltr'><strong>eorum</strong></span> <span class='ocrx_word' id='word_1_206' title='bbox 846 2544 1019 2608; x_wconf 89' lang='lat' dir='ltr'><strong>tractatione</strong></span> <span class='ocrx_word' id='word_1_207' title='bbox 1045 2553 1076 2606; x_wconf 91' lang='lat' dir='ltr'><strong>et</strong></span> <span class='ocrx_word' id='word_1_208' title='bbox 1096 2545 1274 2625; x_wconf 87' lang='lat' dir='ltr'><strong>probatione</strong></span> 
     </span>
     <span class='ocr_line' id='line_1_24' title="bbox 57 2642 1275 2726; baseline 0.002 -22"><span class='ocrx_word' id='word_1_209' title='bbox 57 2646 206 2719; x_wconf 76' lang='lat' dir='ltr'><strong>queritur.</strong></span> <span class='ocrx_word' id='word_1_210' title='bbox 251 2642 314 2705; x_wconf 85' lang='lat' dir='ltr'><strong>Nec</strong></span> <span class='ocrx_word' id='word_1_211' title='bbox 335 2644 462 2707; x_wconf 89' lang='lat' dir='ltr'><strong>dubitari</strong></span> <span class='ocrx_word' id='word_1_212' title='bbox 484 2654 594 2724; x_wconf 86' lang='lat' dir='ltr'><strong>potest,</strong></span> <span class='ocrx_word' id='word_1_213' title='bbox 617 2647 686 2725; x_wconf 89' lang='lat' dir='ltr'><strong>quin</strong></span> <span class='ocrx_word' id='word_1_214' title='bbox 709 2656 827 2726; x_wconf 89' lang='lat' dir='ltr'><strong>praeter</strong></span> <span class='ocrx_word' id='word_1_215' title='bbox 848 2647 977 2707; x_wconf 87' lang='lat' dir='ltr'><strong>auctoris</strong></span> <span class='ocrx_word' id='word_1_216' title='bbox 999 2645 1214 2726; x_wconf 74' lang='lat' dir='ltr'><strong>proclivitatem</strong></span> <span class='ocrx_word' id='word_1_217' title='bbox 1236 2646 1275 2707; x_wconf 90' lang='lat' dir='ltr'><strong>ad</strong></span> 
     </span>
     <span class='ocr_line' id='line_1_25' title="bbox 57 2745 1275 2826; baseline 0.005 -24"><span class='ocrx_word' id='word_1_218' title='bbox 57 2746 222 2807; x_wconf 74' lang='grc' dir='ltr'>ιιιιιιιιιιιιι</span> <span class='ocrx_word' id='word_1_219' title='bbox 244 2745 522 2809; x_wconf 75' lang='lat' dir='ltr'><strong>Semi-brianonum</strong></span> <span class='ocrx_word' id='word_1_220' title='bbox 545 2745 591 2806; x_wconf 86' lang='lat' dir='ltr'><strong>rel</strong></span> <span class='ocrx_word' id='word_1_221' title='bbox 624 2756 704 2808; x_wconf 87' lang='lat' dir='ltr'><strong>certe</strong></span> <span class='ocrx_word' id='word_1_222' title='bbox 737 2746 881 2826; x_wconf 72' lang='lat' dir='ltr'><strong>(perandum</strong></span> <span class='ocrx_word' id='word_1_223' title='bbox 913 2746 979 2806; x_wconf 88' lang='lat' dir='ltr'><strong>eius</strong></span> <span class='ocrx_word' id='word_1_224' title='bbox 1015 2746 1202 2824; x_wconf 86' lang='lat' dir='ltr'><strong>suspiciones</strong></span> <span class='ocrx_word' id='word_1_225' title='bbox 1225 2746 1275 2808; x_wconf 90' lang='lat' dir='ltr'><strong>illa</strong></span> 
     </span>
     <span class='ocr_line' id='line_1_26' title="bbox 56 2832 1389 2926; baseline 0.005 -23"><span class='ocrx_word' id='word_1_226' title='bbox 56 2845 137 2923; x_wconf 77' lang='lat' dir='ltr'><strong>ipsius</strong></span> <span class='ocrx_word' id='word_1_227' title='bbox 161 2845 265 2926; x_wconf 88' lang='lat' dir='ltr'><strong>operis</strong></span> <span class='ocrx_word' id='word_1_228' title='bbox 288 2847 483 2907; x_wconf 83' lang='lat' dir='ltr'><strong>conformatio</strong></span> <span class='ocrx_word' id='word_1_229' title='bbox 505 2846 701 2925; x_wconf 82' lang='lat' dir='ltr'><strong>prohibuerit,</strong></span> <span class='ocrx_word' id='word_1_230' title='bbox 725 2866 783 2925; x_wconf 86' lang='lat' dir='ltr'><strong>quo</strong></span> <span class='ocrx_word' id='word_1_231' title='bbox 806 2846 905 2907; x_wconf 87' lang='lat' dir='ltr'><strong>minus</strong></span> <span class='ocrx_word' id='word_1_232' title='bbox 927 2844 956 2904; x_wconf 90' lang='lat' dir='ltr'><strong>id</strong></span> <span class='ocrx_word' id='word_1_233' title='bbox 972 2854 1109 2923; x_wconf 79' lang='lat' dir='ltr'><strong>tauquam</strong></span> <span class='ocrx_word' id='word_1_234' title='bbox 1132 2847 1276 2909; x_wconf 89' lang='lat' dir='ltr'><strong>scientiae</strong></span> <span class='ocrx_word' id='word_1_235' title='bbox 1382 2832 1389 2849; x_wconf 56' lang='grc'><strong>“</strong></span> 
     </span>
     <span class='ocr_line' id='line_1_27' title="bbox 55 2937 1275 3027; baseline 0.001 -18"><span class='ocrx_word' id='word_1_236' title='bbox 55 2948 174 3027; x_wconf 78' lang='lat' dir='ltr'><strong>anusque</strong></span> <span class='ocrx_word' id='word_1_237' title='bbox 209 2946 397 3025; x_wconf 82' lang='lat' dir='ltr'><strong>theologicae</strong></span> <span class='ocrx_word' id='word_1_238' title='bbox 429 2947 580 3026; x_wconf 86' lang='lat' dir='ltr'><strong>specimen</strong></span> <span class='ocrx_word' id='word_1_239' title='bbox 618 2948 730 3026; x_wconf 85' lang='lat' dir='ltr'><strong>pariter</strong></span> <span class='ocrx_word' id='word_1_240' title='bbox 768 2937 967 3008; x_wconf 77' lang='lat' dir='ltr'><strong>celebraretur</strong></span> <span class='ocrx_word' id='word_1_241' title='bbox 1000 2954 1088 3026; x_wconf 85' lang='lat' dir='ltr'><strong>atque</strong></span> <span class='ocrx_word' id='word_1_242' title='bbox 1116 2947 1275 3027; x_wconf 81' lang='lat' dir='ltr'><strong>praecipua</strong></span> 
     </span>
     <span class='ocr_line' id='line_1_28' title="bbox 54 3046 1275 3127; baseline 0.004 -21"><span class='ocrx_word' id='word_1_243' title='bbox 54 3049 210 3121; x_wconf 71' lang='lat' dir='ltr'><strong>Athanasii,</strong></span> <span class='ocrx_word' id='word_1_244' title='bbox 228 3047 350 3121; x_wconf 73' lang='lat' dir='ltr'><strong>Basilii,</strong></span> <span class='ocrx_word' id='word_1_245' title='bbox 374 3047 508 3127; x_wconf 84' lang='lat' dir='ltr'><strong>Gregorii</strong></span> <span class='ocrx_word' id='word_1_246' title='bbox 529 3048 704 3111; x_wconf 82' lang='lat' dir='ltr'><strong>Nazianzeni</strong></span> <span class='ocrx_word' id='word_1_247' title='bbox 727 3046 836 3126; x_wconf 89' lang='lat' dir='ltr'><strong>scripta</strong></span> <span class='ocrx_word' id='word_1_248' title='bbox 863 3047 1028 3124; x_wconf 85' lang='lat' dir='ltr'><strong>dogmatica</strong></span> <span class='ocrx_word' id='word_1_249' title='bbox 1051 3047 1109 3109; x_wconf 88' lang='lat' dir='ltr'><strong>iam</strong></span> <span class='ocrx_word' id='word_1_250' title='bbox 1130 3048 1167 3111; x_wconf 91' lang='lat' dir='ltr'><strong>ab</strong></span> <span class='ocrx_word' id='word_1_251' title='bbox 1189 3049 1275 3111; x_wconf 88' lang='lat' dir='ltr'><strong>eius-</strong></span> 
     </span>
     <span class='ocr_line' id='line_1_29' title="bbox 55 3149 1274 3229; baseline 0.002 -21"><span class='ocrx_word' id='word_1_252' title='bbox 55 3150 109 3210; x_wconf 85' lang='lat' dir='ltr'><strong>dem</strong></span> <span class='ocrx_word' id='word_1_253' title='bbox 138 3161 171 3211; x_wconf 91' lang='lat' dir='ltr'><strong>et</strong></span> <span class='ocrx_word' id='word_1_254' title='bbox 199 3149 337 3229; x_wconf 79' lang='lat' dir='ltr'><strong>proxime</strong></span> <span class='ocrx_word' id='word_1_255' title='bbox 370 3149 521 3228; x_wconf 82' lang='lat' dir='ltr'><strong>sequentis</strong></span> <span class='ocrx_word' id='word_1_256' title='bbox 553 3149 658 3212; x_wconf 87' lang='lat' dir='ltr'><strong>aetatis</strong></span> <span class='ocrx_word' id='word_1_257' title='bbox 693 3149 841 3226; x_wconf 87' lang='lat' dir='ltr'><strong>tbeologis</strong></span> <span class='ocrx_word' id='word_1_258' title='bbox 875 3149 1020 3210; x_wconf 87' lang='lat' dir='ltr'><strong>celebrata</strong></span> <span class='ocrx_word' id='word_1_259' title='bbox 1054 3169 1123 3212; x_wconf 90' lang='lat' dir='ltr'><strong>esse</strong></span> <span class='ocrx_word' id='word_1_260' title='bbox 1145 3157 1274 3212; x_wconf 86' lang='lat' dir='ltr'><strong>constat.</strong></span> 
     </span>
     <span class='ocr_line' id='line_1_30' title="bbox 53 3249 1274 3329; baseline 0.002 -18"><span class='ocrx_word' id='word_1_261' title='bbox 53 3251 182 3312; x_wconf 76' lang='lat' dir='ltr'><strong>Ceterum</strong></span> <span class='ocrx_word' id='word_1_262' title='bbox 211 3249 293 3328; x_wconf 87' lang='lat' dir='ltr'><strong>quod</strong></span> <span class='ocrx_word' id='word_1_263' title='bbox 316 3250 462 3312; x_wconf 91' lang='lat' dir='ltr'><strong>editiones</strong></span> <span class='ocrx_word' id='word_1_264' title='bbox 483 3250 582 3329; x_wconf 72' lang='lat' dir='ltr'><strong>cyrilli</strong></span> <span class='ocrx_word' id='word_1_265' title='bbox 603 3250 764 3312; x_wconf 90' lang='lat' dir='ltr'><strong>llillesiana</strong></span> <span class='ocrx_word' id='word_1_266' title='bbox 787 3259 817 3310; x_wconf 91' lang='lat' dir='ltr'><strong>et</strong></span> <span class='ocrx_word' id='word_1_267' title='bbox 839 3250 1019 3312; x_wconf 85' lang='lat' dir='ltr'><strong>Touttaeana</strong></span> <span class='ocrx_word' id='word_1_268' title='bbox 1041 3269 1121 3312; x_wconf 89' lang='lat' dir='ltr'><strong>nuuc</strong></span> <span class='ocrx_word' id='word_1_269' title='bbox 1141 3252 1274 3314; x_wconf 89' lang='lat' dir='ltr'><strong>rariores</strong></span> 
     </span>
     <span class='ocr_line' id='line_1_31' title="bbox 55 3344 1273 3430; baseline 0 -18"><span class='ocrx_word' id='word_1_270' title='bbox 55 3362 131 3420; x_wconf 83' lang='lat' dir='ltr'><strong>sant,</strong></span> <span class='ocrx_word' id='word_1_271' title='bbox 170 3369 245 3413; x_wconf 80' lang='lat' dir='ltr'><strong>sane</strong></span> <span class='ocrx_word' id='word_1_272' title='bbox 280 3352 440 3430; x_wconf 90' lang='lat' dir='ltr'><strong>optandum</strong></span> <span class='ocrx_word' id='word_1_273' title='bbox 470 3361 533 3421; x_wconf 92' lang='lat' dir='ltr'><strong>est,</strong></span> <span class='ocrx_word' id='word_1_274' title='bbox 580 3344 612 3412; x_wconf 84' lang='lat' dir='ltr'><strong>ut</strong></span> <span class='ocrx_word' id='word_1_275' title='bbox 646 3370 721 3413; x_wconf 85' lang='lat' dir='ltr'><strong>rrora</strong></span> <span class='ocrx_word' id='word_1_276' title='bbox 762 3350 962 3412; x_wconf 83' lang='lat' dir='ltr'><strong>Cateebeseon</strong></span> <span class='ocrx_word' id='word_1_277' title='bbox 995 3350 1099 3412; x_wconf 87' lang='lat' dir='ltr'><strong>lllllll.</strong></span> <span class='ocrx_word' id='word_1_278' title='bbox 1133 3351 1223 3412; x_wconf 90' lang='lat' dir='ltr'><strong>editio</strong></span> <span class='ocrx_word' id='word_1_279' title='bbox 1256 3370 1273 3412; x_wconf 91' lang='lat' dir='ltr'><strong>a</strong></span> 
     </span>
     <span class='ocr_line' id='line_1_32' title="bbox 55 3451 1274 3530; baseline 0.006 -23"><span class='ocrx_word' id='word_1_280' title='bbox 55 3454 108 3513; x_wconf 75' lang='lat' dir='ltr'><strong>siro</strong></span> <span class='ocrx_word' id='word_1_281' title='bbox 128 3454 222 3515; x_wconf 87' lang='lat' dir='ltr'><strong>docto</strong></span> <span class='ocrx_word' id='word_1_282' title='bbox 244 3451 281 3512; x_wconf 91' lang='lat' dir='ltr'><strong>ad</strong></span> <span class='ocrx_word' id='word_1_283' title='bbox 304 3453 362 3514; x_wconf 90' lang='lat' dir='ltr'><strong>hoc</strong></span> <span class='ocrx_word' id='word_1_284' title='bbox 388 3471 497 3515; x_wconf 89' lang='lat' dir='ltr'><strong>munus</strong></span> <span class='ocrx_word' id='word_1_285' title='bbox 526 3453 597 3514; x_wconf 89' lang='lat' dir='ltr'><strong>satis</strong></span> <span class='ocrx_word' id='word_1_286' title='bbox 626 3453 772 3514; x_wconf 82' lang='lat' dir='ltr'><strong>instructo</strong></span> <span class='ocrx_word' id='word_1_287' title='bbox 796 3461 826 3512; x_wconf 92' lang='lat' dir='ltr'><strong>et</strong></span> <span class='ocrx_word' id='word_1_288' title='bbox 847 3451 956 3513; x_wconf 87' lang='lat' dir='ltr'><strong>idoneo</strong></span> <span class='ocrx_word' id='word_1_289' title='bbox 978 3452 1155 3524; x_wconf 89' lang='lat' dir='ltr'><strong>adornetur,</strong></span> <span class='ocrx_word' id='word_1_290' title='bbox 1183 3470 1274 3530; x_wconf 85' lang='lat' dir='ltr'><strong>quum</strong></span> 
     </span>
     <span class='ocr_line' id='line_1_33' title="bbox 54 3551 1275 3631; baseline 0.001 -18"><span class='ocrx_word' id='word_1_291' title='bbox 54 3571 119 3630; x_wconf 83' lang='lat' dir='ltr'><strong>quae</strong></span> <span class='ocrx_word' id='word_1_292' title='bbox 146 3552 249 3615; x_wconf 89' lang='lat' dir='ltr'><strong>studio</strong></span> <span class='ocrx_word' id='word_1_293' title='bbox 280 3552 356 3615; x_wconf 88' lang='lat' dir='ltr'><strong>Guil.</strong></span> <span class='ocrx_word' id='word_1_294' title='bbox 385 3552 482 3616; x_wconf 86' lang='lat' dir='ltr'><strong>Caroli</strong></span> <span class='ocrx_word' id='word_1_295' title='bbox 510 3553 628 3615; x_wconf 85' lang='lat' dir='ltr'><strong>lleiscbl</strong></span> <span class='ocrx_word' id='word_1_296' title='bbox 656 3553 770 3615; x_wconf 85' lang='lat' dir='ltr'><strong>Monaci</strong></span> <span class='ocrx_word' id='word_1_297' title='bbox 797 3572 813 3614; x_wconf 86' lang='lat' dir='ltr'><strong>a</strong></span> <span class='ocrx_word' id='word_1_298' title='bbox 839 3555 930 3617; x_wconf 81' lang='lat'>1848.</span> <span class='ocrx_word' id='word_1_299' title='bbox 953 3554 1053 3614; x_wconf 88' lang='lat' dir='ltr'><strong>minus</strong></span> <span class='ocrx_word' id='word_1_300' title='bbox 1080 3551 1275 3631; x_wconf 88' lang='lat' dir='ltr'><strong>probabiliter</strong></span> 
     </span>
     <span class='ocr_line' id='line_1_34' title="bbox 57 3651 1274 3732; baseline 0.003 -21"><span class='ocrx_word' id='word_1_301' title='bbox 57 3651 180 3715; x_wconf 87' lang='lat' dir='ltr'><strong>inchoata</strong></span> <span class='ocrx_word' id='word_1_302' title='bbox 210 3661 274 3725; x_wconf 88' lang='lat' dir='ltr'><strong>est,</strong></span> <span class='ocrx_word' id='word_1_303' title='bbox 299 3671 361 3714; x_wconf 89' lang='lat' dir='ltr'><strong>non</strong></span> <span class='ocrx_word' id='word_1_304' title='bbox 390 3653 502 3717; x_wconf 80' lang='lat' dir='ltr'><strong>absolvi</strong></span> <span class='ocrx_word' id='word_1_305' title='bbox 533 3653 675 3716; x_wconf 85' lang='lat' dir='ltr'><strong>videatur.</strong></span> <span class='ocrx_word' id='word_1_306' title='bbox 719 3655 840 3716; x_wconf 88' lang='lat' dir='ltr'><strong>Praeter</strong></span> <span class='ocrx_word' id='word_1_307' title='bbox 863 3653 960 3732; x_wconf 78' lang='lat' dir='ltr'><strong>Cyrilli</strong></span> <span class='ocrx_word' id='word_1_308' title='bbox 989 3652 1166 3714; x_wconf 89' lang='lat' dir='ltr'><strong>Cateobeses</strong></span> <span class='ocrx_word' id='word_1_309' title='bbox 1188 3653 1274 3732; x_wconf 90' lang='lat' dir='ltr'><strong>plura</strong></span> 
     </span>
     <span class='ocr_line' id='line_1_35' title="bbox 57 3753 1274 3836; baseline 0.002 -23"><span class='ocrx_word' id='word_1_310' title='bbox 57 3754 243 3816; x_wconf 73' lang='lat' dir='ltr'><strong>celebriorum</strong></span> <span class='ocrx_word' id='word_1_311' title='bbox 258 3753 451 3834; x_wconf 89' lang='lat' dir='ltr'><strong>scriptorum,</strong></span> <span class='ocrx_word' id='word_1_312' title='bbox 473 3755 523 3836; x_wconf 91' lang='lat' dir='ltr'><strong>qui</strong></span> <span class='ocrx_word' id='word_1_313' title='bbox 545 3755 700 3818; x_wconf 88' lang='lat' dir='ltr'><strong>ecelesiam</strong></span> <span class='ocrx_word' id='word_1_314' title='bbox 723 3754 854 3817; x_wconf 86' lang='lat' dir='ltr'><strong>Orientis</strong></span> <span class='ocrx_word' id='word_1_315' title='bbox 876 3753 995 3815; x_wconf 86' lang='lat' dir='ltr'><strong>saeculo</strong></span> <span class='ocrx_word' id='word_1_316' title='bbox 1016 3767 1121 3832; x_wconf 84' lang='lat' dir='ltr'><strong>quarto</strong></span> <span class='ocrx_word' id='word_1_317' title='bbox 1144 3754 1274 3816; x_wconf 89' lang='lat' dir='ltr'><strong>iilustra-</strong></span> 
     </span>
     <span class='ocr_line' id='line_1_36' title="bbox 58 3854 1274 3937; baseline 0.002 -23"><span class='ocrx_word' id='word_1_318' title='bbox 58 3866 125 3927; x_wconf 89' lang='lat' dir='ltr'><strong>runt,</strong></span> <span class='ocrx_word' id='word_1_319' title='bbox 147 3856 183 3917; x_wconf 90' lang='lat' dir='ltr'><strong>ad</strong></span> <span class='ocrx_word' id='word_1_320' title='bbox 207 3873 265 3917; x_wconf 87' lang='lat' dir='ltr'><strong>nos</strong></span> <span class='ocrx_word' id='word_1_321' title='bbox 288 3854 384 3916; x_wconf 88' lang='lat' dir='ltr'><strong>delata</strong></span> <span class='ocrx_word' id='word_1_322' title='bbox 405 3864 477 3918; x_wconf 91' lang='lat' dir='ltr'><strong>sunt</strong></span> <span class='ocrx_word' id='word_1_323' title='bbox 498 3857 640 3937; x_wconf 87' lang='lat' dir='ltr'><strong>opuscula</strong></span> <span class='ocrx_word' id='word_1_324' title='bbox 667 3855 833 3935; x_wconf 90' lang='lat' dir='ltr'><strong>dogmatica</strong></span> <span class='ocrx_word' id='word_1_325' title='bbox 861 3872 952 3933; x_wconf 86' lang='lat' dir='ltr'><strong>eaque</strong></span> <span class='ocrx_word' id='word_1_326' title='bbox 975 3854 1010 3914; x_wconf 91' lang='lat' dir='ltr'><strong>ad</strong></span> <span class='ocrx_word' id='word_1_327' title='bbox 1037 3854 1135 3916; x_wconf 86' lang='lat' dir='ltr'><strong>lorum</strong></span> <span class='ocrx_word' id='word_1_328' title='bbox 1157 3855 1193 3916; x_wconf 91' lang='lat' dir='ltr'><strong>de</strong></span> <span class='ocrx_word' id='word_1_329' title='bbox 1216 3855 1274 3917; x_wconf 91' lang='lat' dir='ltr'><strong>tri-</strong></span> 
     </span>
     <span class='ocr_line' id='line_1_37' title="bbox 58 3954 1274 4037; baseline 0.001 -22"><span class='ocrx_word' id='word_1_330' title='bbox 58 3955 136 4018; x_wconf 86' lang='lat' dir='ltr'><strong>nitate</strong></span> <span class='ocrx_word' id='word_1_331' title='bbox 156 3956 347 4037; x_wconf 89' lang='lat' dir='ltr'><strong>pertinentia,</strong></span> <span class='ocrx_word' id='word_1_332' title='bbox 370 3975 445 4036; x_wconf 90' lang='lat' dir='ltr'><strong>quae</strong></span> <span class='ocrx_word' id='word_1_333' title='bbox 467 3958 596 4020; x_wconf 84' lang='lat' dir='ltr'><strong>tortasse</strong></span> <span class='ocrx_word' id='word_1_334' title='bbox 619 3966 707 4019; x_wconf 90' lang='lat' dir='ltr'><strong>eruut</strong></span> <span class='ocrx_word' id='word_1_335' title='bbox 735 3957 783 4036; x_wconf 88' lang='lat' dir='ltr'><strong>qui</strong></span> <span class='ocrx_word' id='word_1_336' title='bbox 808 3957 863 4018; x_wconf 89' lang='lat' dir='ltr'><strong>bac</strong></span> <span class='ocrx_word' id='word_1_337' title='bbox 889 3956 920 4016; x_wconf 90' lang='lat' dir='ltr'><strong>in</strong></span> <span class='ocrx_word' id='word_1_338' title='bbox 943 3955 1122 4016; x_wconf 81' lang='lat' dir='ltr'><strong>bibliotheca</strong></span> <span class='ocrx_word' id='word_1_339' title='bbox 1151 3954 1274 4017; x_wconf 88' lang='lat' dir='ltr'><strong>deside-</strong></span> 
     </span>
     <span class='ocr_line' id='line_1_38' title="bbox 58 4055 1276 4138; baseline -0.002 -19"><span class='ocrx_word' id='word_1_340' title='bbox 58 4069 123 4120; x_wconf 85' lang='lat' dir='ltr'><strong>rant.</strong></span> <span class='ocrx_word' id='word_1_341' title='bbox 165 4059 256 4121; x_wconf 87' lang='lat' dir='ltr'><strong>Cuius</strong></span> <span class='ocrx_word' id='word_1_342' title='bbox 279 4057 399 4138; x_wconf 88' lang='lat' dir='ltr'><strong>generis</strong></span> <span class='ocrx_word' id='word_1_343' title='bbox 422 4066 491 4120; x_wconf 88' lang='lat' dir='ltr'><strong>sunt</strong></span> <span class='ocrx_word' id='word_1_344' title='bbox 510 4058 633 4122; x_wconf 87' lang='lat' dir='ltr'><strong>Eusebii</strong></span> <span class='ocrx_word' id='word_1_345' title='bbox 651 4058 859 4120; x_wconf 76' lang='lat' dir='ltr'><strong>caesareensis</strong></span> <span class='ocrx_word' id='word_1_346' title='bbox 881 4056 950 4118; x_wconf 87' lang='lat' dir='ltr'><strong>libri</strong></span> <span class='ocrx_word' id='word_1_347' title='bbox 971 4056 1030 4116; x_wconf 92' lang='lat' dir='ltr'><strong>duo</strong></span> <span class='ocrx_word' id='word_1_348' title='bbox 1054 4065 1163 4117; x_wconf 85' lang='lat' dir='ltr'><strong>contro</strong></span> <span class='ocrx_word' id='word_1_349' title='bbox 1184 4055 1276 4117; x_wconf 79' lang='lat' dir='ltr'><strong>Mor-</strong></span> 
     </span>
     <span class='ocr_line' id='line_1_39' title="bbox 55 4155 1276 4240; baseline -0.002 -20"><span class='ocrx_word' id='word_1_350' title='bbox 55 4159 151 4222; x_wconf 78' lang='lat' dir='ltr'><strong>selbms</strong></span> <span class='ocrx_word' id='word_1_351' title='bbox 173 4170 203 4222; x_wconf 86' lang='lat' dir='ltr'><strong>et</strong></span> <span class='ocrx_word' id='word_1_352' title='bbox 224 4169 287 4221; x_wconf 92' lang='lat' dir='ltr'><strong>tres</strong></span> <span class='ocrx_word' id='word_1_353' title='bbox 312 4160 348 4222; x_wconf 86' lang='lat' dir='ltr'><strong>de</strong></span> <span class='ocrx_word' id='word_1_354' title='bbox 370 4159 573 4223; x_wconf 81' lang='lat' dir='ltr'><strong>ecclesiastico</strong></span> <span class='ocrx_word' id='word_1_355' title='bbox 595 4159 754 4240; x_wconf 74' lang='lat' dir='ltr'><strong>theologie,</strong></span> <span class='ocrx_word' id='word_1_356' title='bbox 777 4158 890 4237; x_wconf 83' lang='lat' dir='ltr'><strong>llldpmi</strong></span> <span class='ocrx_word' id='word_1_357' title='bbox 912 4155 1101 4217; x_wconf 82' lang='lat' dir='ltr'><strong>Alexandrini</strong></span> <span class='ocrx_word' id='word_1_358' title='bbox 1123 4157 1158 4218; x_wconf 86' lang='lat' dir='ltr'><strong>ds</strong></span> <span class='ocrx_word' id='word_1_359' title='bbox 1180 4159 1276 4218; x_wconf 82' lang='lat' dir='ltr'><strong>trini-</strong></span> 
     </span>
     <span class='ocr_line' id='line_1_40' title="bbox 56 4256 1273 4341; baseline -0.005 -21"><span class='ocrx_word' id='word_1_360' title='bbox 56 4271 107 4323; x_wconf 81' lang='lat' dir='ltr'><strong>tate</strong></span> <span class='ocrx_word' id='word_1_361' title='bbox 120 4262 184 4323; x_wconf 89' lang='lat' dir='ltr'><strong>libri</strong></span> <span class='ocrx_word' id='word_1_362' title='bbox 200 4271 262 4323; x_wconf 87' lang='lat' dir='ltr'><strong>tres</strong></span> <span class='ocrx_word' id='word_1_363' title='bbox 279 4279 390 4341; x_wconf 86' lang='lat' dir='ltr'><strong>graece</strong></span> <span class='ocrx_word' id='word_1_364' title='bbox 405 4259 441 4321; x_wconf 87' lang='lat' dir='ltr'><strong>ab</strong></span> <span class='ocrx_word' id='word_1_365' title='bbox 456 4262 499 4322; x_wconf 92' lang='lat' dir='ltr'><strong>lo.</strong></span> <span class='ocrx_word' id='word_1_366' title='bbox 513 4260 633 4340; x_wconf 74' lang='lat' dir='ltr'><strong>Aloysio</strong></span> <span class='ocrx_word' id='word_1_367' title='bbox 648 4258 810 4338; x_wconf 87' lang='lat' dir='ltr'><strong>blingarelli</strong></span> <span class='ocrx_word' id='word_1_368' title='bbox 825 4257 976 4320; x_wconf 84' lang='lat' dir='ltr'><strong>bononiae</strong></span> <span class='ocrx_word' id='word_1_369' title='bbox 992 4276 1017 4318; x_wconf 88' lang='lat' dir='ltr'><strong>a.</strong></span> <span class='ocrx_word' id='word_1_370' title='bbox 1037 4258 1127 4321; x_wconf 82' lang='lat'><strong>1769.</strong></span> <span class='ocrx_word' id='word_1_371' title='bbox 1143 4256 1273 4334; x_wconf 88' lang='lat' dir='ltr'><strong>primurn</strong></span> 
     </span>
     <span class='ocr_line' id='line_1_41' title="bbox 51 4354 1276 4441; baseline -0.006 -18"><span class='ocrx_word' id='word_1_372' title='bbox 51 4362 111 4424; x_wconf 81' lang='lat' dir='ltr'><strong>aditi</strong></span> <span class='ocrx_word' id='word_1_373' title='bbox 134 4374 162 4426; x_wconf 85' lang='lat' dir='ltr'><strong>et</strong></span> <span class='ocrx_word' id='word_1_374' title='bbox 189 4364 330 4427; x_wconf 84' lang='lat' dir='ltr'><strong>eiusdem</strong></span> <span class='ocrx_word' id='word_1_375' title='bbox 361 4363 397 4423; x_wconf 88' lang='lat' dir='ltr'><strong>de</strong></span> <span class='ocrx_word' id='word_1_376' title='bbox 419 4364 532 4441; x_wconf 83' lang='lat' dir='ltr'><strong>spiritu</strong></span> <span class='ocrx_word' id='word_1_377' title='bbox 560 4372 666 4424; x_wconf 83' lang='lat' dir='ltr'><strong>sonato</strong></span> <span class='ocrx_word' id='word_1_378' title='bbox 696 4370 836 4423; x_wconf 86' lang='lat' dir='ltr'><strong>tractatus</strong></span> <span class='ocrx_word' id='word_1_379' title='bbox 860 4379 894 4421; x_wconf 82' lang='lat' dir='ltr'><strong>ex</strong></span> <span class='ocrx_word' id='word_1_380' title='bbox 917 4359 1163 4438; x_wconf 87' lang='lat' dir='ltr'><strong>interpretatione</strong></span> <span class='ocrx_word' id='word_1_381' title='bbox 1185 4354 1276 4417; x_wconf 86' lang='lat' dir='ltr'><strong>latina</strong></span> 
     </span>
     <span class='ocr_line' id='line_1_42' title="bbox 48 4457 1280 4548; baseline -0.006 -21"><span class='ocrx_word' id='word_1_382' title='bbox 48 4461 219 4548; x_wconf 71' lang='lat' dir='ltr'><strong>iiiaronpmi,</strong></span> <span class='ocrx_word' id='word_1_383' title='bbox 234 4461 405 4547; x_wconf 83' lang='lat' dir='ltr'><strong>Epiphanii</strong></span> <span class='ocrx_word' id='word_1_384' title='bbox 421 4463 603 4540; x_wconf 79' lang='lat' dir='ltr'><strong>laceratas,</strong></span> <span class='ocrx_word' id='word_1_385' title='bbox 624 4462 743 4527; x_wconf 87' lang='lat' dir='ltr'><strong>loannis</strong></span> <span class='ocrx_word' id='word_1_386' title='bbox 760 4461 966 4542; x_wconf 76' lang='lat' dir='ltr'><strong>chrysostomi</strong></span> <span class='ocrx_word' id='word_1_387' title='bbox 982 4470 1091 4524; x_wconf 81' lang='lat' dir='ltr'><strong>contro</strong></span> <span class='ocrx_word' id='word_1_388' title='bbox 1106 4457 1280 4520; x_wconf 77' lang='lat' dir='ltr'><strong>noomoeos</strong></span> 
     </span>
     <span class='ocr_line' id='line_1_43' title="bbox 1031 4574 1072 4626; baseline 0 -19"><span class='ocrx_word' id='word_1_389' title='bbox 1031 4574 1072 4626; x_wconf 59' lang='grc' dir='ltr'><strong>Β*</strong></span> 
     </span>
    </p>
   </div>
   <div class='ocr_carea' id='block_1_3' title="bbox 0 0 1478 5092">
    <p class='ocr_par' dir='ltr' id='par_1_3' title="bbox 0 0 1478 5092">
     <span class='ocr_line' id='line_1_44' title="bbox 0 0 1478 5092; baseline 0 1"><span class='ocrx_word' id='word_1_390' title='bbox 0 0 1478 5092; x_wconf 95' lang='lat' dir='ltr'><strong> </strong></span> 
     </span>
    </p>
   </div>
  </div>
 </body>
</html>
