2948 5092
530 254 676 297 srxsrorx
692 256 711 297 ι.
729 256 764 296 xo
781 256 978 303 susurrones.
1298 251 1356 312 711

127 419 230 470 tamen
254 406 331 467 idem
354 405 475 465 alterius
498 411 545 465 est
566 413 660 483 pater.
705 405 788 467 Unde
817 425 877 467 non
906 409 1029 489 proprie
1058 412 1086 471 in
1110 413 1280 476 bominibus
1303 430 1445 495 pantu.

128 511 186 571 tris
210 517 239 569 et
261 508 313 568 [ιιιι
336 525 445 566 nomen
470 514 611 565 servatur.
656 506 704 566 Sic
718 505 873 582 Abrabam,
897 509 946 588 qui
969 511 1023 571 fuit
1038 512 1116 573 filius
1132 514 1258 589 Tharne,
1281 517 1359 579 idem

126 611 187 671 suit
210 621 293 689 pater
315 608 407 668 isaac.
452 607 595 668 Similiter
617 607 715 680 isaac,
744 609 794 688 qui
823 610 901 671 filius
931 621 994 671 erat
1015 612 1164 688 Abrahae,
1194 619 1250 679 suit
1277 629 1362 699 pater

126 711 236 782 Iacob,
266 728 359 788 eaque
388 718 434 769 est
463 709 609 770 humanae
637 717 759 771 naturae
781 712 923 772 conditio.
967 713 1040 775 Nam
1063 715 1120 776 sibi
1143 717 1268 780 invicem
1292 729 1362 781 sunt

127 823 243 893 partes,
266 821 295 872 et
317 809 451 889 quisquis
473 810 602 889 gignitur
623 811 715 888 patris
736 820 851 891 partem
874 813 971 885 babet,
994 823 1026 875 ut
1048 824 1077 876 et
1093 817 1157 896 ipse
1171 819 1294 881 alterius
1310 823 1361 882 fiat
1447 819 1450 824 ’

128 925 225 995 pater.
268 912 305 974 At
326 931 386 971 non
409 911 448 971 ita
471 930 504 971 se
526 930 575 971 res
598 910 688 971 babet
709 912 740 972 in
761 912 922 976 divinitate.
966 915 1027 976 Neo
1049 918 1127 979 enim
1143 918 1297 982 bominum
1314 923 1359 982 si-

127 1016 210 1078 milis
232 1023 278 1076 est
299 1013 395 1083 Deus,
426 1031 481 1072 nec
509 1012 633 1072 divisam
661 1012 750 1075 babet
776 1023 921 1076 naturam.
968 1017 1156 1098 Quapropter
1184 1039 1281 1099 neque
1312 1020 1359 1083 sui

127 1117 278 1179 divisione
300 1114 405 1175 Filium
429 1121 559 1192 generat,
584 1121 616 1174 ut
638 1124 668 1175 et
690 1115 754 1193 ipse
776 1116 896 1178 alterius
912 1126 996 1196 pater
1018 1120 1077 1192 fiat,
1101 1140 1167 1182 cum
1182 1141 1279 1201 neque
1294 1123 1360 1202 ipse

125 1220 171 1282 sit
192 1238 227 1279 ex
248 1224 343 1296 patre,
367 1234 463 1294 neque
484 1214 576 1276 Filius
598 1233 667 1295 pars
691 1216 731 1277 sit
751 1219 855 1296 patris.
899 1219 999 1297 ltaque
1021 1221 1112 1284 Filius
1135 1242 1196 1284 non
1227 1234 1443 1302 gonerannus·

125 1328 164 1383 ιιι
183 1321 251 1400 ipse
272 1317 390 1407 genitus
413 1326 475 1390 est,
499 1317 551 1377 sed
576 1326 654 1378 totus
677 1327 722 1379 est
744 1320 836 1381 totius
859 1321 956 1400 imago
980 1332 1006 1383 et
1030 1324 1188 1403 splendor3
1217 1334 1305 1404 atque
1327 1327 1358 1388 in

125 1422 194 1484 sola
218 1420 366 1481 divinitate
388 1418 476 1479 Pater
498 1420 618 1498 proprie
641 1428 688 1481 est
708 1429 803 1499 pater,
827 1430 857 1482 et
871 1421 963 1484 Filius
985 1427 1106 1505 proprie
1128 1435 1175 1487 est
1196 1427 1285 1502 tilius,
1307 1429 1358 1507 qui
1434 1455 1441 1472 =

124 1523 218 1586 Pater
240 1540 359 1599 semper
381 1521 436 1580 suit
456 1530 556 1598 pater,
587 1530 617 1581 et
636 1521 728 1583 Filius
758 1523 869 1601 pariter
891 1544 1010 1604 semper
1031 1528 1087 1588 tuit
1107 1527 1195 1589 filius.
1242 1529 1356 1600 Quem-

124 1624 289 1687 admodum
311 1623 380 1684 item
403 1641 553 1700 nunquam
576 1623 662 1684 Pater
684 1625 799 1685 futurus
822 1634 870 1686 est
896 1626 990 1701 tibus,
1022 1629 1077 1689 sic·
1093 1648 1243 1708 nunquam
1264 1630 1356 1692 Filius

123 1722 246 1789 futurus
269 1734 316 1787 est
337 1734 430 1805 pater.
475 1725 513 1785 Et
534 1733 567 1786 ut
588 1744 737 1804 nunquam
757 1727 844 1788 Pater
866 1728 981 1789 desinet
1003 1731 1086 1791 solus
1109 1751 1178 1793 esse
1200 1741 1293 1810 pater,
1317 1732 1357 1793 ita

122 1829 222 1892 Filius
245 1847 393 1908 nunquam
416 1827 532 1888 desinet
555 1847 623 1888 esse
646 1828 730 1888 sotus
752 1828 841 1890 filius.
885 1829 978 1890 Nemo
1002 1831 1090 1910 igitur
1112 1833 1172 1893 nisi
1191 1842 1289 1894 mente
1305 1853 1356 1894 oa-

121 1939 198 2012 ptus
221 1931 326 1990 dixerit
354 1929 399 1990 vel
428 1929 629 2007 cogitaverit?
646 1931 766 1990 fratrem
796 1949 864 1991 esse
890 1930 981 2005 Filio,
1017 1941 1047 1994 et
1072 1952 1182 1995 nornen
1209 1935 1255 1995 avi
1277 1935 1357 1996 Patri

122 2033 298 2094 convenire.
342 2030 418 2090 ilinc
440 2030 518 2089 enim
540 2048 686 2108 nusquam
709 2030 739 2091 in
762 2031 924 2111 Scripturis
948 2033 1040 2094 sacris
1064 2035 1192 2115 Spiritus
1214 2036 1291 2096 filius
1308 2037 1356 2096 di-

122 2142 193 2196 etus
217 2141 279 2204 est,
310 2152 347 2192 ne
369 2133 460 2192 frater
489 2151 556 2192 esse
580 2133 816 2206 existimaretur,
846 2135 888 2194 uti
915 2153 970 2196 nee
998 2135 1075 2197 filius
1097 2137 1180 2208 Filii,
1210 2156 1246 2198 ne
1269 2138 1358 2199 Pater

122 2254 201 2298 avus
224 2234 404 2295 crederetur.
451 2232 509 2293 Sed
532 2232 622 2293 Filius
646 2233 741 2295 Patris
765 2243 811 2295 est
832 2235 921 2305 fitius,
945 2246 973 2296 et
996 2237 1124 2315 Spiritus
1144 2239 1241 2299 Patris
1264 2240 1357 2318 spiri·

122 2345 175 2398 tus
200 2336 295 2397 dietus
318 2344 373 2408 est,
397 2344 484 2413 atque
506 2334 546 2395 ita
569 2354 626 2396 una
650 2335 801 2397 Trinitatis
824 2336 960 2398 divinitas
984 2346 1013 2399 et
1035 2339 1108 2400 fides
1131 2346 1187 2401 est.

215 2644 264 2702 17.
310 2639 454 2711 Quocirca
478 2657 542 2699 eam
565 2656 682 2716 quoque
705 2637 743 2698 ob
765 2639 912 2700 rationem
936 2639 1048 2700 insania
1072 2640 1138 2700 sine
1154 2639 1243 2701 dubio
1267 2640 1357 2702 fuerit

120 2741 316 2812 contendere,
340 2760 403 2801 rem
427 2748 554 2801 creatam
576 2739 656 2800 ilium
680 2758 759 2801 esse.
804 2740 877 2801 Nam
900 2741 927 2801 si
948 2760 997 2802 res
1020 2749 1117 2802 ereata
1139 2748 1230 2812 esset,
1254 2741 1355 2802 Trini-

121 2844 176 2905 tati
206 2861 267 2902 non
296 2842 513 2920 adiungeretur.
558 2841 630 2901 Nam
661 2849 721 2902 tota
752 2861 829 2903 unus
852 2841 930 2903 Deus
959 2852 1013 2903 est.
1058 2842 1138 2902 Satis
1174 2861 1244 2920 ergo
1267 2842 1358 2904 suerit

120 2962 323 3023 cognoscere,
354 2942 497 3021 Spiritum
520 2961 583 3003 rem
607 2951 735 3003 creatam
757 2960 817 3003 nou
842 2963 908 3007 esse
931 2962 986 3004 nee
1013 2943 1103 3005 rebus
1127 2943 1235 3005 creatis
1258 2961 1355 3005 annu-

120 3046 244 3108 merari.
289 3043 441 3122 Siquidem
463 3044 537 3104 nibil
559 3043 686 3104 alienum
704 3043 840 3104 Trinitati
863 3045 1052 3117 admiscetur,
1077 3045 1129 3106 sed
1153 3045 1304 3105 individua
1326 3053 1357 3106 et

120 3148 181 3209 sibi
212 3146 268 3225 ipsi
299 3145 403 3206 similis
427 3153 483 3204 est.
527 3144 606 3205 liaeo
635 3144 754 3223 inquam
782 3145 917 3206 fidelibus
945 3146 1018 3206 satis
1048 3164 1116 3206 esse
1145 3141 1268 3218 debent,
1298 3146 1358 3207 bue

122 3268 221 3328 usque
243 3249 370 3309 bumana
394 3246 522 3325 cognitio
545 3247 701 3336 pervenire
723 3255 832 3325 potest,
855 3247 903 3307 bio
925 3246 1083 3308 Cherubim
1106 3246 1159 3307 alis
1182 3246 1286 3313 faeiem
1302 3265 1353 3307 ve-

119 3353 195 3413 lant.
241 3350 299 3422 Qui
321 3359 418 3410 autem
442 3349 488 3409 bis
512 3349 594 3426 plura
618 3348 734 3426 quaerit
755 3356 785 3409 et
806 3348 981 3426 investigare
1003 3349 1093 3427 eupit,
1120 3350 1284 3431 refragatur
1305 3347 1354 3408 di·

120 3452 217 3515 centi:
242 3451 286 3512 Ne
303 3452 377 3530 plus
399 3455 501 3529 sepios
525 3469 612 3530 οιιοοι
634 3468 753 3512 neeesse
774 3462 833 3520 est,
857 3469 894 3511 ue
919 3452 1121 3529 obstupescas.
1168 3450 1251 3522 Quae
1274 3448 1353 3509 eninr
1379 3454 1382 3460 '

119 3553 181 3614 fide
207 3552 311 3612 tradita
333 3562 412 3624 sunt,
436 3552 508 3612 baec
529 3570 589 3611 non
613 3553 741 3612 bumana
763 3552 906 3630 sapientia
930 3552 1106 3630 expendere,
1130 3551 1183 3612 sed
1205 3550 1274 3610 srdei
1298 3570 1353 3612 au·

120 3655 186 3716 ditu
210 3654 344 3732 excipere
368 3653 513 3713 convenit.
559 3652 642 3725 Qube
665 3653 743 3712 enim
767 3653 861 3712 oratio
886 3671 935 3724 ea,
965 3671 1040 3730 quae
1070 3659 1195 3715 creatam
1220 3660 1355 3714 naturam

120 3755 346 3825 transcendunt,
369 3754 456 3833 digne
479 3754 576 3832 possit
598 3751 768 3833 explicare?
811 3754 863 3814 Vel
885 3772 1029 3832 quaenam
1057 3734 1168 3831 quaeso
1191 3772 1279 3814 aures
1303 3771 1353 3813 ea-

157 3958 177 3990 e.
198 3940 291 3988 νοοῖτο
317 3942 384 3989 abest
409 3955 421 3989 a
446 3940 502 4001 fleg
523 3940 545 3987 ι.
570 3939 711 4001 S'cgnorisn
766 3930 878 4019 εἴρηται.
915 3939 974 3988 ibid
995 3939 1083 4000 Regni
1103 3946 1126 3987 et
1139 3939 1211 3995 Sego
1228 3932 1281 4001 μία
1299 3946 1356 4000 post

119 4011 194 4059 Basii.
215 4009 312 4058 Gobier.
333 4017 355 4056 et
367 4008 470 4056 Feicbm
487 4008 508 4056 ι.
545 4007 604 4055 ibid.
617 4008 672 4066 theg
693 4007 712 4054 ι.
766 4001 852 4057 obruto
870 4007 958 4054 babent
979 4015 1002 4054 et
1020 4021 1100 4055 rocem
1120 3997 1200 4069 αγίιις
1218 4007 1337 4054 omittunt.

120 4080 260 4138 etS‘egner.
272 4067 358 4123 ἀλλ’ι
347 4067 445 4129 ovida,
467 4069 630 4154 τοῦπατρὸς
649 4067 711 4125 υἱός.
800 4076 816 4121 ι
842 4075 900 4152 Hffeg
921 4068 1104 4139 1.ὄμοοοσιόι.
1142 4074 1267 4132 bdoxbeg
1291 4073 1312 4120 ι.
1331 4081 1355 4122 et

119 4146 262 4197 Goblerirn
281 4154 304 4192 et
323 4144 426 4221 Feickm.
449 4143 468 4190 ι.
496 4152 540 4191 art.
559 4135 714 4190 demittunt.
765 4144 836 4202 Sego.
851 4134 982 4193 (irridente.
1007 4143 1050 4190 ΑΙιι
1065 4151 1088 4189 et
1101 4139 1282 4218 edrtrncprotc
1302 4140 1354 4189 ιιοι

118 4214 183 4262 Ειιιιι
202 4223 225 4261 et
245 4213 284 4260 alii
296 4202 349 4258 ἀλλ’
366 4204 423 4262 uide
434 4224 482 4257 τοο
493 4223 624 4277 nesporo
644 4201 709 4261 υἱός.
765 4210 834 4259 Gobt.
846 4218 868 4257 et
880 4211 983 4258 Fetcbm.
993 4210 1014 4256 1.
1022 4212 1134 4258 omittunt
1146 4196 1351 4273 ἰνᾶνιιριιίιιοις.

116 4282 148 4331 Et
167 4295 222 4330 mox
243 4282 298 4340 [teg.
312 4280 332 4328 l.
351 4280 456 4356 Seguer.⁴
470 4280 567 4327 Gobter.
586 4287 609 4326 et
628 4278 712 4325 retcx·
797 4291 820 4337 g.
839 4278 879 4325 Sic
903 4279 959 4338 neg.
977 4277 997 4325 ι.
1033 4285 1056 4325 et
1080 4279 1186 4326 Graecus
1213 4277 1354 4338 Scripturas

117 4349 246 4398 mannil.
270 4341 317 4394 καὶ
341 4340 397 4392 τὸ
390 4344 512 4410 πνεῦμα,
543 4345 590 4392 τοῦ
608 4338 713 4424 πατρὸς
763 4353 848 4393 textus.
884 4344 963 4393 Ceteri
983 4352 1005 4392 et
1024 4346 1080 4392 editi
1103 4338 1197 4389 πολλά.

116 4417 228 4482 πνεῦμα
247 4408 359 4493 εἴρηται.
404 4415 482 4463 Ceteri
501 4423 524 4461 et
542 4415 598 4462 editi
616 4406 661 4459 και
679 4407 710 4459 τὸ
796 4412 820 4461 b
840 4413 929 4474 ιιοςηι
949 4414 1047 4473 Segner.
1067 4412 1165 4461 Gobier
1180 4408 1352 4463 ethicbmml

115 4484 228 4551 πνεῦμα
246 4481 296 4531 τοῦ
314 4475 432 4549 πατρὸς,
461 4494 510 4528 τοο
528 4473 588 4528 οἱοῦ
605 4478 712 4546 πνεῦμα
763 4479 891 4530 συνεῖναι.
1297 4510 1300 4518 1
