2948 5092
506 272 928 351 rrorsromrnaorsrrrron.¹
1234 267 1296 331 853

71 429 153 492 servi
181 426 424 506 acceptabilius,
457 418 565 505 quiin
594 426 688 487 torma
711 424 764 487 Dei
787 435 847 500 est,
881 427 1044 490 diminutus
1067 406 1382 510 divinitate'estvou,

72 529 129 592 sed
161 537 264 615 eontra
297 529 453 590 universae
487 527 583 588 earnis
613 544 773 607 rerumque
802 529 935 596 omnium
964 541 1129 594 creatarum
1155 533 1297 598 liberator

71 633 138 712 ipse
167 631 231 693 init
274 630 310 690 Et
339 648 411 689 vero
440 629 465 689 si
487 628 567 690 Deus
589 627 695 691 Filium
723 647 810 690 suurn
839 628 923 692 misit
951 641 986 692 ex
1008 632 1131 695 muliere
1152 636 1296 713 genitum,

68 733 146 795 nibil
169 751 240 794 saue
262 731 429 803 dedecoris,
452 730 505 790 sed
527 730 627 809 potins
649 729 773 808 gloriam
796 739 826 792 et
847 732 970 810 gratiam
992 720 1231 812 magnam'nobia
1245 755 1382 800 resnou.

70 834 122 896 illa
152 835 341 914 comparavit.
386 832 539 911 Siquidem
567 834 660 894 iactus
687 831 778 892 bomo
809 841 872 905 est,
904 842 936 894 ut
956 852 1013 895 nos
1036 835 1066 924 ip
1091 836 1194 916 seipso
1216 838 1297 902 boos

36 1018 47 1023 -
70 935 213 1008 efficeret,
238 937 330 996 taetus
353 943 399 996 est
421 953 456 994 ex
478 933 602 995 muliere
624 940 655 995 et
675 934 792 1012 genitus
816 942 863 996 est
886 953 922 996 ex
942 935 1071 1014 virgine,
1094 945 1127 999 ut
1149 947 1298 1002 errantem
1347 1014 1350 1022 Ι

68 1039 171 1101 nostri
194 1045 292 1098 ortum
316 1037 488 1097 transferret
511 1035 541 1096 in
564 1035 708 1114 seipsum,
730 1044 818 1114 atque
841 1035 898 1096 iam
921 1054 978 1097 nos
1000 1054 1094 1116 genus
1117 1047 1251 1102 sanetum
1268 1050 1298 1104 et

69 1138 191 1202 divinae
220 1146 376 1200 consortes
398 1146 519 1198 naturae
542 1137 742 1210 efficeremur,
775 1137 1022 1216 quemadmodum
1045 1139 1168 1219 scripsit
1187 1141 1296 1206 Beatue

69 1240 189 1315 Petrus.
234 1239 318 1301 Unde
345 1241 425 1322 quod
450 1238 636 1320 impossibiie
663 1248 730 1301 erot
759 1238 831 1318 legi,
860 1243 893 1300 in
921 1258 978 1320 quo
1000 1241 1219 1320 infirmabatur
1238 1261 1297 1324 per

66 1359 209 1414 euroeae,
240 1342 322 1403 Deus
350 1346 442 1403 misso
466 1341 543 1403 Filio
571 1357 627 1403 ruo
649 1340 929 1404 imsimilitudinem
951 1347 1053 1404 eureis
1073 1348 1191 1423 peceati
1210 1355 1240 1408 et
1262 1347 1297 1410 da

63 1457 193 1528 perroto
218 1445 371 1505 domuooit
389 1453 543 1523 peecatum
565 1446 598 1503 ia
621 1460 722 1503 earne.

132 1616 137 1623 ,
157 1550 187 1610 5.
231 1545 275 1606 An
298 1563 357 1605 non
381 1544 470 1623 igitur
491 1543 541 1615 illi,
565 1543 616 1623 qui
638 1551 799 1606 assumtam
823 1543 949 1606 aVerbo
965 1563 1093 1619 earnem,
1117 1565 1175 1627 quo
1191 1565 1296 1612 omnes

65 1648 211 1712 homines
244 1647 397 1719 liberaret,
432 1664 467 1707 ex
496 1645 622 1707 mortuis
654 1632 848 1707 exsuscitaret
877 1648 1104 1727 apeooatisque
1125 1649 1296 1724 redimeret,

64 1750 264 1831 vilipendunt,
287 1748 331 1809 vei
355 1748 418 1809 eius
441 1766 529 1809 eausa
552 1748 658 1809 Filium
680 1746 734 1808 Dei
757 1757 894 1828 tanquam
916 1768 981 1810 reru
1002 1750 1108 1811 saetam
1130 1759 1297 1814 creatumve

63 1851 297 1924 calumniantur,
320 1851 426 1929 ingrati
449 1850 588 1928 omnique
611 1849 681 1910 odio
697 1849 777 1928 digni
794 1851 886 1911 videri
902 1849 1035 1913 debent?
1071 1853 1199 1915 Tantum
1217 1852 1297 1915 enim

63 1969 131 2018 uon
159 1954 199 2016 ita
228 1953 354 2015 clamant
382 1952 417 2013 ad
439 1952 549 2014 Deum:
582 1951 651 2024 „Ne
680 1951 780 2013 mittas
802 1951 910 2013 Filium
938 1962 1021 2016 tuum
1053 1954 1236 2034 unigenitum
1263 1954 1297 2016 iu

62 2074 228 2132 „onmem
251 2055 312 2115 noti
335 2055 431 2133 ipsum
455 2072 573 2115 carnem
596 2072 632 2114 ex
653 2053 773 2131 Virgine
796 2054 946 2134 accipere,
970 2074 1085 2117 nenos
1108 2075 1125 2117 a
1148 2067 1245 2118 morte
1267 2062 1297 2118 et

15 2183 22 2192 ¹
51 2167 222 2239 ·„peeeato
251 2156 365 2217 liberet.
410 2155 553 2217 Nolumus
581 2155 661 2216 buno
688 2155 769 2216 nasci
799 2156 996 2236 incorpore,
1031 2176 1067 2217 ne
1090 2164 1217 2218 mortem
1238 2174 1296 2237 pro

59 2258 183 2336 „nobis
206 2257 359 2336 suscipiat,
383 2258 521 2318 nolumus
544 2256 671 2317 Verbum
694 2274 813 2318 carnem
834 2257 910 2330 tieri,
932 2277 970 2319 ne
992 2258 1089 2320 nostri
1110 2259 1147 2319 ad
1170 2267 1198 2319 te
1220 2252 1295 2337 pro·

62 2377 224 2441 „gressus
248 2359 394 2421 mediator
416 2359 445 2419 in
469 2377 503 2420 ea
525 2359 575 2418 tiat
597 2357 798 2436 caelestesque
820 2359 928 2421 domos
938 2359 1113 2421 incolamus.
1147 2357 1294 2420 Claudan-

60 2472 145 2538 „tur
167 2461 315 2524 caelorum
339 2461 453 2532 ianuae,
476 2478 513 2519 ne
537 2468 618 2519 tuum
638 2459 766 2521 Verbum
788 2478 844 2538 per
866 2460 964 2521 earnis
987 2479 1058 2522 suae
1079 2459 1212 2521 velamen
1235 2477 1293 2521 no·

61 2564 144 2639 „bis
176 2563 233 2641 iter
260 2562 296 2623 ad
325 2563 422 2623 oaetos
445 2567 599 2623 renovet.“
644 2559 688 2621 En
712 2560 848 2638 quesibi
872 2580 959 2622 voces
982 2560 1126 2623 diabolica
1148 2580 1215 2623 oum
1237 2578 1292 2623 au·

58 2666 150 2729 dacia
182 2666 354 2745 proterunt,
388 2681 444 2741 qua
478 2661 580 2729 eadem
614 2660 773 2740 instigante
800 2680 889 2740 prava
919 2661 976 2724 sibi
1004 2662 1062 2741 ipsi
1091 2662 1294 2741 excogitavere

57 2776 243 2831 commenta.
287 2764 359 2825 Nam
383 2763 432 2842 qui
456 2762 582 2823 Verbum
605 2780 723 2824 earnem
743 2764 854 2824 iactum
877 2763 1000 2824 adorare
1022 2772 1170 2837 recusant,
1193 2764 1225 2824 bi
1243 2762 1293 2825 in·

58 2876 167 2949 gratos
200 2868 231 2928 in
263 2867 326 2927 eius
360 2865 570 2943 benignitatem
599 2881 669 2925 sese
697 2864 853 2937 exhibent,
888 2883 944 2943 qua
971 2865 1129 2927 humanam
1151 2863 1295 2927 assumsit

63 2977 213 3032 naturam.
259 2968 317 3039 Qui
345 2976 442 3028 autem
465 2965 592 3027 Verbum
622 2969 647 3026 a'
664 2983 752 3026 earne
782 2964 940 3038 dirimunt,
974 2967 1004 3027 bi
1027 2968 1161 3045 proiecto
1183 2965 1294 3028 nuliam

58 3071 179 3151 peceati
201 3069 416 3130 redemtionem
440 3067 585 3129 nullamve
607 3067 713 3128 mortis
737 3067 917 3128 solutionem
940 3075 1093 3128 autumant
1108 3068 1183 3130 fieri.
1219 3066 1293 3129 Ubi·

61 3191 136 3234 nam
158 3184 230 3231 vero
253 3188 388 3242 earnem,
411 3188 497 3248 qivans
521 3168 657 3239 Salvator
679 3169 806 3247 accepit,
831 3186 968 3229 seorsum
991 3168 1121 3248 positam
1142 3168 1295 3248 reperient
1316 3173 1321 3183 ’

57 3272 160 3352 impii,
185 3283 217 3333 ut
239 3279 269 3333 et
291 3272 388 3332 dicere
412 3272 555 3332 audeant:
578 3269 640 3331 Nos
661 3287 723 3331 uon
746 3269 905 3331 adoramus
922 3271 1083 3334 Dominum
1105 3290 1173 3333 oum
1194 3289 1294 3346 earne,

60 3376 121 3437 sed
147 3393 257 3454 eorpus
286 3392 460 3452 separamus
489 3380 518 3432 et
547 3371 603 3432 soii
626 3371 754 3433 Domino
778 3371 952 3434 servimus?
996 3374 1073 3434 Sane
1097 3373 1200 3436 beatus
1222 3372 1293 3435 sto-1

59 3477 182 3557 pbanus
206 3476 363 3537 bominum
397 3494 413 3534 a
446 3475 557 3535 dextris
592 3480 720 3535 stantem
750 3474 838 3548 vidit,
870 3474 973 3554 Angeli
997 3494 1114 3555 quoque
1136 3473 1293 3554 Discipulis

58 3577 197 3640 aiebant:
236 3577 286 3639 Sic
319 3580 417 3639 veniet
444 3576 690 3656 quemadmodum
719 3577 839 3638 vidistis
869 3596 936 3638 eum
965 3588 1086 3639 euntem
1112 3582 1144 3638 iu
1169 3576 1291 3638 eoelum.

64 3679 146 3751 Quin
176 3688 205 3740 et
234 3679 298 3758 ipse
319 3679 464 3740 Dominus
486 3678 604 3739 Patrem
633 3677 784 3756 alloquens
807 3678 894 3738 dixit:
928 3678 998 3740 Volo
1021 3689 1056 3739 ot
1078 3678 1133 3740 ubi
1152 3696 1219 3739 sum
1241 3695 1292 3756 ego

57 3791 93 3844 et
115 3780 166 3841 iiii
185 3799 302 3860 semper
325 3786 387 3842 rint
408 3799 532 3841 meeum.
578 3778 611 3839 Si
638 3778 728 3857 igitur
750 3797 818 3839 earo
842 3797 859 3838 a
882 3779 976 3840 Verbo
999 3778 1101 3856 nequit
1123 3777 1230 3851 dividi,
1254 3796 1293 3839 an

58 3899 126 3943 non
148 3900 273 3942 necesse
296 3889 341 3942 est
363 3880 430 3941 ilios
453 3888 503 3942 aut
526 3898 628 3942 errore
651 3879 788 3959 deposito
812 3880 869 3941 iam
890 3881 1007 3942 Patrem
1031 3879 1061 3939 in
1084 3878 1205 3960 nomine
1227 3877 1290 3940 Do·
1353 3923 1358 3935 a
1449 3897 1453 3905 ·

96 4186 118 4217 a.
138 4170 237 4229 Seguer.
256 4169 327 4219 basii.
344 4169 467 4231 etbngiic.
485 4162 529 4214 καὶ
547 4160 652 4221 πάντας
695 4167 754 4217 ’Μοι
769 4169 867 4229 Seguer.
886 4159 1015 4233 προόδου.

56 4230 164 4303 ἁμαρτ·
736 4270 760 4317 d.
778 4268 819 4318 Sie
837 4270 935 4330 Segoer.
955 4269 1028 4318 basii.
1047 4276 1071 4317 et
1087 4269 1210 4331 Angiican.
1245 4269 1290 4318 stit

98 4341 121 4386 b.
141 4339 181 4387 Sic
199 4340 299 4399 Seguer.
325 4346 394 4401 atquae
414 4340 443 4386 ita
464 4338 519 4399 legit
537 4338 651 4386 Nunnius.
703 4351 757 4385 vero
776 4348 799 4385 et
819 4338 876 4386 editi
894 4329 943 4388 σός
961 4338 1080 4389 omittunt.

56 4407 106 4456 Am
128 4415 150 4454 εἰ
170 4406 226 4456 ⁰¹³¹st
245 4414 357 4454 ⁰³¹¹¹¹⁰¹¹²
375 4397 390 4464 ἢ
409 4408 564 4470 mmmm
737 4453 758 4486 e.
776 4438 816 4487 Sic
835 4453 919 4487 omnes
939 4451 998 4487 msa.
1034 4437 1094 4488 itate
1119 4444 1199 4488 autern
1217 4436 1290 4488 editio

95 4522 117 4558 e.
137 4505 177 4556 Sic
194 4520 279 4557 omnes
292 4520 351 4556 mss.
382 4499 649 4558 Editireroimido.
703 4506 820 4557 Commel.
840 4496 872 4555 οὗ
889 4506 986 4558 omittit.
