2948 5092
447 252 574 302 nmmo
589 257 611 300 t.
627 256 745 301 course
758 247 893 302 munos.
1219 244 1285 308 '171

66 414 103 471 u't
121 409 269 490 splendor
289 408 410 490 ptorise
431 417 460 471 et
473 409 577 490 fiporo
590 410 778 471 substantioe
800 411 875 481 uos,
901 416 931 470 et
944 408 1035 470 osvio
1057 409 1088 471 in
1104 411 1374 490 octogesimum

64 528 138 573 nono
154 510 278 572 Psalmo
300 517 403 573 canat:
426 509 465 571 Bt
486 513 527 572 sit
547 510 694 591 splendor
708 510 833 572 Domini
851 528 946 591 super
967 528 1034 583 uos,
1056 519 1099 574 et:
1122 517 1154 575 iu
1177 513 1288 578 tomus

63 607 111 675 iso
132 612 303 675 uestem
326 611 443 686 iussam
465 612 532 692 quis
555 612 630 673 odeo
652 612 775 674 demens
797 611 837 673 sit
858 619 891 673 ut
905 612 1027 686 dubitet,
1049 622 1147 676 utrum
1170 633 1290 696 semper

62 714 147 776 fuerit
166 712 289 776 Filius?
322 713 448 788 Quando
470 714 550 776 enim
566 714 634 794 quis
648 713 743 776 iucem
758 713 831 775 vidit
845 713 958 793 absque
972 715 1140 795 splendoris
1162 717 1287 796 fulgore,

62 824 92 877 ut
110 816 148 878 de
169 815 248 878 mtto
270 815 379 878 audeat
400 816 513 878 dicere:
536 815 604 877 Fuit
625 814 782 896 aliquando
805 833 871 877 oum
894 833 955 877 non
971 826 1060 891 esset,
1082 818 1129 881 vel
1143 818 1209 880 Non
1225 827 1372 881 erutum.

62 925 218 997 antequam
250 916 448 980 nasceretur?
490 917 552 978 lam
581 917 667 989 illud,
701 917 780 996 quod
810 917 841 978 in
870 918 1033 980 centesimo
1061 921 1287 1002 quadragesimo

62 1026 163 1097 quarto
186 1017 309 1080 Psalmo
330 1018 367 1081 sd
389 1018 494 1081 Filium
516 1018 639 1080 dieitur:
660 1017 794 1098 nequem
816 1030 902 1082 tuom
917 1038 1043 1099 sapsam
1065 1027 1198 1085 omrtiom
1220 1043 1289 1087 soa-

64 1119 209 1192 euiom,
232 1126 314 1181 rorte
335 1137 398 1181 non
419 1119 491 1181 sinit
511 1136 687 1199 quemquam
708 1121 755 1181 vel
776 1119 931 1181 minimum
947 1121 1130 1185 intervalium
1148 1125 1286 1203 cogitare,

64 1220 91 1280 in
110 1239 170 1300 quo
192 1238 257 1282 non
279 1221 426 1283 exstiterit
440 1221 578 1283 Verbum.
623 1221 656 1283 Si
678 1221 756 1283 enim
779 1240 867 1283 omne
889 1222 1074 1285 intervallum
1090 1224 1216 1286 saeculis
1232 1226 1286 1286 de·

65 1321 174 1396 finum,
205 1323 399 1404 omniumque
421 1324 607 1391 soeculorum
629 1342 681 1385 rex
703 1331 732 1385 et
755 1323 853 1403 opifex
883 1332 930 1385 est
951 1324 1094 1400 Verbum,
1123 1344 1190 1387 oum
1219 1334 1288 1388 ante

65 1423 158 1503 ipsmn
180 1424 296 1487 nulium
317 1425 364 1486 rel
388 1425 531 1488 tantillum
554 1425 593 1486 sit
614 1425 813 1498 intervallum,
847 1444 909 1487 non
932 1433 979 1488 est
999 1426 1138 1501 dubium,
1166 1429 1238 1506 quin
1259 1428 1287 1490 is

65 1525 188 1588 insaniat
202 1527 405 1602 vehementer,
428 1528 477 1607 qui
499 1527 621 1589 dixerit:
643 1527 712 1589 Fuit
732 1527 889 1606 aliquando
912 1547 978 1589 cum
1000 1547 1062 1589 non
1083 1537 1167 1591 esset
1187 1537 1286 1591 aeter-
1339 1574 1342 1582 .

64 1644 125 1699 nos,
147 1636 180 1689 et
200 1627 245 1689 Ex
267 1627 360 1689 nihilo
383 1637 430 1691 est
449 1628 551 1691 Filius.
595 1630 750 1691 Praeterea
772 1648 839 1691 oum
861 1630 937 1692 diost
959 1629 1120 1704 Dominum
1143 1630 1205 1711 Epo
1220 1650 1287 1694 som

64 1733 189 1800 veritos,
218 1746 276 1791 neo
297 1728 388 1790 disat:
416 1729 478 1808 Ego
500 1732 594 1792 faetus
617 1749 685 1794 sum
707 1731 830 1804 veritas,
861 1732 915 1793 sed
936 1730 1044 1811 ubique
1065 1732 1189 1795 verbum
1211 1734 1287 1796 snm

64 1829 212 1902 adhibeat,
240 1838 289 1892 ut:
318 1830 381 1909 Bpo
403 1851 471 1893 som
488 1843 615 1911 postor,
640 1852 691 1912 epo
716 1852 782 1894 sum
806 1834 875 1904 loeo,
899 1842 928 1893 et
950 1852 1068 1895 rursus:
1101 1833 1209 1897 Nouae
1231 1853 1286 1898 uos

63 1935 175 1993 ooeots's
196 1951 244 1993 ote
264 1931 428 1994 nemnem
450 1933 679 2012 etMopistrum,
702 1944 730 1996 et
752 1935 823 1996 tene
846 1935 960 2007 dicium
985 1953 1052 1996 sum
1074 1940 1197 2009 eteue'm3
1219 1937 1286 2014 quis

63 2029 151 2094 Deum
174 2041 205 2094 et
226 2034 408 2114 Sapientiam
430 2042 460 2096 et
479 2033 607 2095 Verbum
628 2035 726 2097 Patris
749 2054 783 2096 ea
804 2055 886 2109 voce,
914 2055 980 2098 oum
1003 2036 1040 2097 de
1062 2038 1164 2116 seipso
1186 2036 1286 2116 loqui-

63 2140 115 2205 tur,
137 2142 273 2196 utentem
295 2136 420 2197 audiens
439 2136 476 2197 de
491 2136 613 2197 veritate
635 2137 731 2198 adhuc
745 2137 883 2216 ambiget,
906 2156 962 2199 nec
977 2139 1075 2199 statim
1098 2138 1207 2211 credet,
1230 2138 1288 2199 hoo

64 2235 147 2295 rerba
171 2234 248 2298 Sum
268 2236 392 2298 indicari
413 2238 519 2299 Filium
548 2246 702 2300 aeteruum
732 2256 801 2300 esse
829 2246 858 2300 et
885 2239 949 2300 sine
977 2239 1062 2301 initio
1091 2249 1159 2301 ante
1188 2239 1287 2301 omnia

64 2337 175 2399 saeouh
197 2336 351 2399 existere?

146 2745 198 2806 13.
245 2741 332 2814 Quod
355 2760 425 2820 ergo
449 2741 619 2822 scripturae
640 2761 740 2805 saoras
762 2742 866 2803 Filium
894 2752 1044 2803 aeternum
1074 2762 1142 2805 osse
1164 2763 1285 2807 asseve-

60 2853 132 2916 rent,
149 2850 234 2923 patet
251 2861 287 2904 ex
301 2843 405 2916 dictis3
427 2844 507 2922 quod
522 2853 619 2905 autem
641 2864 716 2924 quae
731 2844 865 2905 dictitant
874 2844 983 2918 Ariani,
1007 2862 1070 2906 non
1085 2859 1159 2916 erat,
1177 2851 1287 2926 prius-

58 2964 161 3024 puom,
193 2945 328 3025 mondo,
363 2945 483 3005 eaedem
506 2945 673 3023 Scripturse
696 2945 844 3006 derebus
868 2945 973 3005 creatis
996 2946 1156 3019 affirment,
1181 2966 1214 3008 ex
1238 2947 1285 3010 di-

58 3045 160 3111 mndis
185 3045 342 3106 constabit.
386 3046 504 3125 Moyses
533 3048 612 3108 enim
640 3046 729 3109 huius
760 3046 862 3107 mundi
884 3046 1121 3125 procreationem
1144 3067 1285 3109 enarrans

58 3147 112 3207 ait:
138 3147 236 3208 Omne
257 3147 422 3226 oirpultstm
444 3152 514 3226 apri
533 3159 692 3230 antequam
706 3158 887 3210 nosceretur
908 3152 940 3208 irs
954 3158 1049 3219 terro,
1073 3160 1101 3211 et
1117 3167 1202 3211 omna
1219 3150 1287 3228 soe-

56 3268 129 3308 aum
151 3252 225 3329 aori
241 3252 422 3329 priusquam
445 3253 638 3323 consortum
666 3269 729 3312 nou
757 3255 836 3311 enim
854 3250 980 3330 plueret
1001 3250 1083 3312 Deos
1106 3269 1200 3332 super
1223 3265 1287 3313 ter-

56 3369 132 3419 reas,
158 3359 189 3410 et
210 3349 297 3410 homo
318 3368 381 3412 nost
403 3360 473 3411 erut
493 3355 547 3431 qui
567 3362 750 3430 operaretur
772 3361 896 3412 terram.
941 3351 978 3410 Et
992 3351 1021 3410 in
1037 3351 1286 3412 Deuteronomio:

57 3451 180 3530 pondo
212 3450 362 3512 dividebat
386 3452 561 3513 Attisesinus
593 3464 707 3532 peotes.
756 3453 902 3513 Dominus
937 3459 1035 3513 autem
1066 3470 1120 3530 per
1153 3453 1286 3531 seipsum
1385 3518 1388 3522 ,

56 3551 171 3611 aiebat:
200 3548 239 3611 Si
258 3550 421 3631 dils'peretis
443 3570 498 3623 me,
520 3554 691 3632 ponderetis
714 3559 832 3635 stipem,
865 3557 934 3632 quio
958 3555 1036 3624 dt'ori,
1064 3553 1142 3615 Vndo
1164 3555 1204 3615 od
1225 3553 1286 3615 Po-

56 3663 151 3721 trem,
183 3653 254 3731 poio
275 3650 367 3713 Potor
387 3657 487 3736 moion
507 3673 553 3714 me
576 3664 635 3726 est,
658 3667 687 3718 et
708 3674 789 3716 nouo
812 3656 878 3716 diui
898 3656 998 3725 uobis,
1018 3659 1197 3735 pruisquam
1219 3655 1286 3734 fiot,

55 3864 212 3936 γᾰσματος,
233 3861 315 3931 sitris
330 3864 529 3936 λαμπρότητος.
603 3926 614 3953 s
732 3889 753 3923 e.
772 3874 813 3923 Sic
832 3874 971 3935 Segnerian.
991 3873 1089 3923 Gohier.
1109 3883 1132 3922 et
1148 3874 1284 3923 ieiumi.

88 3941 112 3988 b.
131 3941 286 4001 SieSegner.
313 3939 375 3989 Boiu
393 3955 449 3989 vero
468 3933 513 3990 ὅτε
532 3932 579 3989 os’m
598 3953 644 4000 ην·
698 3943 742 3991 tto
761 3950 840 3991 sutem
859 3950 883 3991 et
901 3943 956 3990 editi
976 3936 1081 4005 σοφίαν
1097 3935 1144 3988 καὶ
1160 3934 1252 4004 λόγον.
1296 3983 1306 4003 ‚

55 4000 99 4054 ὅτι
115 4000 186 4071 πρίν
203 4015 248 4056 etc.
576 4017 584 4027 '
732 4011 747 4058 i.
767 4010 905 4061 Gobierian.
924 4017 948 4058 st
966 4009 1102 4058 Feioitmnn.
1116 4011 1138 4058 1.
1156 4003 1218 4077 περὶ
1236 4006 1285 4056 τοῦ

88 4091 112 4124 e.
130 4077 174 4125 Sis
191 4075 291 4136 Segner.
317 4075 381 4125 Editi
399 4090 454 4125 reso
468 4072 644 4142 μεμέτρηται.
697 4070 766 4125 υἱοῦ.

86 4143 112 4192 d.
130 4145 173 4194 Sis
189 4144 341 4204 Segoerian.¹
360 4143 456 4193 GobIer.
471 4152 494 4193 st
504 4145 607 4194 retum.
624 4145 645 4194 1.
732 4159 754 4207 g.
774 4145 870 4194 Gobier.
880 4152 903 4193 et
914 4143 1018 4194 Feickm.
1033 4143 1055 4192 t.
1067 4136 1081 4190 ὁ
1091 4136 1207 4209 μὲνγὰρ
1218 4142 1284 4189 Mor·

53 4220 126 4276 atque
152 4213 183 4260 ita
208 4211 300 4273 legerat
318 4211 435 4261 Nannins.
471 4211 544 4260 Basii.
562 4213 646 4274 Angli·
699 4211 748 4271 σῆς
771 4204 800 4260 ἐν
824 4210 857 4278 τῇ
879 4207 985 4290 perisso
1008 4207 1086 4276 eppei.
1114 4219 1138 4260 et
1160 4203 1285 4259 intratsi

52 4295 104 4329 een.
124 4280 199 4340 neu,
223 4288 248 4328 nt
266 4287 290 4329 et
309 4278 369 4341 legit
386 4278 553 4338 Omnibonus,
579 4265 612 4338 ἦν
630 4272 645 4327 ὃ
697 4275 748 4340 τὴν
764 4278 825 4344 γῆν.
842 4292 888 4327 και
905 4271 935 4328 ἓν
952 4277 992 4344 τῷ
1010 4271 1217 4346 δευτερονομίῳ.

52 4342 134 4412 λόγος
163 4340 178 4394 ὅ
204 4339 325 4399 αἰώνιος.
344 4345 425 4396 'Editi
452 4332 487 4404 ἢν
513 4339 528 4393 ὅ
557 4339 588 4393 λ’
607 4361 644 4401 os.
731 4350 754 4397 h.
774 4349 814 4399 Sic
832 4349 971 4409 Ssgueriau.
991 4355 1014 4396 st
1033 4348 1088 4409 fleg.
1113 4345 1206 4395 toedio
1217 4335 1286 4407 ἄγα-

52 4412 372 4476 sustentarentur.
396 4407 646 4482 eteoiutyerpp
696 4414 774 4465 nors.
810 4416 862 4466 ilos
879 4404 957 4464 sinor
975 4416 1044 4464 abest
1062 4429 1074 4462 a
1093 4415 1193 4475 Seguer.
1219 4413 1285 4462 idern

52 4476 69 4541 ἢ
87 4475 210 4544 cilinium.
697 4485 772 4550 panio
790 4492 846 4550 post
863 4474 958 4549 εἴρηκα
974 4476 1031 4551 πρὸ
1048 4479 1098 4531 τοῦ
1114 4475 1253 4546 potesse
