2948 5092
195 239 258 331 25‘6
278 242 279 247 ἵ
591 270 617 314 ε.
632 270 787 314 ιταιιιιευ
802 242 1027 315 mammeam

105 436 185 482 εισι.
193 417 305 505 κύριος
327 414 345 483 ό
368 413 506 503 ἀγαπιῦν
529 417 737 502 δικαιοσύνην
759 414 815 482 καὶ
835 420 942 500 μισῶν
964 415 1185 505 ιἀρπόιγματα
1201 419 1237 499 ἐξ
1251 415 1383 502 ἀδικίας
1392 427 1425 503 ¹).

193 513 215 586 ἀ
241 525 352 585 τοίνυν
380 515 513 606 κηἰκείνα
540 520 583 585 τὰ
609 516 739 603 ῥήματα
761 512 806 595 ιός
827 519 930 583 ταῦτα
952 516 1246 604 ίκλαμβανίτωσαν
1270 523 1425 611 (καὶγὰρ

192 614 326 708 κάκεῖνα
354 622 431 706 περὶ
460 622 518 706 τῆς
547 617 672 696 εἰκόνος
700 620 758 683 τοῦ
780 620 865 683 θεοῦ
887 622 1100 704 γέγραπται),
1130 613 1228 706 ἢκαί
1248 626 1355 690 ταῦτα
1377 620 1425 703 ιδς

192 720 300 789 ἐκεῖνα
321 724 427 799 κακιῦς
450 718 680 803 διανοούμενοι
701 717 843 802 τρεπτὸν
858 721 911 785 καί
926 717 984 785 τόν
999 725 1129 805 πατέρα
1151 720 1424 791 1’ίπινοείτωσοιν

193 821 223 890 εί
245 823 280 889 δὲ
302 821 358 887 καί
378 821 481 906 μόνον
503 815 634 888 ἀκούειν
655 822 753 886 τοῦτο
777 818 936 905 λεγόντων
959 820 1080 906 ἑτέρων
1102 815 1161 887 οῦκ
1182 822 1273 888 ἔστιν
1290 817 1424 890 ἀκίνδυ-

192 946 265 1004 νον,
289 922 346 989 διὰ
366 924 465 989 τοῦτο
487 922 595 1001 καλῶς
617 919 845 1004 διανοούμεθα
864 919 903 985 τὸ
926 921 1085 1006 λέγεσθαι
1106 920 1270 990 τὸνθεόν
1293 925 1423 991 δικαιο-

192 1021 293 1104 σύνας
315 1017 448 1110 ἀγαπᾷν
470 1026 525 1089 καὶ
545 1033 656 1107 μισεῖν
680 1017 881 1108 ἁρπάγματα
903 1021 939 1102 ἒξ
960 1016 1099 1101 ἀδικίας,
1124 1019 1183 1106 οῦχ
1205 1019 1250 1103 ὦς
1273 1022 1332 1091 ἐπὶ
1353 1025 1422 1092 θά-

188 1116 398 1212 τεραέροπὴν
421 1124 552 1208 ἔχοντος
573 1120 673 1191 αὐτοῦ
695 1124 750 1188 καί
773 1121 919 1190 δεκτικοῦ
941 1125 1017 1189 οτοῦ
1039 1120 1199 1203 ἐναντίου,
1223 1120 1307 1204 ιῦςτε
1321 1130 1422 1193 τοῦτο

188 1226 249 1310 μὲν
272 1225 481 1312 ἐκλέγεσθαι,
510 1226 613 1294 ἐκεῖνο
637 1226 673 1292 δὲ
694 1223 738 1310 μὴ
763 1223 953 1309 αἱρεῖσθαι,
981 1225 1080 1290 τοῦτο
1102 1223 1164 1310 γὰρ
1186 1228 1253 1292 τιῦν
1275 1231 1420 1314 γενητῶν

186 1324 275 1393 ἴδιόν
304 1326 409 1394 ἐστιν·
439 1319 508 1395 ἀλλ’
539 1322 593 1393 ότι
620 1321 665 1405 ὥς
693 1320 804 1411 κριτὴς
830 1323 907 1404 τοῦς
934 1326 994 1410 μὲν
1022 1325 1170 1404 δικαίους
1191 1321 1329 1415 “ἀγαπᾷ
1356 1330 1412 1395 καὶ

187 1426 492 1516 προςλαμβάνεται,
523 1431 590 1495 τῶν
615 1417 655 1494 ’δὲ
676 1425 812 1515 φαύλων
832 1423 960 1511 μακρὰν
980 1430 1115 1510 γίνεται.
1160 1420 1349 1494 ἀκόλουθον
1372 1423 1423 1511 ἀν,

189 1530 240 1616 εἴη
261 1533 315 1597 καί
337 1527 418 1616 περὶ
438 1532 497 1617 τῆς
519 1527 644 1608 εἰκόνος
665 1529 724 1594 τοῦ
739 1528 824 1594 θεοῦ
838 1528 979 1593 τοιαῦτα
993 1537 1091 1608 νοεῖν,
1111 1523 1166 1594 ότι
1181 1524 1287 1608 οὕτως
1302 1523 1419 1617 ἀγαπρ

52 1649 54 1653 ’
103 1634 243 1699 καιναί
272 1635 373 1715 μισεῖ.
417 1629 572 1716 τοιαύτην
599 1629 661 1717 γὰρ
691 1622 775 1696 εἶναι
796 1624 871 1713 οτὴν
900 1625 1001 1714 φύσιν
1029 1631 1088 1715 τῆς
1110 1627 1235 1708 είκόνος
1257 1631 1324 1710 δεῖ,
1349 1627 1401 1697 οἷ’

190 1731 281 1799 ἔστιν
310 1727 328 1796 ό
357 1730 477 1819 ταύτης
505 1730 631 1817 πατήρ,
660 1723 719 1817 κάν
741 1729 775 1794 οἱ
792 1722 958 1814 Ἀρειανοὶ
982 1724 1028 1807 ὥς
1049 1729 1173 1817 τυφλοὶ
1193 1728 1276 1816 μήτε
1298 1729 1420 1818 ταύτην

188 1831 271 1920 μήτε
293 1829 375 1899 ἀλλο
395 1858 430 1898 τι
450 1835 517 1898 τιῦν
539 1828 644 1900 θείων
666 1831 785 1916 λογίων
806 1831 985 1919 βλέπωσιν.
1031 1829 1242 1910 ῑέκπεσόντες
1264 1831 1329 1917 γὰρ
1351 1834 1419 1899 τιῦν

189 1928 259 2002 ἀπὸ
281 1934 418 2019 καρδίας
440 1927 548 2000 αὐτῶν
571 1931 706 1999 ίννοιιῦν
726 1931 852 2016 μᾶλλον
875 1932 911 1998 δὲ
932 1935 1127 2025 παρανοιῶν
1144 1931 1200 1999 ἐπὶ
1216 1930 1300 2019 ῥητὰ
1315 1933 1420 2000 πάλιν

187 2037 253 2111 τιῦν
275 2041 381 2102 θείων
402 2032 539 2123 γραφῶν
561 2031 831 2120 καταφεύγουσιν,
856 2031 902 2111 είς
925 2029 947 2099 ἃ
968 2035 1023 2099 καὶ
1045 2027 1131 2100 αῦτδι
1152 2032 1309 2120 συνήθως
1324 2029 1420 2100 ἀναι-

189 2138 391 2223 σθητοῦντες
413 2132 470 2218 ούχ
493 2131 598 2222 δρῶσι
617 2134 676 2201 τὸν
698 2133 732 2202 ἐν
754 2132 885 2212 τούτοις
907 2136 993 2213 νοῦν,
1017 2148 1030 2185 ⁶
1037 2128 1106 2200 ἀλλ’
1132 2129 1177 2213 ὦς
1198 2133 1322 2202 κανόνα
1343 2134 1420 2202 τινὰ

187 2236 246 2322 τὴν
269 2237 356 2303 ίδίαν
380 2231 533 2321 ἀσέβειαν
553 2242 693 2321 θέμενοι
714 2234 801 2322 πρὸς
818 2237 936 2301 τοῦτον
951 2233 1062 2301 πάντα
1079 2233 1122 2302 τδι
1136 2241 1218 2302 θεῖα
1233 2234 1330 2322 λόγια
1346 2238 1419 2303 δια-

188 2343 398 2425 στρέφουσιν.
444 2338 481 2404 οἵ
510 2363 597 2417 τινες
624 2338 678 2403 καλ
705 2335 809 2420 μόνον
831 2328 916 2402 αῦτά
938 2335 1164 2423 φθεγγόμενοι
1187 2331 1284 2405 οῦδὲν
1307 2337 1420 2423 ἕτερον

188 2430 319 2506 ἀκούειν
343 2438 426 2506 εἰσίν
448 2436 538 2518 ἀξιυι
558 2436 579 2527 ἤ
590 2460 596 2473 ·
619 2439 799 2505 πλανᾶσθε
819 2435 866 2524 μὴ
888 2435 1013 2516 εἰδότες
1034 2436 1095 2515 τὰς
1115 2437 1246 2525 γραφὰς
1260 2440 1345 2526 μηδὲ
1361 2439 1418 2525 τὴν

188 2537 326 2624 δύναμιν
348 2543 406 2606 τοῦ
429 2543 513 2607 θεοῦ
521 2543 553 2621 ²),
578 2533 618 2606 ἀν
642 2539 677 2605 δὲ
698 2535 754 2603 καὶ
775 2536 991 2623 λέπιμίνωσι,
1007 2538 1110 2606 πόλιν
1126 2539 1352 2625 ἐντρέπεσθαι
1365 2543 1419 2606 καί

187 2633 333 2707 ἀκούειν·
367 2635 515 2709 ἀπόδοτε
547 2639 590 2707 τὰ
620 2641 679 2706 τοῦ
712 2634 897 2726 ἀνθρώπου
926 2642 973 2726 τῷ
1003 2634 1176 2726 ἀνθρώπῳ
1204 2644 1259 2708 καὶ
1289 2641 1333 2710 τὰ
1359 2643 1418 2707 τοῦ

186 2745 271 2809 θεοῦ
293 2746 339 2828 τῷ
361 2745 474 2829 19qu
955 2802 957 2807 .

272 2849 321 2911 53.
366 2842 567 2930 Γεγράφθαι
587 2847 715 2921 τοίνυν,
739 2846 859 2928 φασίν,
883 2840 918 2908 ἐν
939 2841 999 2925 μὲν
1021 2849 1096 2920 ταῖς
1118 2848 1335 2927 παροιμίαις·
1364 2843 1420 2911 κύ-

186 2967 258 3030 ριος
280 2944 386 3011 ίκτισέ
407 2971 449 3029 με
471 2941 570 3032 ἀρχὴν
593 2938 680 3009 όδιῦν
703 2935 804 3008 αὐτοῦ
827 2940 875 3021 εἰς
897 2939 974 3028 ἔργα
996 2938 1099 3010 αὐτοῦ
1107 2946 1137 3023 ¹),
1161 2942 1195 3009 ἐν
1218 2943 1254 3011 δὲ
1275 2947 1317 3031 τῇ
1332 2943 1420 3032 πρὸς

182 3038 352 3129 Ἑβραίους
375 3044 551 3133 ἐπιστολῇ,
580 3047 640 3110 τοῦ
663 3037 857 3110 ἀποστόλου
879 3043 1046 3128 λέγοντος·
1067 3042 1239 3140 Ιίτοσόότιρ
1261 3051 1418 3131 κρείττων

185 3144 359 3230 γενόμενος
379 3149 446 3212 τῶν
468 3141 628 3233 ἀγγέλων,
653 3140 723 3232 όσιρ
746 3144 996 3232 διαφορώτερον
1018 3138 1097 3230 παρ’
1122 3139 1243 3224 αύτούς
1264 3147 1419 3235 κεκληρο-

185 3243 322 3332 νόμηκεν
346 3240 669 3330 όνομα“1,καίμετ’
694 3241 805 3332 ὀλίγα·
836 3242 935 3327 ὅθεν,
966 3240 1108 3333 ἀδελφοί
1137 3242 1258 3332 ἅγιοι,
1272 3247 1419 3332 κλήσεως

186 3344 387 3432 ἐπουρανίου
406 3335 551 3432 μέτοχοι,
575 3345 799 3433 κατανοήσατε
819 3345 879 3414 τόν
901 3341 1093 3415 ἀπόστολον
1114 3349 1169 3413 καί
1191 3343 1347 3433 ἀρχιερέα
1359 3351 1418 3438 τῆς

186 3443 364 3534 ὁμολογίας
385 3444 479 3536 ἡμῶν
497 3446 636 3536 Ἰησοῦν,
659 3447 782 3515 πιστόν
806 3443 888 3516 δντα
908 3451 956 3535 τῷ
978 3449 1160 3536 ποιήσαντι
1181 3442 1330 3530 αὐτόν’),
1363 3452 1417 3516 καί

185 3547 220 3616 δν
248 3559 322 3628 ταῖς
349 3549 494 3638 πράξεσι
522 3551 574 3617 δί’
601 3549 747 3636 γνωστὸν
768 3538 848 3616 ιοῦν
877 3549 962 3617 ίστω
984 3552 1090 3617 πᾶσιν
1112 3547 1205 3634 ὑμῖν,
1236 3552 1307 3630 πᾶς
1328 3545 1419 3630 οίκος

120 3673 130 3684 ·
181 3643 323 3738 Ἰσραήλ,
356 3647 409 3718 ότι
430 3654 484 3719 καὶ
507 3647 632 3739 1κύριον
654 3653 709 3718 καί
723 3650 873 3736 Χριστόν
895 3648 1052 3737 ἐποίησεν
1075 3649 1094 3716 δ
1115 3650 1198 3730 θεὸς
1219 3653 1339 3720 τοῦτον
1360 3651 1417 3718 τόν

256 3824 280 3883 1)
299 3823 353 3873 Εεα.
374 3824 416 3884 61,
435 3823 459 3874 8.
545 3824 570 3883 2)
589 3824 670 3873 Matlh.
690 3822 732 3884 22,
751 3822 791 3874 29.
879 3823 904 3885 3)
923 3825 1005 3875 1111111.
1023 3823 1065 3886 22,
1084 3823 1124 3874 21.
1199 3823 1312 3884 4)Ρι·οτ.
1331 3824 1357 3887 8,
1376 3825 1416 3875 22.

185 3890 302 3951 ῦ)11ε1ιι.
323 3892 389 3942 1.4.
449 3892 565 3952 fijflebr.
585 3890 609 3952 3,
630 3892 652 3940 1.
671 3890 695 3940 2.
1249 3922 1251 3926 -

217 4024 239 4058 ιι.
259 4009 358 4071 Seguer.
377 4011 433 4072 Reg.
445 4009 542 4060 Gobler.
554 4007 658 4058 Felckm.
671 4010 693 4057 1.
713 4016 736 4057 ει
747 4009 771 4057 5.
824 4003 984 4058 ναείτωσαν.
1028 4008 1092 4060 Ediu
1109 4007 1191 4059 ι1ι111
1217 3998 1416 4070 ἔτιινσῆτονσαν.

184 4067 354 4142 ἄρτιάγματα
378 4067 491 4130 ἀδικίας.
526 4078 555 4126 At
576 4076 668 4137 Αυγίίε.
686 4067 773 4140 ἀρπά-
825 4073 899 4139 ΡεαΙο
924 4085 981 4142 post
998 4077 1098 4139 Seguer.
1116 4067 1209 4125 διάιοι
1225 4074 1317 4129 τοῦτο.

182 4156 277 4210 γματα
294 4137 324 4200 ἐξ
339 4135 446 4197 ἀδικίας
463 4152 488 4194 αι
507 4152 531 4193 ιι
549 4143 772 4221 1ε11ε1ιιε2ει.61,
859 4161 879 4195 c.
898 4146 938 4195 Sic
956 4147 1057 4209 Seguer.
1076 4146 1132 4207 fleg.
1151 4132 1250 4196 Gobler.
1269 4144 1377 4196 Felckm.
1395 4145 1416 4195 1.

184 4211 208 4262 8.
241 4213 285 4262 Alii
303 4227 359 4263 vero
386 4222 409 4261 ει
433 4212 506 4261 editio
525 4203 774 4262 (ἐναπεδείκνυν-
825 4221 848 4262 ει
865 4213 889 4263 5.
924 4213 951 4262 In
970 4213 1025 4263 aliis
1043 4220 1123 4261 εοιειυ
1141 4219 1165 4261 ει
1183 4213 1253 4262 editis
1271 4208 1323 4260 τοῦ
1340 4213 1416 4264 deest

181 4292 277 4344 γματα
294 4274 311 4339 ἢ
329 4270 442 4333 ἀδικίαν.
478 4280 537 4331 1111.
556 4281 656 4342 Seguer.
675 4224 773 4331 ῦυλΙετ.
859 4280 882 4331 d.
897 4280 937 4332 Sic
954 4295 1013 4332 mss.
1031 4288 1129 4344 praeter
1146 4276 1351 4342 1ε1υ1υι.2.,,ίυ
1369 4296 1416 4345 quo

183 4354 208 4396 ιι
225 4347 329 4398 Felckm.
342 4349 364 4398 1.
381 4341 420 4414 μὴ
439 4341 541 4395 τοίνυν.
825 4356 851 4398 αι
869 4358 894 4399 ει
910 4349 935 4397 in
953 4347 1024 4404 editis
1040 4347 1079 4399 ιίε
1094 4346 1196 4410 legitur:
1214 4338 1416 4412 δικαίουεάγα-

217 4414 241 4491 η.
259 4417 368 4477 δεςυετ,
388 4415 485 4468 Gobler.
510 4423 534 4464 ει
558 4413 701 4464 Ρε1ε1αι.1.
719 4404 773 4461 ἐπι-
824 4412 873 4478 τιᾷ,
891 4409 956 4471 τοὺς
972 4409 1004 4467 δὲ
1020 4400 1131 4471 ἀδίκους
1143 4413 1229 4482 μισεῖ
1243 4409 1291 4467 καὶ
1305 4411 1417 4485 μικρὰν

182 4492 322 4539 νοησαυσι.
356 4487 385 4533 ει
402 4484 459 4546 fleg.
486 4492 509 4533 ει
527 4473 773 4550 1ε1ε1υιευ.5.ίιιι-
826 4474 874 4531 ἀπ’
895 4474 987 4532 αὐτῶν
1002 4477 1117 4548 γίνεται.
