2948 5092
455 269 564 320 omno
579 272 600 316 1.
616 270 882 323 colummerios.
1215 263 1279 334 m

53 425 149 489 dendo
177 431 210 493 et
235 422 445 491 duoendmdo
471 422 657 498 ministrant,
686 422 723 485 de
744 422 820 486 Filio
848 433 946 493 autam
973 425 1058 496 dbia:
1091 429 1131 496 tn
1151 431 1399 501 ammanus·

52 545 117 591 tuna
137 543 242 591 mea
264 524 373 606 Angeia·
383 525 449 589 Dei.
492 524 620 604 insuper
642 543 709 589 eum
723 525 825 612 Angoli
846 527 1026 604 ministrant,
1048 529 1145 597 aiunt:
1167 532 1280 614 blisum

51 646 115 691 sum
136 627 177 692 ad
198 635 238 705 te,
262 635 307 690 et:
328 626 473 697 {lominus
494 624 654 713 praecepit.
698 627 735 688 At
753 624 855 702 Filius,
877 629 947 693 lioat
968 638 1000 693 ut
1020 631 1113 697 bomo
1135 634 1224 710 dieat,
1243 655 1281 702 so

51 730 177 794 missum
198 747 268 795 esee
291 729 462 793 strauisse
484 728 522 792 ad
544 747 619 808 opus
641 728 854 808 perfiniendam
879 738 910 793 et
930 731 1207 813 administrandum,
1230 746 1279 802 ta·

52 851 117 898 nen
138 839 174 896 ut
196 830 325 895 Verbum
347 838 378 893 et
398 829 496 910 imago
518 830 573 895 ait:
602 830 664 911 ligo
687 835 719 899 in
741 832 834 897 Patro
856 843 886 898 et
907 833 1001 900 Potor
1021 840 1054 902 io
1075 856 1121 905 me
1144 849 1204 911 sat,
1233 847 1278 905 et:

55 934 115 1008 Ona·
134 934 213 1000 sidit
232 951 288 1007 aaa,
311 931 435 999 Patrem
456 933 541 1004 vidit,
564 941 609 995 et:
630 932 724 998 Pater
744 936 777 996 in
798 954 844 998 me
863 955 990 1000 maana
1005 941 1070 1020 ipae
1082 941 1159 1019 [neit
1175 959 1278 1022 opor«.
1313 982 1315 986 ι

54 1035 222 1114 Numquae
244 1035 276 1098 in
296 1035 355 1099 ista
375 1034 514 1097 ridentur
535 1034 676 1115 imagine,
699 1053 733 1098 ea
755 1035 821 1117 ipsa
843 1047 915 1100 sunt
934 1038 1031 1106 Patris
1055 1060 1156 1122 opera.
1198 1042 1281 1108 ilaue

56 1135 139 1216 igitur
160 1136 232 1201 eatis
255 1136 383 1200 suntad
404 1136 537 1200 veritatis
558 1138 662 1201 bootes
682 1138 798 1217 pudore
820 1140 1002 1206 alliciendos.
1047 1143 1187 1217 Quodsi,
1211 1143 1281 1223 quia

59 1237 194 1318 seriptum
217 1246 264 1300 ost
282 1242 630 1320 praestantiorsortua,
651 1240 758 1303 nolunt
778 1241 855 1304 hano
875 1262 978 1307 vocem
999 1245 1103 1324 foetus
1126 1245 1166 1306 ita
1187 1245 1278 1309 intel-

61 1337 105 1418 ligi
124 1340 161 1402 de
181 1339 274 1414 Filio,
305 1349 337 1405 ut
357 1341 437 1402 idem
460 1341 500 1404 sit
521 1360 555 1404 ao
576 1342 602 1404 si
624 1341 772 1405 diceretur
793 1346 896 1424 sortus
921 1358 966 1411 ost
987 1354 1017 1406 et
1037 1356 1100 1421 est3
1128 1346 1174 1408 vel
1197 1347 1278 1427 quod

65 1439 120 1501 eins
140 1441 358 1505 administratio
380 1444 582 1522 praestantior
603 1442 667 1505 aliis
689 1445 764 1511 faeta
785 1445 890 1519 luerit,
912 1446 955 1508 uti
977 1442 1120 1533 diximus,
1144 1448 1199 1510 sed
1220 1449 1369 1512 boum·

69 1559 98 1602 ex
114 1541 253 1606 vocabulo
276 1542 457 1608 arbitrantur
478 1545 586 1608 ludum
608 1543 666 1608 dioi
687 1544 825 1619 Verbum,
849 1547 922 1610 baon
942 1547 1050 1613 iterum
1072 1548 1201 1612 breviter
1223 1567 1278 1614 au-

70 1641 145 1719 diant,
167 1643 405 1724 quandoquidem
427 1664 503 1723 quae
524 1665 614 1727 supra
636 1645 850 1726 disputavimus
871 1647 929 1710 iam
952 1658 1022 1716 suot
1043 1647 1136 1712 obliti.

140 1950 188 2013 bl.
233 1947 265 2008 Si
287 1947 380 2010 Filius
404 1965 481 2010 unus
504 1967 539 2010 ax
561 1947 680 2027 Angelis
704 1961 767 2023 ost,
797 1968 889 2029 aeque
918 1950 975 2029 ipsi
996 1968 1031 2013 ao
1050 1950 1107 2015 illis
1130 1952 1204 2014 baec
1224 1970 1282 2019 vox

75 2047 155 2123 {ross
176 2050 343 2123 conveniat,
365 2049 498 2130 nihilque
520 2059 624 2112 natura
647 2049 764 2117 abillis
787 2051 919 2125 diderat,
949 2070 1052 2115 verum
1073 2051 1119 2113 vel
1140 2052 1199 2132 ipsi
1222 2052 1283 2118 sint

75 2147 112 2209 lbi
128 2150 170 2212 rel
190 2150 240 2212 iile
264 2151 305 2212 sit
324 2130 468 2231 Angelus,
491 2170 655 2231 omnesque
676 2118 788 2253 *ter
809 2153 844 2215 ad
868 2153 1018 2215 dexteram
1030 2152 1125 2218 Patris
1147 2153 1282 2228 sedeant,

75 2249 106 2309 rel
123 2269 184 2313 oum
207 2252 348 2313 omnibus
371 2253 495 2315 assistat
516 2272 634 2332 quoque
662 2253 730 2333 ipse
751 2254 843 2317 Filius
873 2263 1011 2334 tanquam
1038 2254 1162 2334 spiritus
1184 2255 1282 2319 admi·

75 2350 162 2430 nister,
184 2356 215 2417 in
238 2355 528 2418 administrationem
551 2362 584 2417 ut
605 2355 647 2416 illi
670 2355 793 2419 missus.
837 2358 874 2418 At
900 2376 971 2419 voro
995 2356 1022 2417 si
1044 2355 1152 2421 Paulus
1174 2356 1283 2419 Filium

73 2455 179 2519 robus
200 2431 298 2519 lactis.
309 2457 393 2519 hisee
415 2457 512 2520 verbis
535 2456 733 2519 discriminet:
757 2459 814 2523 Cui
834 2463 910 2520 enim
925 2458 1108 2539 Anneianum
1131 2459 1208 2521 dimit
1221 2477 1283 2521 uu*

73 2572 158 2633 paor:
186 2559 284 2622 Filius
306 2558 524 2642 mentastro?
552 2566 707 2638 praeterea
736 2559 761 2619 si
790 2561 902 2622 caelum
917 2559 979 2622 ‘ille
1007 2568 1037 2621 et
1059 2568 1168 2621 terram
1191 2565 1282 2634 creat,

72 2652 142 2736 hique
165 2659 200 2721 ab
224 2680 261 2722 eo
284 2661 367 2735 liunt,
391 2663 418 2723 si
440 2661 488 2722 ille
510 2681 576 2724 oum
598 2660 687 2722 Patre
709 2661 802 2735 sedet,
830 2661 859 2724 hi
882 2669 980 2725 autern
1002 2661 1206 2729 ministrantes
1229 2679 1282 2723 as-

72 2743 179 2835 siatunt;
207 2763 253 2824 oui
283 2782 343 2825 non
365 2763 556 2843 perspicuum
580 2771 643 2838 est,
662 2780 850 2842 nequaquam
873 2763 909 2824 de
932 2762 1019 2823 Verbi
1041 2761 1206 2824 substantia
1227 2779 1288 2823 voa¹

73 2877 118 2923 nn
137 2866 241 2944 suetus
264 2864 387 2944 intelligi
410 2865 446 2926 ab
468 2865 622 2944 Apostolo,
646 2865 700 2926 sed
723 2864 760 2927 de
782 2863 1048 2936 administratione,
1072 2881 1146 2942 quae
1165 2868 1285 2942 peraeta

72 2979 112 3039 ptr
129 2965 226 3044 ipsum
250 2965 320 3028 est?
349 2967 423 3029 Nam
447 2965 705 3045 quemadmodum,
729 2984 793 3027 oum
817 2974 900 3026 esset
920 2964 1058 3039 Verbum,
1084 2981 1153 3026 earo
1175 2965 1285 3030 laetum

73 3075 116 3137 est,
145 3067 185 3128 ita
214 3068 310 3128 lactus
338 3067 428 3129 homo
457 3075 539 3129 tanto
561 3068 763 3148 praestantior
790 3067 820 3128 in
842 3065 1097 3129 administratione
1120 3068 1214 3128 lactus
1237 3069 1288 3132 eat

74 3164 186 3245 Angelis,
217 3177 360 3247 quantum
382 3168 459 3231 lilius
481 3188 498 3231 a
520 3169 615 3232 servis
645 3176 675 3230 et
697 3170 795 3250 opifex
819 3168 854 3229 ab
878 3167 1018 3247 operibus
1042 3167 1151 3229 dillert
1195 3165 1284 3229 Desi-

74 3270 245 3348 mutilaque
267 3289 370 3332 vocem
392 3272 495 3350 sottus
519 3271 556 3331 de
579 3278 684 3333 natura
704 3270 770 3332 Filii
792 3270 997 3349 interpretari,
1021 3288 1076 3331 neo
1098 3269 1178 3331 enim
1199 3275 1286 3330 esto

76 3366 146 3432 rebus
166 3371 269 3447 lectis;
291 3373 345 3434 sed
367 3381 531 3452 agnoscant
552 3373 610 3435 boo
631 3372 774 3434 uocabulo
797 3375 899 3453 sootoa
922 3373 1026 3434 lacum
1049 3369 1207 3450 significari
1229 3368 1285 3437 ad«

78 3469 305 3536 ministrationem
327 3482 358 3536 et
379 3475 643 3555 dispensationem.
689 3474 846 3548 Quomodo
865 3482 961 3537 autem
977 3471 1178 3553 praestantior
1192 3462 1287 3543 laetus

103 3693 168 3748 nSio
186 3696 286 3754 Seguer.
306 3696 345 3759 qui
365 3710 490 3745 moseum
510 3694 644 3745 Gobler.et
731 3696 747 3744 Ι.
767 3696 807 3744 Sie
825 3695 923 3756 Seguer.
943 3693 1040 3754 etlteg.
1078 3692 1288 3742 Ceteriautemet

82 3750 192 3811 letaldi.
211 3755 251 3810 ἐπ’
272 3755 355 3827 αὐτῷ.
386 3764 430 3812 Alii
449 3772 471 3813 ot
490 3756 644 3812 edilia'orot
697 3763 753 3812 editi
771 3760 828 3810 τῶν
846 3762 965 3811 omittunt.
1001 3752 1289 3811 normasuaiooroo

83 3816 157 3897 *tliu'
176 3821 269 3880 αὐτοῦ.
305 3831 380 3880 Panlo
398 3840 455 3896 post
465 3831 565 3894 Seguer.
575 3823 646 3878 κατὰ
695 3827 755 3896 μέν.
791 3830 853 3879 Editi
871 3822 918 3876 καὶ
935 3819 1091 3892 absorpta.

84 3900 152 3948 lm·
732 3930 764 3965 ru.
784 3915 884 3977 Seguer.
900 3907 1134 3981 παρειστήκεισαν.

86 3958 297 4083 inlitistlejegglglg
311 3966 646 4095 {efflgtlleplgls'si'gussl
734 4022 757 4057 n.
776 4007 816 4058 Sio
834 4008 933 4070 Seguer.
969 4005 997 4056 At
1015 4003 1056 4055 alii
1074 4013 1098 4054 et
1107 4004 1163 4055 editi
1174 3996 1287 4068 turno.

86 4087 156 4165 thler.
172 4109 195 4148 et
212 4101 350 4151 Felelman.
365 4103 388 4153 l.
405 4097 452 4151 atel
471 4084 555 4151 orizon
584 4102 647 4151 Editi
732 4117 755 4151 o.
774 4097 874 4162 Seguor.
899 4091 1004 4148 δούλων
1029 4089 1043 4145 ὅ
1061 4090 1128 4152 υἱός,
1147 4093 1192 4146 καὶ
1210 4089 1225 4144 ὅ
1243 4090 1291 4156 dp·

86 4154 149 4222 alnque
160 4162 204 4215 καὶ
215 4159 304 4219 αὐτοί.
322 4171 397 4221 Paulo
409 4171 548 4235 postbasil.
558 4182 647 4235 παρα·
697 4162 832 4236 μιουργὸς
847 4169 904 4217 τῶν
922 4161 1191 4232 δημιουργουμένων.
1215 4164 1289 4215 Basil.

87 4225 275 4301 “laborarem
699 4246 723 4287 et
740 4237 830 4298 Anglic.
841 4229 1129 4314 δεδημιουργημένων..
1147 4233 1252 4282 Felelrm.
1264 4231 1290 4285 b.

111 4308 122 4340 ¹·
139 4300 229 4364 Seguer.
256 4306 314 4368 lieg.
339 4312 363 4356 ot
385 4305 492 4357 Felolm.
511 4306 535 4357 b.
558 4319 647 4371 παρα·
698 4299 1058 4371 stutgdwtovpyqpotov.
1086 4295 1291 4366 Edrtidrmoag-

88 4362 185 4421 ardon.
698 4368 841 4440 papinum
861 4373 985 4429 mendose.
1005 4369 1080 4448 'ibid
1095 4369 1196 4430 Seguer.
1218 4368 1289 4425 dont,

110 4427 329 4506 lSioSeguorian·
347 4442 446 4493 Gobler.
465 4452 489 4492 et
507 4443 647 4494 Fololm.1.
699 4451 725 4492 at
745 4442 852 4492 Felsina.
874 4440 895 4490 l.
921 4436 1139 4489 παυσασθωσαν.
1182 4435 1245 4487 Editi
1267 4441 1294 4488 et

89 4488 121 4545 ¹¹¹¹
133 4512 152 4556 et
165 4508 219 4562 edu
238 4502 287 4569 τὰς
304 4501 415 4561 ἐκείνων
432 4502 538 4577 ὁμοίας.
701 4509 742 4560 alii
759 4503 952 4560 naotaaoaar.
