2948 5092
466 232 576 279 curre
591 233 612 277 r.
628 232 743 277 cerret
757 234 895 284 nunes·
1221 225 1281 289 261

49 388 124 467 ipso
143 387 223 450 tecto
241 384 335 447 tuerit
353 383 465 458 unctio,
487 391 518 446 et
538 400 591 446 cur
605 400 723 445 munem
738 384 866 446 Verbum
882 387 1076 460 assumserim
1098 388 1178 468 quod
1192 406 1369 467 pree-nuc

48 505 187 551 noeeeee
203 486 363 548 Psalmiste
385 484 450 548 eius
472 483 653 547 divinitatem
674 490 889 566 paternumque
911 504 1035 565 regnum
1050 486 1134 550 hisce
1154 489 1286 553 celebret

49 587 168 650 veiim:
203 585 345 651 Tirenus
368 598 457 659 tuus,
486 585 586 671 Deus,
615 591 647 648 iu
669 586 822 649 succulum
844 587 974 662 seeeuii,
1007 592 1095 669 eirqe
1122 596 1284 671 eequitetie

50 694 142 768 oirqe
170 693 260 768 requi
285 692 339 752 tui.
384 687 458 749 Cum
485 695 583 749 eutem
611 685 732 748 eiusad
755 705 812 748 nos
834 688 991 749 adventum
1013 689 1183 765 denuntiat,
1212 694 1285 758 trec

49 791 107 852 ait:
137 789 259 854 idcirce
281 792 373 852 uuer‘t
395 798 438 860 te,
466 787 564 861 Deus,
587 787 668 850 Deus
691 800 762 852 tuus
791 788 855 851 elce
878 789 1011 852 lectitiee
1029 810 1107 871 pree
1130 800 1284 859 ceuoerti-

49 892 107 953 due
130 896 206 954 tuis.
470 886 477 894 ’

136 1195 190 1258 50.
236 1191 315 1266 ueto
335 1210 427 1271 porse
449 1190 558 1254 mirum
580 1191 626 1253 roi
646 1190 826 1265 incredibile,
850 1192 876 1253 si
899 1192 1050 1267 Dominus,
1074 1196 1124 1274 qui
1145 1196 1195 1259 dat
1210 1199 1282 1278 Spi-

48 1293 159 1366 ritum,
188 1311 269 1355 nune
289 1293 359 1372 ipse
380 1293 493 1374 Spiritu
516 1292 584 1371 ungi
608 1292 731 1364 dieitur,
758 1294 808 1371 qui
838 1293 888 1355 ubi
916 1294 1078 1372 postulavit
1106 1299 1281 1373 necessitas,

50 1395 185 1474 seipsum
207 1393 323 1474 Spiritu
344 1394 516 1456 inferiorem
537 1402 661 1474 propter
681 1393 838 1457 humentem
855 1414 940 1457 suam
956 1403 1089 1458 ueterem
1106 1397 1204 1460 dicere
1220 1419 1282 1462 non

50 1493 173 1557 renuit?
223 1494 297 1558 Nem
324 1496 443 1558 ludaeis
472 1495 700 1570 obiicientibus,
731 1495 885 1584 Beelzebul
913 1496 1034 1558 nemine
1061 1497 1144 1560 ilium
1173 1499 1281 1562 eiicere

52 1597 224 1670 memorie,
251 1597 318 1677 ipsc
345 1607 377 1660 ut
405 1597 523 1659 iliorum
552 1597 740 1660 convinceret
760 1597 956 1678 impietatem,
984 1598 1027 1661 ite
1047 1599 1218 1680 respondit:
1246 1599 1285 1664 Si

51 1716 150 1778 perro
172 1717 227 1778 eqo
247 1701 281 1760 iu
301 1696 424 1780 Spiritu
445 1698 504 1761 Dei
523 1703 609 1762 eiicie
632 1700 796 1763 deeueuie.
840 1699 918 1762 Ecce
938 1698 1017 1761 eoim
1039 1699 1103 1772 itte,
1137 1701 1188 1780 qui
1210 1701 1281 1783 Spi·
1352 1781 1355 1784 ἦ

53 1799 142 1861 ritum
163 1799 271 1875 donet,
305 1818 340 1862 se
368 1818 448 1862 nunc
468 1800 580 1881 Spiritu
610 1800 763 1863 deenenie
785 1801 893 1864 eiicere
912 1802 1082 1881 profitetur,
1112 1803 1193 1882 qued
1219 1823 1282 1866 nen

56 1909 133 1961 certo
153 1901 241 1963 atter
261 1919 349 1980 οοοοι
370 1909 494 1982 prepter
513 1920 632 1965 carnem
655 1910 703 1964 est
717 1903 837 1966 dictum.
872 1904 945 1967 Nem
962 1912 994 1966 ut
1008 1903 1161 1965 hominum
1176 1914 1283 1968 nature

57 2019 88 2062 ex
110 2000 211 2082 seipso
232 2020 295 2064 non
316 2011 417 2083 potest
437 2003 599 2066 daemones
621 2003 748 2078 eiicere,
771 2005 826 2069 sed
847 2006 912 2067 sele
933 2005 1063 2085 Spiritus
1086 2006 1209 2076 virtuto,
1232 2006 1281 2068 id·

60 2103 132 2165 eirco
153 2113 187 2166 ut
208 2103 299 2165 bomo
321 2103 449 2166 dicebat:
476 2104 513 2165 Si
530 2124 631 2185 perro
653 2125 707 2186 eqo
729 2111 761 2168 ie
784 2107 905 2188 Spiritu
927 2107 985 2170 Dei
1005 2109 1089 2169 eiicio
1113 2108 1281 2169 decmouie.

61 2203 132 2275 Duio
160 2204 484 2284 etiom'blesphomiam
506 2207 536 2267 in
559 2207 702 2286 Spiritum
726 2217 859 2270 sanctum
881 2207 1025 2270 maiorem
1048 2226 1082 2269 es
1110 2227 1178 2269 esse
1200 2207 1281 2280 dicit,

64 2323 127 2382 quac
147 2305 179 2367 in
200 2325 235 2367 se
257 2314 291 2367 ut
311 2306 462 2367 hominem
478 2309 639 2386 profertur.
687 2310 874 2391 Quicunque,
897 2309 999 2390 inquit,
1024 2311 1137 2372 de'ererit
1156 2309 1283 2371 Verium

66 2419 162 2471 unere
183 2406 292 2469 Filium
315 2408 453 2480 demittis,
476 2413 594 2471 oeuiem
616 2411 775 2487 edtiueiitq
798 2409 899 2490 quoles
921 2410 962 2472 itti
978 2419 1062 2471 oront
1083 2409 1133 2490 qui
1149 2409 1283 2472 aiebant:

67 2505 159 2570 uene
186 2508 234 2570 iiie
261 2522 306 2573 est
333 2510 421 2588 seiri
445 2507 555 2590 fiiiusi'
599 2509 655 2582 Qui
690 2529 761 2572 vero
790 2511 933 2573 adversos
955 2511 1097 2592 Spiritum
1127 2514 1284 2590 proferunt
1382 2566 1385 2572 ,

66 2605 263 2688 blasphemiam
286 2618 317 2671 et
338 2610 425 2671 Verbi
448 2629 537 2690 opere
554 2610 677 2673 Diabole
699 2611 880 2686 adscribunt,
903 2613 933 2674 hi
957 2622 1035 2674 certe
1051 2612 1197 2692 suppticio
1214 2612 1280 2672 ioe-

66 2709 162 2771 riteitiii
183 2720 254 2772 sunt
274 2711 426 2789 puniendi.
470 2711 507 2773 Et
534 2712 608 2773 haec
628 2712 746 2793 quidem
770 2714 913 2776 Dominus
935 2714 972 2775 sd
997 2714 1119 2774 iudaeos
1145 2721 1281 2791 tanquam

68 2809 142 2872 home
162 2811 357 2892 loquebatur3
379 2821 408 2873 ot
430 2812 582 2893 discipulis
606 2833 691 2877 suern
714 2815 897 2876 divinitatem
914 2815 1156 2894 maiestatemque
1176 2823 1282 2875 osten·

67 2910 142 2985 dens,
170 2932 228 2975 nec
251 2933 285 2974 se
307 2913 419 2992 Spiritu
443 2913 590 2976 minorem
623 2917 676 2977 sed
700 2917 851 2995 aequalem
881 2936 948 2978 esse
976 2915 1164 2993 significans,
1193 2914 1282 2975 debat

66 3010 118 3090 ipsc
137 3015 282 3094 Spiritum
304 3034 338 3076 ec
360 3016 488 3077 dicebat:
518 3017 648 3097 Accipite
672 3018 822 3098 Spiritum
845 3031 997 3089 reectum,
1029 3025 1073 3078 ot:
1103 3017 1165 3098 qu
1194 3017 1282 3078 illuct

66 3119 144 3189 nitte,
168 3125 213 3178 et:
236 3117 289 3178 ille
310 3110 356 3179 eree
376 3117 560 3198 plorifieedit
582 3131 611 3181 ct
632 3137 824 3201 quaecuuque
846 3121 947 3181 erudiet
971 3119 1122 3200 loquetur.
1166 3117 1203 3178 Ut
1223 3117 1280 3195 igi-

65 3217 337 3280 metonomicos
359 3218 445 3281 detor
467 3219 596 3299 Spiritus
618 3221 704 3283 fateri
733 3240 795 3282 non
817 3220 976 3295 dubitavit,
1007 3240 1041 3282 se
1069 3228 1102 3282 ut
1129 3218 1282 3280 hominem

86 3371 99 3418 i.
116 3371 157 3419 Sic
175 3371 276 3431 Sequor.
296 3371 352 3431 neq.
371 3371 467 3421 Gobier.
490 3371 596 3421 Feicim.
617 3373 639 3422 l.
691 3372 715 3421 id
734 3380 784 3423 est:
809 3389 856 3423 eeu
879 3376 925 3423 iem
951 3389 976 3423 se
994 3374 1082 3436 Spiritu
1105 3374 1215 3422 minorem
1241 3372 1283 3421 sed

61 3445 78 3483 et
98 3438 186 3488 Ceteris
214 3453 260 3488 ms.
284 3439 308 3488 in
333 3441 429 3488 Lucem.
465 3439 509 3488 ttti
534 3447 558 3488 et
582 3440 640 3489 editi
690 3443 801 3490 meierum
819 3449 840 3490 et
858 3443 977 3505 sequetem
994 3443 1136 3503 siquificeus.
1161 3440 1193 3488 tt
1208 3454 1280 3503 quem

60 3496 216 3573 δκφιιμίσν.
253 3507 344 3557 ibidem
367 3502 517 3570 γινομένην
539 3507 639 3557 uhesto
692 3508 772 3556 iocum
791 3510 813 3557 in
834 3511 941 3570 margine
960 3507 1282 3557 CedirisDosiiiensisireec

59 3571 144 3623 tenter.
163 3583 188 3623 et
207 3573 346 3625 Feickmi.
382 3574 408 3622 in
428 3583 509 3625 cateno
529 3575 565 3623 sic
582 3575 638 3623 item
692 3584 758 3624 notot
776 3566 790 3621 ὃ
809 3567 1000 3644 Δοξαπατρῆςι
1027 3565 1079 3640 ὅρα
1096 3573 1154 3626 πῶς
1183 3568 1197 3621 ὁ
1223 3566 1283 3627 οἷὸς

58 3640 134 3691 didere
155 3641 259 3702 tegitur:
276 3637 387 3706 μείζονα
406 3639 453 3701 τῆς
470 3634 508 3694 εἰς
525 3635 575 3700 τὴν
593 3636 639 3689 ἁν-
692 3630 750 3695 ἶσος
773 3637 819 3689 uei
841 3638 943 3708 μείζων
961 3641 1009 3689 νοῦ
1027 3636 1196 3706 πνεύματος·
1223 3629 1283 3696 leuc

56 3703 218 3775 teterrime
233 3702 338 3763 demis
354 3701 452 3773 ἔλεγεν,
472 3699 559 3762 &ite
569 3702 637 3777 εἴπῃ.
689 3705 742 3775 μὲν
758 3703 828 3757 κατὰ
846 3705 897 3769 τὴν
913 3704 1049 3768 νεότητα,
1068 3704 1170 3774 μείζων
1186 3703 1216 3757 δὲ
1234 3702 1280 3756 διὰ

55 3775 145 3840 Sequer.
166 3779 239 3828 hebet
258 3781 313 3828 item
332 3769 387 3826 tir.
692 3772 742 3837 τὴν
759 3769 852 3826 αἰτίαν
870 3772 906 3831 ὥς
923 3771 1025 3832 ἔοικεν,
1046 3769 1082 3829 ὥς
1098 3771 1144 3823 καὶ
1162 3767 1247 3825 αὐτοῦ
1265 3769 1281 3824 ὃ

78 3862 100 3906 q.
118 3848 222 3908 Sequor.
249 3847 305 3908 Req.
329 3845 419 3904 dnriir.
444 3853 467 3894 et
485 3846 574 3895 Catone
594 3860 639 3895 ms.
689 3839 790 3910 πατήρ.
828 3847 922 3895 idest:
945 3848 1000 3895 Vide
1016 3847 1129 3909 quomedo
1148 3846 1223 3894 Fiiius
1242 3861 1281 3894 ee-

53 3903 143 3969 t'ieeet.
183 3914 247 3965 Editi
265 3921 289 3962 et
307 3913 347 3961 etit
367 3904 499 3991 e’triiouqe
538 3914 637 3974 Sequer.
691 3916 768 3978 quetis
786 3921 807 3964 et
824 3917 899 3964 maier
914 3916 944 3963 eit
956 3916 1052 3977 Spiritu,
1072 3914 1177 3976 aequetis
1188 3915 1283 3977 quidest

51 3982 101 4032 itte.
121 3982 224 4033 Gebter.
244 3981 381 4032 Fetcirmoe.
403 3981 424 4031 i.
444 3993 495 4029 ουν
518 3983 638 4031 emittunt.
691 3984 816 4032 secuudum
841 3984 997 4041 diuinitatem,
1022 3982 1098 4030 muer
1120 3994 1173 4029 uero
1191 3984 1282 4030 retient
1325 3986 1329 3992 '

50 4049 134 4101 tude·
159 4051 263 4113 Smer.
289 4047 348 4101 teis
367 4039 509 4101 ’tumuere
523 4041 569 4102 uic
593 4039 639 4095 ἂν·
692 4065 789 4110 reueee,
815 4057 839 4099 ut
864 4057 885 4098 et
902 4050 969 4098 Peter
985 4051 993 4098 i
1010 4063 1036 4097 so
1059 4047 1281 4098 reuertentur.

49 4115 185 4184 epium
205 4117 332 4167 mendose.
691 4118 781 4166 ibidem
811 4117 870 4164 hoec
893 4116 964 4166 verbo
992 4065 1087 4177 ςάρετε
1114 4109 1145 4160 τὸ
1172 4111 1282 4178 πνεῦμα

75 4188 98 4236 h.
118 4188 160 4237 Sic
178 4189 281 4248 Sequor.
294 4193 317 4234 et
330 4184 419 4234 Cotenr
437 4199 483 4235 ms.
501 4192 527 4233 ot
540 4185 639 4235 etNun·
691 4175 773 4248 ἅγιον
789 4178 837 4230 uee'
853 4187 941 4234 desunt
958 4184 982 4233 iu
1001 4185 1101 4243 Sequer.
1121 4183 1177 4243 Reg.
1189 4181 1280 4243 dnqtic.

48 4256 96 4304 niu
112 4255 179 4317 legit
218 4255 310 4304 (letone
329 4255 353 4301 in
372 4254 480 4314 mergine
499 4252 570 4301 hebet
581 4246 639 4318 peti·
691 4253 789 4303 Gentes.
808 4252 912 4301 retctm.
934 4253 956 4301 l.
975 4249 1000 4301 2.
1019 4259 1042 4299 et
1060 4250 1084 4298 5.

47 4319 107 4376 ξονι
123 4318 171 4371 zei
190 4309 262 4370 leur.
303 4320 381 4370 Ceteri
401 4335 459 4370 mss.
478 4327 501 4370 et
520 4320 576 4369 editi
595 4309 639 4368 οὗ·
725 4321 739 4368 i.
759 4319 799 4369 Sic
824 4334 884 4369 mss.
910 4328 935 4368 et
959 4326 983 4368 et
1000 4315 1281 4391 ieqeruot'ieterprqtes.

45 4386 96 4438 tire
125 4384 263 4440 euertere
287 4380 389 4436 temer
411 4385 461 4436 τοῦ
483 4381 639 4452 πνεύματος
690 4387 753 4436 Editi
779 4388 892 4437 omittunt
914 4379 961 4434 uei
983 4377 1036 4433 ὅσα
1055 4374 1147 4431 ἄκουεν
1163 4377 1282 4440 λαλησει.

45 4449 107 4508 itti
122 4455 241 4527 μείζονα
257 4450 306 4505 uei
322 4443 384 4504 im
401 4447 468 4504 ὄντα
483 4450 637 4521 σημαίνων,
690 4455 751 4506 ibid.
770 4455 869 4519 Sequor.
888 4455 986 4507 Gebter.
1004 4459 1028 4504 et
1045 4450 1181 4502 ielcimsn.
1200 4450 1222 4499 1.
1240 4440 1284 4500 ἐν·
