2948 5092
471 281 629 329 curren.
646 282 763 329 conum
776 284 911 331 munos.
1227 269 1293 338 297

64 447 132 513 ctus,
154 433 209 500 sed
231 435 402 518 quodcum
425 435 488 498 reri
509 433 561 496 llei
585 430 749 509 sterilius,
777 436 872 498 tidelis
895 437 960 517 ipse
982 456 1100 518 quoque
1123 448 1179 513 eet,
1202 439 1377 520 siquenm.

63 538 272 611 nonnitus,
295 556 371 618 quae
391 536 500 599 dixerit
520 535 670 609 feceritve,
692 537 767 598 lidos
790 548 835 600 est
856 538 1031 602 adhibenda.
1075 540 1208 621 Namque
1230 541 1293 604 ima
1389 538 1401 564 ⁶

64 640 211 704 mutabilis
232 646 388 721 permanet
408 638 516 700 necin
540 656 594 699 sua
623 638 750 700 bumana
777 638 1034 703 administratione
1061 649 1111 702 aut
1142 661 1291 723 corporeo

63 743 184 805 adventu
204 741 295 804 ullam
316 738 410 803 subiit
429 739 634 802 mutationem.
1295 764 1297 769 ·

142 847 174 908 7.
220 842 272 905 Sic
298 859 370 920 ergo
392 838 508 902 ruundi
531 848 632 920 potest
651 839 770 903 illorum
792 841 991 922 impudentia,
1021 843 1143 924 solaque
1172 864 1207 907 ex
1234 846 1293 909 bac

64 944 188 1008 Mons
210 947 285 1024 {scit
306 950 442 1005 errantes
464 956 518 1003 soe
541 941 778 1022 arbitrantceque
799 942 852 1004 llei
874 943 1002 1007 Verbum
1024 946 1130 1008 lactum
1155 965 1224 1009 esse
1242 948 1288 1010 la-

66 1044 199 1109 eillimum
222 1053 270 1108 est
291 1043 437 1107 refellere.
483 1044 671 1124 Quapropter
699 1062 766 1105 cum
795 1052 893 1108 rectus
922 1046 962 1107 sit
989 1046 1108 1109 illomm
1129 1048 1289 1112 verborum

70 1167 184 1219 sensus,
216 1156 391 1226 constetque
414 1165 449 1208 ex
472 1164 527 1219 eo,
550 1146 736 1225 quandonam
760 1154 790 1206 ct
810 1147 846 1207 ad
869 1147 939 1227 quid
961 1167 1018 1210 vex
1039 1150 1112 1230 fecit
1133 1151 1294 1228 relocatur,
1408 1131 1414 1143 ⁸

71 1267 184 1311 ncesse
212 1255 260 1310 est
289 1265 325 1309 eu
346 1248 468 1328 seipsa
490 1246 705 1309 baereticorum
729 1248 886 1309 ostendere
915 1248 1131 1330 stupiditatem,
1164 1252 1376 1316 maximenon.

73 1351 102 1422 si,
120 1358 153 1412 ut
173 1357 262 1413 autea
283 1348 421 1422 diximus,
444 1349 482 1410 ad
503 1348 567 1410 eius
589 1356 705 1429 tempus
728 1358 757 1410 et
778 1367 866 1413 usum
883 1351 1105 1414 attenderimus.
1149 1352 1214 1414 Non
1231 1355 1293 1435 igi-

74 1459 111 1513 tar
127 1470 195 1514 cum
218 1452 293 1513 baec
313 1451 424 1514 diceret
445 1450 622 1530 Apostolus,
652 1450 688 1513 de
710 1451 775 1526 bia,
803 1470 879 1532 quae
901 1460 968 1514 ante
990 1453 1169 1517 creationem
1193 1465 1288 1530 erant,

76 1553 148 1614 rerba
169 1549 305 1626 iaciebat,
328 1554 382 1614 sed
404 1551 441 1613 de
463 1552 512 1614 bis
534 1551 683 1627 duntaxat,
707 1572 782 1633 quae
798 1554 926 1616 Verbum
948 1573 1065 1617 oannem
1088 1557 1195 1619 laetum
1216 1576 1294 1639 sps·

75 1661 190 1728 duent,
213 1654 258 1716 sic
279 1654 358 1715 enim
380 1654 525 1733 scriptum
547 1661 607 1716 eet:
635 1652 727 1727 Unde,
750 1656 870 1735 (ratres
893 1661 1006 1728 suncti,
1029 1663 1197 1722 vocutionis
1221 1676 1294 1724 ωε*

78 1754 146 1818 lctis
173 1760 360 1838 participes,
394 1757 585 1819 considerate
616 1756 788 1836 apostolum
822 1768 851 1820 ct
881 1759 1056 1840 pontificem
1087 1762 1290 1842 consensionis

76 1871 185 1921 nostrus
208 1856 330 1932 lesum,
353 1863 405 1938 qui
424 1857 523 1938 fidelis
545 1869 592 1920 est
613 1861 649 1930 si,
672 1862 726 1938 qui
746 1860 819 1940 tecit
840 1860 937 1922 illum.
982 1860 1179 1934 Quandonam
1200 1840 1291 1942 igitur

76 1959 169 2021 nesus
191 1966 251 2032 est,
273 1968 325 2021 aut
345 1959 531 2038 quandonam
554 1968 689 2023 nostram
713 1960 808 2022 induit
829 1960 972 2024 carnem?
1017 1964 1211 2035 Quandonam
1230 1984 1290 2027 no·

27 2092 30 2098 ·
76 2068 140 2123 strae
170 2060 370 2122 corilessionis
402 2062 535 2140 pontifex
557 2069 604 2123 est
624 2061 743 2124 lactus?
786 2063 892 2125 Nonne
921 2071 1006 2139 tunc,
1037 2084 1104 2126 cnm
1132 2074 1290 2146 postquam

73 2163 227 2239 pronubis
250 2181 284 2224 se
306 2163 371 2243 ipse
393 2162 563 2236 obtulisset,
587 2180 695 2244 corpus
711 2164 846 2226 excitarit
864 2184 899 2226 ex
914 2166 1050 2240 mortuis,
1073 2185 1211 2247 nuncque
1226 2187 1291 2243 eos,

72 2265 108 2342 qui
130 2264 229 2345 ipsius
252 2265 469 2344 amplectuntur
483 2265 582 2338 fidem,
604 2265 723 2327 adducit
737 2275 769 2328 ct
783 2268 871 2329 ollert
885 2267 975 2340 Patri,
999 2286 1104 2331 omnes
1127 2269 1295 2345 redimens,

72 2373 173 2445 cipro
203 2365 345 2428 omnibus
375 2366 437 2428 lleo
466 2365 652 2427 satisfaciens
681 2385 807 2447 eumque
836 2369 997 2449 propitium
1029 2368 1181 2432 reddens?
1223 2371 1296 2433 Nou·

71 2463 159 2547 itaque
181 2466 345 2546 Apostolus
374 2466 462 2528 Verbi
489 2477 623 2529 naturam
651 2467 697 2529 rel
724 2470 887 2530 naturalem
916 2471 981 2532 eius
1011 2490 1045 2530 cx
1074 2471 1161 2531 Patre
1192 2477 1296 2534 ortum·

68 2563 105 2629 lis
126 2568 316 2648 significabat
336 2568 474 2631 vocibus:
503 2569 565 2642 Qui
583 2569 683 2650 fidelis
707 2583 752 2633 cst
774 2574 803 2632 si
824 2575 876 2652 qui
895 2573 969 2650 secie
990 2571 1094 2646 illum3
1123 2571 1215 2644 absit,
1245 2572 1291 2633 ei·

68 2670 178 2748 quidem
201 2670 344 2742 efficiens,
367 2689 426 2732 non
450 2671 588 2732 ellectum
610 2680 658 2732 est
678 2670 826 2746 Verbum3
855 2670 908 2733 sed
932 2671 995 2733 eius
1017 2672 1054 2733 ad
1076 2673 1213 2733 homines
1235 2671 1297 2734 ad·-

66 2782 177 2834 rentum
201 2780 232 2833 ct
254 2772 362 2833 lactum
383 2773 584 2851 pontificatum
608 2770 763 2845 indicabat,
787 2781 820 2834 ut
841 2792 876 2834 ex
891 2773 964 2851 legis
981 2781 1011 2834 et
1024 2773 1151 2835 baronis
1166 2774 1292 2838 historia

64 2871 123 2935 licet
151 2873 335 2954 perspicere.
385 2873 446 2935 Nee
472 2875 551 2935 enim
579 2875 678 2936 Aaron
706 2874 838 2953 pontilex
870 2875 987 2953 genitus
1011 2883 1071 2948 est,
1105 2875 1159 2936 sed
1187 2875 1292 2952 borno,

65 2976 105 3053 qui
127 2985 250 3055 postea,
279 2994 346 3036 curn
369 2974 430 3037 lleo
453 2976 576 3055 placuit,
605 2978 698 3038 lactus
728 2984 775 3036 est
796 2976 946 3055 pontile13
975 2978 1054 3056 quod
1088 2976 1207 3056 quidem
1228 2993 1292 3039 non

67 3079 164 3156 quovis
186 3077 278 3139 modo
301 3088 397 3139 actum
421 3088 483 3151 est,
505 3097 561 3140 nec
582 3078 631 3140 ille
653 3077 806 3139 consuetis
828 3095 863 3138 ex
884 3078 1070 3141 vestimentis
1092 3078 1225 3160 pontilex
1245 3080 1295 3142 cst

67 3181 193 3258 agnitus,
216 3179 270 3241 sed
293 3180 479 3260 epomidem,
502 3181 644 3260 poderem
667 3189 697 3240 et
719 3179 862 3241 rationale
884 3178 996 3252 induit,
1019 3198 1092 3260 quas
1115 3189 1213 3244 restes
1235 3176 1295 3244 uei-

67 3278 141 3345 iuesu
165 3289 335 3344 textuerant
357 3281 507 3351 mulieres,
538 3281 646 3361 quibus
669 3279 718 3342 ille
740 3281 861 3342 indutus
884 3280 913 3341 in
937 3289 1038 3343 sancta
1059 3283 1291 3362 ingrediebatur,

67 3391 92 3442 ut
111 3383 291 3445 sacrificium
312 3402 369 3463 pro
391 3383 501 3463 populo
524 3385 655 3456 ollerret,
678 3402 712 3445 ac
727 3383 815 3445 veluti
832 3383 947 3445 medius
963 3385 1198 3448 constituebatur
1212 3387 1293 3448 inter

68 3478 280 3546 ternionem
304 3492 333 3546 et
354 3485 508 3545 bominum
530 3484 683 3547 sacrificia.
728 3485 778 3546 Sic
799 3484 889 3564 igitur
910 3485 976 3565 ipse
1005 3505 1122 3566 quoque
1143 3487 1292 3551 Dominus

68 3584 94 3645 in
115 3590 270 3667 principio
299 3584 418 3664 quidem
447 3597 516 3649 erut
547 3587 687 3659 Verium,
717 3598 745 3649 et
776 3587 902 3651 Verium
924 3597 992 3650 crat
1014 3589 1096 3669 opud
1117 3588 1229 3663 Deum,
1261 3598 1297 3653 st

96 3904 112 3954 i.
137 3906 180 3956 Sic
203 3906 305 3967 Sernes.
330 3906 429 3956 Gobler.
455 3915 478 3956 et
501 3908 606 3957 idciro.
628 3908 650 3957 l.
703 3921 755 3957 σιν.
791 3909 881 3958 ibidem
900 3908 997 3959 (labier.
1018 3902 1292 3978 etl'slclrm.l.sipntts

71 3981 88 4021 ct
102 3974 233 4039 Scriptura.
268 3973 313 4022 siti
337 3989 392 4023 reru
418 3983 441 4024 st
459 3977 515 4025 editi
534 3966 653 4041 ἀδελφοί
703 3970 789 4025 αὐτὸν
804 3970 905 4024 πιστὸν
921 3968 990 4025 ὄντα
1008 3987 1053 4027 etc.
1246 3990 1248 3993 ·

70 4051 120 4101 μου.
738 4047 760 4094 l.
779 4046 836 4105 lien.
855 4053 878 4094 st
896 4045 999 4095 Felclrm.
1013 4046 1035 4095 5.
1053 4039 1100 4092 καὶ
1117 4043 1165 4105 τῆς
1178 4036 1292 4110 flandr.

95 4123 115 4170 g.
138 4111 226 4172 begins
257 4117 281 4159 et
310 4109 465 4160 Falcirnanni
484 4110 508 4160 b.
538 4112 651 4160 omittunt
703 4113 754 4162 llos
774 4114 830 4173 nep.
848 4113 940 4175 buglis.
959 4113 1105 4163 etielclrnu.
1124 4114 1147 4163 t.
1166 4108 1293 4177 γεγέννη-

68 4162 169 4235 luccen.
703 4194 755 4231 ται.
792 4180 836 4229 atti
855 4188 878 4230 et
896 4181 952 4230 editi
970 4176 1122 4246 γεγένηται.

95 4246 276 4295 unornane.
295 4236 379 4310 αὐτῷ.
425 4245 485 4295 ibid.
511 4247 649 4298 Feirlrmd.
738 4249 754 4298 Ι.
778 4249 819 4298 Sic
836 4249 936 4310 Sequor.
956 4249 1028 4300 llasil.
1047 4247 1292 4310 angliolichobl.

67 4310 206 4378 npscqipss
224 4312 264 4378 τῷ
281 4306 417 4379 πνεύματι
434 4307 480 4361 καὶ
497 4309 590 4383 πατρί.
703 4316 809 4365 Felclm.
822 4317 911 4366 1.ει5.
947 4317 1026 4368 ceteri
1039 4330 1096 4365 vero
1109 4323 1132 4366 et
1143 4316 1200 4367 editi
1217 4309 1299 4366 incr·

96 4384 109 4429 l.
132 4385 172 4431 Sic
190 4386 286 4443 sepner
312 4383 404 4433 Gobler
430 4384 525 4432 lelclnr
550 4382 650 4443 l.ct4.,
703 4376 876 4450 consipere.
912 4385 1004 4434 lbirlem
1028 4383 1168 4445 &guorion
1193 4384 1293 4436 Goblcr.

66 4448 103 4495 nt
119 4450 142 4498 iu
158 4451 215 4499 solo
232 4454 335 4506 serore.
355 4450 452 4500 additur
466 4448 650 4501 articnlnsacr'i.
703 4453 808 4502 Felclrm.
829 4455 851 4503 l.
869 4461 894 4503 ot
911 4451 936 4502 4.
954 4444 1156 4519 squinantico,
1175 4444 1227 4501 τὸν
1241 4448 1296 4503 no'·

66 4514 107 4566 llil
122 4526 146 4568 et
161 4520 221 4570 editi
238 4510 292 4578 triv
306 4510 451 4584 innuitis
462 4510 547 4585 φύσει
555 4515 664 4585 γένη,
702 4514 782 4586 θήρη,
801 4513 834 4570 τὸ
850 4511 955 4586 λόγων.
