2934 5078
137 212 140 219 ¹
187 232 251 295 444
323 241 328 249 '
589 245 616 293 ο.
629 243 784 291 numu
797 244 1021 291 ιεοειτειεοοετ

99 393 307 480 ε.τιτ.σαρκός
328 392 375 471 εἰς
397 389 501 479 ἄνδρα
521 393 646 462 τέλειον
667 391 926 477 καταντήσαντες
934 397 954 472 ¹)
977 388 1146 460 ἀθάνατοι
1165 397 1221 460 καί
1236 391 1412 482 ἄφθαρτοι

186 490 416 580 διαμείνωμεν.
1136 530 1140 535 ·

272 603 321 665 75.
370 595 418 661 Τό
440 595 476 660 δὲ
497 593 566 680 πρὸ
586 597 645 660 τοῦ
669 593 789 672 αἰῶνος
810 596 865 661 καί
888 592 955 680 πρό
976 597 1035 660 τοῦ
1050 595 1109 682 τήν
1123 596 1182 682 γῆν
1198 598 1411 682 ποιῆσαικαὶ

185 696 254 784 πρὸ
274 699 334 764 τοῦ
357 693 416 781 ὄρη
440 694 675 781 έδρασθῆναιῦ
689 696 815 783 μηδένα
827 701 1050 781 ’ταραττέτω
1073 693 1163 762 πάνυ
1173 695 1236 781 γὰρ
1248 699 1302 763 καὶ
1313 699 1411 763 τοῦτο

184 797 294 875 καλῶς
325 799 454 885 συνῆψε
484 797 531 880 τῶ
560 794 764 879 ἰθεμελίωσε
788 798 843 862 καί
868 799 917 882 τῷ
945 796 1060 863 ἐ’κτισε.
1104 800 1203 862 τοῦτο
1224 795 1286 882 γὰρ
1310 798 1412 865 πάλιν

185 900 245 986 τῆς
264 896 349 964 κατὰ
369 895 474 982 σάρκα
496 896 685 980 οἰκονομίας
706 892 858 963 ἅπτεται.
895 892 915 981 ή
936 898 998 983 γὰρ
1021 897 1114 983 παρὰ
1127 900 1187 965 τοῦ
1203 902 1353 987 σωτῆρος
1366 898 1413 977 εἰς

97 1072 101 1079 ,
186 992 273 1087 ἡμᾶς
294 1003 448 1085 γενομένη
469 995 565 1083 χάρις
586 995 664 1083 άρτι
682 999 744 1082 μὲν
766 996 932 1085 ἐπεφάνη,
957 994 1006 1076 ῶς
1024 993 1116 1066 εἶπεν
1139 994 1158 1065 ό
1181 995 1411 1080 άπόστολος’),

176 1091 240 1167 Ικαί
262 1103 391 1184 γέγονεν
413 1097 679 1185 ἐπιδημήσαντος
700 1093 812 1178 αὐτοῦ,
834 1105 1085 1186 προητοίμαστο
1107 1100 1144 1166 δὲ
1165 1095 1247 1186 αῦτη
1262 1103 1317 1166 καί
1333 1102 1413 1185 πρὶν

186 1204 345 1286 γενέσθαι
373 1195 474 1286 ἡμᾶς,
497 1199 641 1285 Ι’μάλλον
669 1200 707 1266 δὲ
733 1198 791 1266 καὶ
816 1198 885 1285 πρὸ
912 1203 972 1285 τῆς
991 1200 1175 1285 καταβολῆς
1195 1203 1255 1266 τοῦ
1277 1200 1412 1284 κόσμου.

99 1303 241 1369 »Λακαί
269 1296 289 1386 ἦ
319 1301 411 1367 αἰτία
435 1299 640 1388 χρηστὴ.καί
668 1299 846 1388 θαυμαστή
875 1299 949 1380 πώς
976 1301 1075 1369 ἐστιν.
1119 1295 1179 1367 οῦκ
1206 1301 1336 1387 ἔπρεπε
1356 1301 1414 1368 τόν

186 1399 270 1470 θεὸν
291 1398 429 1488 ὕστερον
450 1400 531 1489 περὶ
550 1397 643 1487 ἡμῶν
663 1400 895 1487 βουλεύεσθαι,
919 1403 976 1469 ἰνα
995 1400 1041 1488 μὴ
1064 1396 1110 1481 ώς
1130 1396 1259 1487 άγνοῶν
1279 1398 1411 1469 τάτάδ’

185 1498 272 1591 ἡμᾶς
300 1508 468 1590 φαίνηται.
515 1502 631 1583 κτίζων
658 1508 769 1569 τοίνυν
795 1497 882 1590 ἡμᾶς
910 1503 968 1571 διὰ
993 1507 1052 1570 τοῦ
1075 1504 1162 1571 ἰδίου
1183 1502 1283 1588 λόγου
1307 1499 1326 1568 ὁ
1348 1505 1414 1570 τῶν

187 1599 273 1674 ὅλων
295 1602 378 1682 θεὸς
397 1603 454 1671 καὶ
475 1602 572 1682 εἰδώς
593 1603 635 1671 τὰ
655 1600 747 1690 ήμῶν
767 1599 853 1690 ῦπὲρ
867 1600 963 1693 ἡμᾶς,
986 1604 1222 1691 προγινώσκων
1236 1629 1274 1671 τε
1289 1599 1345 1669 ότι
1358 1627 1415 1669 κα-

187 1703 242 1773 λοὶ
261 1703 432 1791 γενόμενοι
452 1701 589 1792 ὕστερον
611 1702 807 1790 παραβάται
825 1707 885 1793 τῆς
908 1705 1040 1791 ἰντολῆς
1062 1704 1212 1790 ἐσόμεθα
1229 1706 1288 1784 ,καί
1305 1704 1341 1773 έκ
1356 1706 1414 1770 τοῦ

186 1806 394 1893 παραδείσου
415 1804 694 1894 ἰκβληβησόμεθα
716 1804 790 1873 1’δεδι
808 1805 868 1894 τήν
889 1805 1070 1894 παρακοήν,
1095 1806 1343 1894 φιλάνθρωπος
1361 1808 1413 1872 καί

188 1901 318 1994 ἀγαθὸς
347 1901 397 1974 ῶν
420 1905 657 1995 προετοιμάζει
678 1906 733 1974 ’έν
761 1909 809 1994 τῷ
837 1907 913 1994 ἰδίῳ
941 1906 1044 1994 λόγῳ,
1078 1902 1126 1974 δι’
1148 1897 1188 1974 οὗ
1208 1911 1264 1975 καί
1288 1908 1413 1975 ἔκτισεν

186 2002 282 2094 ήμᾶς,
311 2005 370 2095 τήν
398 2010 476 2095 περί
503 2012 562 2096 τῆς
584 2015 748 2093 σωτηρίας
767 2004 861 2094 ήμῶν
882 2009 1090 2092 οἰκονομίαν,
1125 2008 1181 2075 ἵνα
1201 2002 1262 2095 κήίν
1285 2002 1414 2095 ἇπατη-

186 2112 305 2188 δίντες
325 2107 421 2194 παρὰ
441 2111 500 2176 τοῦ
516 2107 627 2197 όφεως
645 2109 845 2193 ἐκπέσωμεν,
860 2109 905 2196 μή
920 2109 1032 2176 τέλεον
1047 2104 1280 2193 άπομείνωμεν
1295 2115 1412 2194 νεκροί,

189 2203 258 2276 ἀλλ’
283 2210 410 2293 ἔχοντες
439 2209 473 2277 ἰν
499 2213 547 2289 τῶ
570 2209 656 2297 λόγῳ
677 2210 737 2299 τὴν
758 2216 1070 2299 προητοιμασμένην
1092 2206 1171 2296 ἡμῖν
1194 2209 1358 2295 λότρωσίν
1379 2236 1414 2278 τι

93 2346 105 2365 ·
148 2334 158 2357 ’·
187 2313 242 2379 καί
265 2317 431 2397 σωτηρίαν
453 2310 556 2378 πάλιν
578 2305 778 2391 ἀναστάντες
800 2305 971 2379 ἀθάνατοι
992 2312 1227 2395 διαμείνωμεν,
1252 2308 1334 2380 όταν
1357 2306 1413 2379 αῦ-

187 2410 246 2492 τός
267 2407 351 2497 ῦπέρ
373 2408 465 2499 ήμῶν
488 2407 567 2499 ἆρχὴ
589 2415 656 2479 τῶν
677 2407 764 2479 ὁδῶν
786 2416 919 2499 κτισθῆ,
941 2416 995 2478 καί
1012 2407 1258 2496 όπρωτότοκος
1272 2416 1333 2499 τῆς
1349 2419 1414 2480 κτί-

188 2534 274 2592 σεως
294 2518 427 2600 γένηται
447 2513 667 2601 πρωτότοκος,
681 2508 844 2600 ἀδελφῶν,
867 2516 922 2580 καί
945 2508 1045 2592 αότὸς
1066 2508 1196 2599 άπαρχῆ
1211 2517 1280 2580 τῶν
1296 2517 1414 2599 νεκρῶν

188 2610 325 2702 ἀναστῇ.
362 2617 461 2681 τοῦτο
482 2615 619 2693 Παῦλος
639 2609 675 2679 ’ὁ
702 2613 864 2700 μακάριος
887 2609 1077 2692 ἀπόστολος
1096 2613 1233 2700 γράφων
1256 2614 1412 2683 διδάσκει

188 2713 228 2781 τό
255 2715 317 2802 γάρ
346 2714 380 2782 έν
400 2725 476 2793 ταῖς
497 2721 696 2802 παροιμίαις
717 2714 785 2800 πρὸ
806 2718 866 2782 τοῦ
889 2715 1010 2793 αἰῶνος
1031 2717 1084 2783 καί
1107 2715 1175 2800 πρὸ
1196 2718 1255 2780 τοῦ
1277 2715 1338 2804 τὴν
1359 2717 1413 2802 γῆν

186 2821 347 2900 γενέσθαι
376 2816 595 2902 διερμηνεόων
622 2813 710 2884 οῦτῶ
739 2819 821 2904 φησί
849 2815 936 2901 πρὸς
956 2818 1017 2899 μὲν
1042 2816 1227 2900 Τιμόθεον·
1259 2839 1413 2902 συγκακο-

188 2915 349 3003 πάδησον
376 2920 423 3003 τῷ
455 2914 645 3004 εὐαγγελίῳ,
679 2918 763 2984 κατὰ
791 2916 929 3002 δύναμιν
951 2921 1035 2984 θεοῦ
1057 2921 1115 2983 τοῦ
1138 2917 1311 2996 σώσαντος
1332 2914 1414 3006 ἡμᾶς

188 3018 243 3085 καὶ
272 3019 468 3096 καλέσαντος
489 3017 602 3105 κλήσει
623 3014 716 3104 άγίφ,
745 3013 800 3085 ἰοῦ
823 3018 968 3085 κατὰτὰ
990 3019 1068 3105 ἔργα
1089 3014 1196 3106 ήμῶν,
1227 3015 1314 3085 ἀλλὰ
1335 3016 1414 3086 κατὰ

63 3133 71 3145 ·
97 3106 119 3143 ’·
188 3116 248 3206 τήν
277 3117 364 3186 ἰδίαν
392 3118 560 3204 πρόθεσιν
585 3121 638 3186 καί
660 3119 756 3206 χάριν
778 3119 836 3208 τήν
859 3122 1021 3188 δοθεῖσαν
1042 3117 1122 3206 ἡμῖν
1144 3119 1177 3186 έν
1199 3123 1340 3207 Χριστῷ
1358 3116 1414 3206 Ἰη-

187 3221 251 3286 σοῦ
279 3218 347 3304 πρὸ
374 3220 499 3305 χρόνων
527 3222 686 3301 αἰωνίων,
717 3227 971 3310 φανερωθεῖσαν
995 3223 1031 3289 δέ
1054 3226 1110 3288 νῦν
1133 3222 1189 3290 διὰ
1210 3224 1270 3308 τῆς
1291 3222 1416 3310 ἐπιφα-

189 3325 280 3398 νείας
306 3323 364 3386 τοῦ
387 3324 535 3408 σωτῆρος
556 3318 649 3410 ήμῶν
667 3318 771 3410 Ἰησοῦ
794 3327 960 3410 Χριστοῦ,
989 3322 1254 3408 καταργήσαντος
1274 3325 1337 3406 μέν
1358 3322 1414 3390 τὸν

189 3418 348 3501 θάνατον,
372 3427 581 3508 φωτίσαντος
602 3424 638 3491 δὲ
660 3424 737 3512 ετήν
760 3423 884 3512 ζωήνί),
908 3425 994 3512 πρὸς
1009 3426 1045 3492 δὲ
1059 3424 1136 3502 τοὺς
1154 3420 1341 3511 Ἐφεσίους·
1365 3419 1415 3493 εὖ·

187 3521 327 3609 λογητὸς
348 3519 366 3588 ό
388 3523 472 3603 θεὸς
492 3527 546 3591 καί
569 3525 678 3611 πατὴρ
700 3530 759 3593 τοῦ
781 3532 897 3614 κυρίου
919 3523 1012 3614 ἡμῶν
1024 3520 1127 3613 Ἰησοῦ
1142 3529 1304 3612 Χριστοῦ,
1329 3522 1415 3593 όεό·

189 3623 332 3709 λοχήσας
353 3620 438 3712 ήμᾶς
460 3625 494 3693 ἰν
517 3625 608 3713 πάσῃ
632 3621 764 3715 εὐλογίᾳ
785 3629 990 3714 πνευματική
1014 3625 1047 3694 έν
1062 3637 1134 3705 τοῖς
1149 3625 1364 3711 ἐπουρανίοις
1383 3626 1414 3692 ἰν

189 3727 328 3811 Χριστῷ
351 3721 485 3814 ᾖἸησοῦ,
515 3725 631 3806 καθώς
658 3727 825 3808 ἐξελέξατο
853 3725 939 3816 ἡμᾶς
968 3727 1002 3794 ἰν
1032 3723 1121 3813 αὐτῷ
1144 3725 1211 3814 πρὸ
1233 3729 1416 3815 καταβολῆς

188 3823 330 3911 κόσμου,
359 3822 445 3895 εἰναι
472 3823 559 3912 ἡμᾶς
587 3824 701 3915 ἁγίους
722 3829 778 3898 καὶ
799 3827 957 3916 ἀμώμους
978 3825 1046 3897 κατ’
1072 3826 1217 3896 ἐνώπιον
1240 3823 1359 3910 αῦτοῦ,
1382 3827 1415 3896 έν

261 4050 284 4110 ι)
302 4051 390 4114 τροις.
409 4050 434 4109 ι,
455 4052 493 4102 1³.
546 4050 820 4112 ε)ειοι.ο,κε.τ5.
872 4051 898 4113 3)
917 4053 962 4103 ττι
982 4052 1006 4112 2,
1026 4052 1065 4102 11.
1114 4040 1459 4114 412.Tim.1,8-10.‘

187 4231 191 4237 .
223 4200 247 4235 ι.
265 4185 356 4247 λσςλίο.
375 4180 590 4252 μηδέναμηδὲν
608 4183 774 4252 ταραττέτω.
830 4199 889 4236 mss.
905 4182 1010 4252 μᾶλλον
1028 4181 1120 4235 δὲκαὶ
1137 4179 1192 4254 πρό
1211 4196 1256 4237 etc.
1293 4187 1354 4237 Ιολδ.
1373 4188 1417 4236 Se·

188 4252 264 4303 ΡτυΙο
283 4262 339 4318 post
357 4254 456 4316 Seguer.
469 4261 493 4304 et
510 4255 615 4303 λέΙολια.
633 4255 657 4304 4.
675 4247 722 4303 καὶ
738 4253 777 4319 tq}
829 4267 895 4316 ςαετ.
915 4256 1011 4305 Gobler.
1031 4255 1206 4304 Felekm.1.et
1222 4256 1247 4304 4.
1265 4249 1321 4321 πρὸ
1338 4267 1418 4302 κατα·

189 4313 284 4369 ἔκτισε.
322 4320 367 4369 Alii
386 4330 409 4370 et
426 4322 482 4371 editi
500 4316 546 4368 καί
559 4313 656 4370 ἔκτισε.
828 4318 915 4384 βολῆς.
952 4322 1101 4372 editionum
1120 4315 1177 4389 πρὸ,
1193 4320 1241 4381 τῆς
1257 4318 1415 4386 καταβολῆς.

224 4388 248 4436 λι.
267 4389 353 4450 Regius
375 4384 480 4453 μᾶλλον
497 4383 527 4436 δὲ
544 4381 598 4454 πρό
616 4397 662 4439 etc.
698 4391 777 4440 Editio
863 4406 884 4440 α
903 4391 944 4440 Sic
961 4391 1060 4452 seguer.
1079 4390 1178 4440 Gobler.
1198 4391 1303 4441 Felckm.
1325 4390 1347 4440 1.
1359 4389 1417 4440 ει4.

189 4454 335 4512 ῦοτισινλλο.
356 4451 462 4522 μᾶλλον
482 4450 531 4506 καὶ
544 4449 601 4532 πρό
618 4465 664 4509 ιτα
697 4458 779 4515 Βοιαὶ
828 4459 857 4508 λι
871 4456 912 4519 alii
928 4450 1203 4515 οιεδλι.ίὲοααιλ.διὰ
1211 4454 1417 4525 τήςκαραανήτ.
