2948 5092
452 273 596 316 arissam
612 273 631 314 ι.
647 273 682 313 sn
698 271 893 315 sanceronis.
1220 258 1281 322 687

55 430 217 510 profunda
240 427 305 488 liei.
353 427 428 499 Quis
457 429 533 486 anim
566 427 621 498 scit
649 443 722 504 petae
744 434 814 484 sunt
837 423 964 484 hominis
987 428 1049 484 nisi
1069 427 1202 504 Spiritus
1226 425 1367 487 ho-onu.

59 535 162 601 minis,
186 534 238 610 qni
257 533 289 588 in
311 530 376 605 ipso
400 524 468 588 est?
490 530 533 587 ita
555 535 584 585 et
606 542 680 604 puae
694 524 752 586 Dei
773 536 845 585 sum
867 542 951 585 nemo
976 529 1113 602 capnouit
1134 526 1282 605 nisiSpi-
1358 602 1363 614 ι

59 638 143 694 ritus
167 631 232 693 Dei.
278 627 340 689 Nos
363 639 463 688 uectem
484 645 547 688 non
569 628 710 704 spiritum
731 625 838 686 mundi
857 630 1033 706 occepimus,
1058 628 1109 687 sed
1124 627 1281 706 Spiritum,

60 737 115 813 qui
136 751 174 794 cos
195 731 257 792 Deo
281 740 335 800 est,
360 740 395 790 nt
416 733 543 789 sciamus
567 747 640 807 pocae
663 748 681 789 a
701 727 765 788 Deo
789 728 901 788 donata
924 741 996 789 sunt
1017 730 1113 789 nohis.
1158 727 1194 789 lit
1215 737 1284 808 post

59 851 169 914 pauca:
193 832 331 901 Nescitis,
354 835 423 911 qnia
446 829 586 908 tempium
601 830 659 891 Dei
679 834 750 892 estis
773 838 801 889 et
817 828 951 908 Spiritus
968 827 1026 890 Dei
1047 815 1160 891 habitat
1181 835 1213 890 in
1228 850 1284 892 oo-

61 934 134 997 bis?
176 933 230 993 Et:
261 933 319 994 Sed
341 931 440 993 abluti
460 935 545 1000 estis,
569 932 620 991 sed
641 930 825 1009 sanctificati
844 934 930 1001 estis,
961 931 1013 992 sed
1032 932 1191 1012 iustificati
1211 936 1283 994 estis

60 1040 96 1102 in
116 1040 236 1097 nomine
260 1033 381 1126 Domini
400 1035 501 1093 nostri
521 1030 590 1092 lesu
614 1032 729 1093 Christi
757 1042 785 1092 et
804 1035 846 1101 ,ia
867 1030 988 1111 Spiritu
1010 1031 1068 1094 Dei
1093 1012 1202 1095 nostri.
1246 1033 1285 1094 Et
1341 1076 1347 1089 .

60 1156 184 1198 rursus:
208 1136 289 1197 llaec
311 1147 410 1196 autem
429 1118 531 1195 ⁴omnia
553 1146 700 1213 operatur
720 1153 800 1195 ursus
824 1144 853 1194 et
874 1134 950 1195 idem
971 1132 1126 1212 Spiritus,
1150 1136 1284 1197 dividens

59 1243 190 1320 proprie
213 1237 355 1314 siupulis,
377 1245 472 1316 prout
494 1235 569 1296 vult.
613 1233 664 1294 Et:
694 1234 841 1295 Dominus
864 1245 964 1295 antem
986 1233 1120 1314 Spiritus
1143 1246 1203 1311 est,
1233 1236 1287 1298 uhi

60 1350 165 1402 autem
186 1339 320 1418 Spiritus
345 1336 471 1406 Domini,
494 1338 536 1398 ihi
556 1336 689 1398 libertae.
734 1335 807 1396 Vide
830 1336 916 1396 etiam
939 1336 1088 1415 quomodo
1110 1336 1146 1397 ad
1169 1336 1285 1399 Galatas

59 1441 111 1502 his
133 1438 232 1500 verbis
254 1437 379 1498 scribat:
412 1436 449 1498 Ut
472 1438 631 1499 benedictio
654 1437 793 1500 Abrahae
821 1437 908 1517 fieret
936 1443 968 1499 in
993 1438 1112 1500 Christo
1136 1437 1220 1510 lesu,
1250 1449 1286 1501 stt

17 1603 21 1619 ,
56 1542 312 1623 pollicitationem
341 1539 476 1619 Spiritus
505 1543 685 1617 accipiamus
703 1557 761 1617 per
783 1540 880 1618 fidem.
925 1538 962 1600 Et
981 1539 1103 1601 iterum:
1135 1541 1287 1613 Quoniam

60 1653 165 1705 autem
186 1645 258 1703 estis
280 1627 352 1721 filii,
381 1644 460 1702 misit
481 1639 562 1701 Deus
586 1638 736 1720 Spiritum
757 1640 829 1701 Filii
854 1644 904 1702 sui
924 1645 956 1704 in
981 1643 1199 1703 cordavestra
1223 1643 1286 1703 cla-

52 1754 210 1817 mantem:
240 1743 328 1813 laha,
352 1741 452 1803 Pater.
497 1740 600 1821 ltaque
623 1745 682 1802 iam
703 1759 765 1803 uon
788 1760 818 1802 es
841 1761 958 1813 seruus,
982 1744 1034 1804 sed
1055 1743 1150 1823 filius.
1198 1744 1287 1818 Quod

60 1850 90 1908 si
110 1845 206 1925 filius,
231 1854 258 1905 et
282 1845 366 1905 heres
383 1842 441 1903 Dei
457 1861 515 1923 per
533 1842 696 1904 Christum.
740 1843 819 1903 llaec
836 1861 952 1922 quoque
968 1844 1032 1904 eius
1049 1853 1119 1905 sunt
1133 1846 1169 1906 ad
1183 1845 1285 1923 Ephe·

62 1947 128 2008 sios
152 1945 256 2005 verba:
285 1945 322 2005 Et
349 1945 443 2006 nolite
472 1950 655 2006 contristare
677 1944 828 2024 Spiritum
850 1958 987 2007 sanctum
1010 1944 1080 2020 au,
1109 1951 1142 2008 in
1163 1966 1220 2026 quo
1242 1952 1287 2009 si·
1325 2008 1327 2015 ,

62 2051 153 2128 pnati
173 2051 244 2108 estis
267 2050 300 2107 in
322 2048 398 2107 diem
420 2047 621 2108 redemtionis.
665 2045 702 2105 Et
717 2064 840 2106 rursus:
863 2045 984 2107 Soliciti
1002 2065 1128 2108 seruare
1141 2054 1288 2111 unitatem

61 2148 203 2229 Spiritus
226 2153 258 2209 iu
281 2147 400 2208 viuculo
420 2150 515 2228 pacis.
560 2147 603 2207 hd
624 2146 830 2225 Philippenses
853 2166 923 2207 vero
940 2146 1014 2208 haec
1036 2147 1288 2211 confidentissimo

61 2251 183 2312 scribit:
216 2249 296 2321 Quid
318 2247 422 2323 enimi'⁸
449 2250 517 2309 dum
546 2252 627 2309 omni
651 2249 738 2309 modo
769 2252 913 2327 siveper
945 2253 1129 2311 occasionem
1150 2255 1213 2312 siae
1231 2268 1290 2329 per

61 2357 224 2421 ueritatem
248 2349 385 2413 Christus
408 2354 625 2418 anscunciatur,
659 2360 688 2410 et
716 2354 748 2410 in
771 2350 825 2410 hoc
845 2350 976 2428 paudeo,
1011 2350 1062 2410 sed
1089 2361 1116 2412 et
1143 2351 1288 2428 paudebo.

61 2453 132 2515 Scio
157 2456 248 2522 enim,
282 2455 351 2531 quia
380 2451 435 2512 hoc
456 2453 529 2511 mihi
546 2455 706 2530 proveniet
727 2452 766 2511 ad
787 2450 915 2512 solutam
934 2468 993 2530 per
1014 2460 1148 2527 uestram
1172 2454 1289 2533 oratio-

60 2573 133 2616 nem
155 2564 184 2614 et
205 2554 513 2634 subministrationem
535 2552 669 2632 Spiritus
692 2551 762 2613 lesu
786 2551 915 2626 Christi,
948 2553 1111 2614 secundum
1134 2563 1289 2630 suspecta-

62 2661 179 2719 tioncm
201 2663 229 2715 et
250 2673 331 2733 spem
353 2673 455 2726 meam,
479 2658 549 2735 quia
571 2659 603 2714 iu
625 2653 711 2715 nullo
735 2654 919 2731 confundar.
964 2652 1017 2713 Et:
1049 2653 1111 2714 Nos
1134 2658 1212 2714 enim
1234 2656 1289 2715 iu·

60 2776 132 2818 mus
157 2759 359 2826 circumcisio,
389 2760 441 2834 qui
461 2756 594 2834 Spiritui
614 2754 673 2815 Dei
692 2758 849 2815 servimus.
869 2732 899 2817 et
919 2754 1091 2833 ploriamur
1112 2759 1145 2815 in
1168 2754 1287 2817 Christo
1297 2773 1374 2816 mass.

60 2858 149 2920 lesu.
194 2856 230 2917 Et
252 2856 287 2915 ad
304 2856 604 2917 Thessalonicenses:
627 2855 732 2935 ltaque
747 2859 800 2935 qui
812 2860 937 2934 spernit,
961 2873 1023 2915 non
1039 2855 1186 2917 hominem
1201 2837 1304 2935 sper-¹

59 2964 120 3029 nit,
146 2959 197 3019 sed
218 2957 323 3029 Deum,
347 2963 399 3037 qui
419 2960 470 3020 dat
493 2957 643 3038 Spiritum
658 2967 794 3017 sanetum
817 2976 905 3018 suum
926 2962 959 3017 in
981 2957 1075 3017 vohis.
1119 2957 1198 3017 llaec
1219 2958 1290 3017 item

59 3060 103 3121 ad
126 3058 278 3119 Hebraeos
302 3059 418 3121 scribit:
442 3059 506 3120 Hoc
529 3059 718 3138 sipnificante
741 3057 861 3137 Spiritu
884 3041 998 3127 uincto,
1020 3059 1152 3119 nondum
1172 3076 1291 3138 propa-

10 3196 14 3208 ·
61 3163 163 3223 latam
184 3180 246 3221 csse
268 3172 444 3222 sanctorum
466 3147 545 3222 oiam
567 3160 663 3222 adhuc
683 3163 789 3239 priore
811 3158 1005 3221 tabernaculo
1029 3159 1153 3220 habente
1167 3170 1291 3221 statum.

61 3350 158 3400 habent
174 3340 228 3412 ⁸uui
257 3341 388 3409 yahrt'saec
413 3338 511 3393 πάλιν·
537 3338 582 3394 ἵνα
610 3354 654 3411 etc.
707 3347 844 3408 Scripturas
869 3355 958 3395 tentos.
991 3345 1103 3395 Ottobon.
1124 3340 1152 3392 τί
1166 3339 1221 3410 γὰρ
1241 3336 1291 3396 in.

60 3418 160 3470 lbidem
180 3432 223 3478 piro
248 3416 285 3463 tus
304 3417 381 3464 verbis
401 3399 432 3461 orl
451 3408 529 3463 δὲτὸ
548 3413 655 3479 πνεῦμα
706 3414 783 3461 ,lliiet
796 3415 853 3462 editi
868 3408 896 3460 τί
913 3407 942 3460 δὲ
961 3403 1056 3461 darete.
1093 3414 1293 3463 lloxssoblerian.

59 3479 178 3550 κυρίου,
204 3485 260 3544 ling.
284 3482 307 3531 2.
334 3484 405 3531 halus
434 3467 465 3530 οὗ
494 3477 524 3530 δὲ
553 3475 652 3547 κύριος.
707 3481 847 3533 felchinl.
867 3490 889 3529 ot
907 3484 1006 3542 Segusa.
1025 3473 1152 3543 diuitiis*
1171 3475 1293 3547 Χριστὸς

62 3557 128 3604 ltesn
148 3552 204 3599 ibid.
224 3552 279 3610 lleg.
295 3553 315 3600 l.
335 3560 357 3598 ot
376 3552 447 3610 Septi.
465 3545 520 3598 ἐκεῖ
536 3553 655 3600 omittunt.
706 3542 761 3617 γὰρ
779 3545 994 3614 καταγγέλλεται.

60 3622 119 3671 Μῡῐ
149 3620 218 3667 lldlffl
247 3611 298 3685 ὅρα
325 3613 445 3670 δὲ’πώς·
481 3620 525 3668 ‘llll
553 3630 576 3668 ‘l
600 3620 656 3667 “llll
743 3651 764 3698 h.
784 3652 824 3699 Sic
843 3651 932 3712 aaut.
951 3652 1051 3711 Seguer.
1070 3652 1292 3703 Gobl.l“elolun.l.

62 3681 152 3754 ὁρᾶτε
169 3684 233 3737 πῶς.

102 3772 124 3816 g.
150 3748 195 3801 καὶ
219 3747 300 3800 πάλιν
323 3755 391 3803 abest
409 3771 420 3801 a
440 3756 496 3815 Reg.
518 3755 538 3802 1.
558 3756 656 3814 Seguer.

48 3824 168 3880 ,Goblen
193 3830 214 3869 et
237 3823 340 3871 Fololsm.
362 3824 381 3871 l.
418 3811 508 3870 liobam
528 3823 615 3882 liegius
633 3821 657 3870 2.

62 3886 130 3941 ἔστι
149 3883 249 3948 νήπιοι.

103 3961 127 4009 b.
153 3959 209 4018 llcg.
229 3957 252 4006 2.
276 3950 361 4023 ἡμῶν.
399 3957 488 4006 lbidem
515 3955 611 4005 Gobler.
635 3965 659 4004 et

61 4029 175 4080 mem·
190 4027 211 4074 ¹·
228 4018 350 4090 ὁπατήρ·
368 4020 413 4073 ’‘“l
425 4017 506 4072 πάλιν
522 4017 659 4088 emmim·
710 4049 819 4106 doctae
837 4067 881 4107 etc.
917 4059 997 4108 Ottob.
1008 4072 1061 4106 mox
1072 4051 1100 4104 oi
1116 4049 1145 4105 ἐν
1161 4050 1295 4122 πνεύματι

94 4089 101 4104 ‹
184 4092 195 4103 -
354 4096 357 4103 ·
416 4081 425 4106 ¹
631 4094 635 4103 ·

60 4089 511 4224 ciuussistimur
525 4092 659 4224 uun
709 4121 1296 4259 ri...uslutosummu

62 4232 146 4284 l‘aulo
170 4239 227 4294 post
244 4232 342 4292 Seguer.
362 4231 459 4281 Gobler.
478 4239 500 4278 et
518 4229 622 4278 Fclclsm.
637 4229 659 4277 1.
710 4264 740 4311 se
758 4279 801 4312 w

62 4296 178 4357 λυπῆτε.
743 4279 755 4325 ⁸
803 4300 809 4312 ·

102 4371 120 4417 i.
142 4367 239 4418 Gobler.
258 4376 281 4415 et
299 4368 403 4415 Falchm.
425 4367 445 4414 l.
464 4361 509 4413 καὶ
527 4361 657 4423 elthman·
743 4365 760 4414 Ι.
779 4364 834 4426 lieg.
847 4365 868 4413 1.
886 4373 909 4413 et
921 4365 1020 4425 Seguer.
1037 4361 1124 4411 τοῦτο,
1150 4364 1222 4412 Paulo
1240 4371 1297 4426 post

63 4431 155 4487 etam·
175 4429 261 4483 sieta.
296 4435 388 4484 lbidem
406 4436 477 4483 iidem
497 4445 520 4484 et
533 4435 620 4495 llepl.
637 4441 659 4482 et
710 4448 754 4497 pro
773 4425 814 4479 ἔτι
831 4432 921 4493 Reg.2.
940 4440 963 4481 et
981 4424 1113 4481 basiliani.
1150 4430 1295 4496 ltempaulo

23 4488 35 4503 ’
61 4507 173 4568 Segucr.
191 4497 220 4551 τί
235 4496 307 4569 γάρ,·
324 4496 400 4575 uhi}
411 4493 454 4550 ὅτι
472 4511 497 4553 nt
515 4512 538 4552 et
553 4504 658 4554 Graecus
710 4509 766 4566 post
784 4501 848 4564 lieg.¹
859 4501 883 4564 J.
902 4509 926 4550 et
942 4501 1043 4563 chner.
1061 4490 1274 4560 ἂξιωθήσεσθαι.

709 3727 731 3766 el
749 3723 782 3767 Aa
802 3719 839 3767 lic.
875 3723 902 3766 hl
926 3718 983 3781 aeg.
1002 3717 1024 3766 2.
1050 3719 1122 3768 assu.
1148 3720 1249 3768 Fslclun.
1269 3719 1294 3768 2.

707 3734 881 3851 napaelonc'un.
926 3787 987 3834 Editi
1015 3781 1194 3852 napudonc'un.
1242 3788 1293 3837 llos

709 3857 778 3903 verba
798 3867 841 3900 on
859 3867 888 3901 tu
904 3848 994 3901 endere
1012 3847 1232 3918 asopomin‘aopua
1251 3856 1294 3903 de-

709 3932 766 3971 sunt
789 3922 812 3970 io
838 3922 934 3972 Gobler.
959 3932 982 3971 et
1000 3921 1103 3970 sescum.
1124 3923 1145 3970 l.
1165 3925 1204 3985 qui
1223 3923 1294 3972 iidem

709 3992 771 4039 intra
791 3991 893 4038 hubent:
911 3983 956 4037 καὶ
970 3985 1211 4037 Θεσσαλονικεῦσι·
1232 3982 1245 4035 ὅ
1265 3984 1296 4038 δὲ
