2948 5092
492 257 637 300 urrerem
654 256 690 297 in
708 255 889 300 errcrrrorr.
1230 242 1290 306 831

59 418 126 473 tum
150 409 181 470 in
204 426 313 487 corpus
336 408 470 486 seipsum
493 425 548 485 pro
572 405 674 485 seipso
707 406 736 466 in
759 405 934 467 sacrificium
959 408 1081 469 olierret
1103 427 1137 470 ac
1158 410 1291 489 seipsum
1300 423 1376 470 reor.

59 510 235 573 redimeret.

148 617 178 675 5.
223 611 281 672 Sed
305 629 366 671 non
389 611 428 671 ita
451 629 485 671 sc
507 628 556 670 res
579 607 678 681 babet,
700 607 794 682 absit3
817 627 886 670 nam
907 628 1007 672 remen
1023 611 1160 674 Abrabae
1178 631 1292 692 oppre-

10 727 12 760 2
60 713 176 788 Vendit,
201 722 233 774 ut
254 712 293 773 ait
315 711 485 790 Apostolus,
509 711 589 773 orode
612 710 711 774 debuit
729 729 788 791 per
812 715 911 772 omnio
932 712 1087 790 frutribus
1110 714 1244 774 similari
1263 723 1293 776 et

10 856 12 865 ·
59 832 173 895 eorpus
196 831 350 876 assumere
373 812 460 874 uobis
484 811 590 873 simile.
633 810 794 891 Propterea
817 811 908 891 igitur
930 811 1014 873 adest
1037 832 1104 874 vere
1126 815 1232 888 Maria,
1260 822 1293 878 ut

10 933 13 966 ³
59 919 100 985 ab
127 938 162 980 ea
190 915 261 976 illud
292 923 424 976 assumat
452 924 482 975 et
511 922 649 993 tanquam
677 913 832 992 proprium
867 931 922 992 pro
951 913 1040 975 nobis
1069 914 1139 976 illud
1176 917 1292 980 ollerat,

10 1034 13 1071 =
59 1021 205 1098 libusque
227 1016 332 1078 Esaias
362 1015 480 1094 quidem
504 1015 641 1076 indicavit
663 1014 779 1076 diceus:
802 1015 876 1077 Ecce
899 1019 995 1097 virgo,
1015 1016 1141 1078 Gabriel
1159 1037 1228 1078 vero
1254 1018 1292 1080 od

59 1140 128 1185 eam
150 1118 286 1191 mittitur,
311 1137 365 1179 nec
386 1115 559 1195 simpliciter
582 1117 617 1177 ad
639 1115 793 1195 virginem,
819 1116 872 1177 sed
895 1117 934 1178 od
956 1121 1103 1195 virginem
1125 1120 1292 1199 desponso-

10 1244 15 1279 2
59 1234 125 1288 tm
146 1226 224 1291 oiro,
249 1228 281 1281 ut
303 1238 338 1279 ex
360 1218 464 1297 spousi
487 1219 637 1278 mentione
660 1217 803 1278 iudicaret
817 1217 939 1279 Mariam
955 1237 1022 1279 vere
1043 1219 1193 1280 bominem
1210 1238 1290 1283 esse.

60 1322 241 1400 Portumque
264 1327 410 1380 memorat
431 1319 583 1398 Scriptura
607 1326 637 1379 et
657 1319 714 1380 ait:
745 1318 858 1380 Pennis
889 1338 956 1381 eum
977 1321 1121 1392 involvit,
1151 1340 1185 1383 ac
1205 1322 1292 1384 beata

58 1422 307 1508 praedicabantur
328 1420 436 1494 ubera,
459 1421 567 1500 quibus
590 1421 655 1500 ipse
677 1420 800 1482 lactatus
822 1429 886 1494 est,
908 1429 938 1482 et
959 1421 1043 1500 quasi
1066 1432 1153 1501 partu
1175 1424 1292 1487 vulvam
1390 1430 1393 1434 ’

10 1581 12 1585 .
59 1524 252 1605 adaperiente
275 1523 404 1585 oblatum
428 1531 474 1584 est
497 1522 689 1596 sacrificium
720 1521 793 1583 baec
814 1532 912 1584 autem
935 1523 1033 1584 omnia
1054 1524 1198 1603 parientis
1222 1525 1374 1587 Vir-roos.

58 1627 139 1710 ginis
162 1634 248 1688 erant
268 1625 385 1686 iudicia.
428 1625 467 1686 Et
488 1624 604 1686 Gabriel
625 1624 745 1704 quidem
767 1632 852 1686 caute
874 1643 908 1686 ao
924 1626 1085 1704 prudenter
1099 1627 1292 1690 annuntiabat

10 1707 104 1792 ·”iltt
125 1728 263 1800 dicendo,
287 1746 346 1788 non
370 1726 544 1806 simpliciter
566 1726 645 1806 quod
668 1731 700 1788 r'o
723 1734 930 1798 renascetur,
953 1745 991 1787 ne
1014 1728 1198 1790 extrinsecus
1220 1748 1290 1791 ror-

57 1848 120 1913 pus
141 1828 200 1909 ipsi
222 1828 373 1890 inductum
396 1836 559 1908 putaretur,
583 1827 636 1888 sed
658 1845 698 1890 eu
719 1838 757 1900 te,
782 1835 815 1888 ut
836 1824 914 1906 quod
936 1827 1111 1906 gignebatur
1134 1838 1232 1892 ortum
1255 1851 1292 1895 ex

57 1931 111 1995 illa
132 1931 254 1992 duxisse
276 1929 457 2003 crederetur,
480 1929 591 2009 liquido
613 1929 672 1992 boc
693 1929 789 2009 ipsum
806 1932 912 1991 naturis
927 1929 1160 2003 demonstrante,
1183 1952 1291 2014 nempe

58 2032 249 2113 impossibile
277 2051 345 2093 esse
368 2032 516 2110 Virginem
546 2032 620 2093 citra
648 2042 763 2111 partum
785 2033 831 2094 lac
852 2031 978 2104 habere,
1013 2033 1198 2112 impossibile
1220 2035 1293 2099 item

58 2154 132 2200 esse
151 2134 228 2195 lacte
250 2132 355 2194 nutriri
379 2142 409 2193 et
430 2133 536 2212 pannis
553 2133 660 2193 involvi
677 2151 796 2211 corpus,
819 2133 899 2212 quod
916 2132 1048 2194 noudum
1063 2136 1189 2197 naturali
1204 2146 1292 2216 partu
1387 2126 1395 2135 ’

59 2238 103 2300 sit
124 2234 246 2298 editum.
290 2233 364 2295 lllud
393 2235 491 2313 ipsum
520 2253 628 2312 corpus
656 2242 760 2294 octavo
783 2233 831 2294 die
854 2234 1059 2297 circumcisum
1082 2245 1143 2309 est,
1173 2238 1251 2300 idem
1274 2259 1292 2302 o
1368 2250 1371 2262 '

58 2338 209 2420 Symeone
230 2336 261 2397 in
284 2335 367 2397 ulnas
391 2344 577 2413 susceptum,
606 2334 734 2414 idipsum
758 2352 831 2412 puer
855 2336 960 2409 evasit,
983 2338 1091 2410 crevit,
1115 2337 1290 2402 duodecim-

58 2458 119 2521 que
140 2458 287 2501 aonorum
316 2440 423 2499 lactum
453 2445 516 2509 est,
546 2445 576 2498 et
603 2436 638 2498 ad
668 2436 852 2516 trigesimum
883 2454 977 2515 usque
1005 2440 1142 2517 pervenit
1168 2458 1290 2503 aunum.

58 2541 128 2604 Non
152 2540 241 2613 enim,
264 2552 296 2601 ut
318 2538 450 2600 nonnulli
474 2538 616 2616 suspicati
638 2548 718 2612 sunt,
742 2538 806 2618 ipsa
821 2536 909 2598 Verbi
926 2537 1090 2600 substantia
1106 2549 1215 2602 mutata
1230 2541 1290 2602 cir·
1367 2584 1371 2592 -

59 2642 191 2706 eumcisa
214 2651 271 2714 est,
294 2661 361 2703 cum
383 2642 421 2702 sit
442 2640 622 2702 invariabilis
645 2650 673 2702 et
696 2639 897 2712 immutabilis,
920 2639 987 2718 ipso
1006 2639 1124 2718 quidem
1140 2641 1292 2704 Salvatore

58 2744 195 2807 dicente:
223 2743 327 2814 Videte,
351 2745 454 2815 uidete,
478 2747 548 2823 quio
566 2762 618 2823 epo
634 2761 702 2805 rum
723 2754 752 2805 et
774 2761 836 2805 uon
857 2751 969 2812 mutor,
991 2740 1082 2802 Paulo
1098 2751 1196 2804 autem
1212 2745 1289 2806 scri-

59 2845 166 2908 bente:
196 2845 281 2908 lesus
307 2845 447 2908 Christus
471 2844 539 2907 ieri
560 2855 586 2906 et
610 2844 696 2906 bodie
719 2849 782 2924 ipse
804 2853 834 2905 et
857 2848 889 2903 lu
912 2841 1050 2915 soeculo3
1082 2843 1134 2905 sed
1163 2826 1192 2906 iu
1221 2864 1290 2907 cor·

59 2966 136 3028 pore
158 2946 348 3018 circumciso,
379 2955 508 3025 gestato,
539 2947 663 3018 edente,
694 2944 827 3018 bibente,
851 2944 1020 3017 laborante,
1050 2945 1129 3005 cruci
1151 2947 1238 3007 affixo
1261 2956 1292 3008 et

58 3049 191 3132 patiente
220 3058 283 3110 erat
310 3048 493 3129 impassibile
525 3058 554 3109 et
582 3047 791 3125 incorporeum
820 3045 872 3107 Ilei
902 3046 1040 3107 Verbum.
1091 3045 1165 3107 lllud
1193 3047 1292 3125 ipsum

58 3168 170 3230 corpus
193 3150 222 3212 iu
247 3149 383 3229 sepulcro
406 3150 537 3228 positum
561 3157 640 3219 erat,
669 3166 736 3209 cum
758 3147 885 3208 Verbum
914 3146 986 3208 abiit
1015 3146 1096 3220 (licet
1125 3166 1140 3207 a
1163 3167 1292 3229 corpore

57 3252 182 3314 minime
205 3258 440 3331 segregaretur),
474 3259 506 3310 ut
535 3249 718 3329 praedicaret
740 3250 786 3311 bis
809 3253 862 3325 poi
880 3253 913 3310 iu
936 3267 1059 3311 carcere
1082 3260 1173 3312 eraut
1196 3256 1293 3332 spiriss

58 3354 150 3426 tibus,
173 3361 206 3415 ut
228 3353 269 3414 ait
290 3354 407 3416 Petrus.

146 3767 176 3827 6.
222 3762 309 3835 Quod
338 3762 528 3842 potissimum
552 3781 656 3823 eorum
679 3761 832 3822 stultitiam
855 3762 966 3839 arguit,
996 3761 1048 3841 qui
1070 3761 1185 3831 dicunt,
1215 3760 1289 3818 Ver-

28 3934 31 3938 ,
57 3865 130 3927 bum
160 3865 191 3925 in
221 3883 292 3925 essa
322 3873 352 3924 et
374 3883 491 3925 carnem
514 3872 659 3925 mutatum
681 3863 794 3936 luisse3
825 3862 852 3922 si
874 3863 953 3924 enim
975 3862 1033 3924 hoc
1055 3868 1151 3932 esset,
1181 3877 1289 3921 mouu-

57 4011 105 4066 καὶ
123 4015 173 4065 τοῦ
191 4011 298 4067 τίκτειν.
335 4020 361 4067 lu
376 4018 462 4081 Epipb.
481 4026 504 4067 et
516 4018 650 4080 inSegner.
703 4018 759 4065 bont
778 4007 847 4064 ἴδετε
865 4016 946 4065 addito
963 4029 1007 4080 με.

58 4079 104 4134 tut
122 4087 199 4135 deest
237 4087 311 4135 Paulo
329 4094 385 4150 post
403 4086 501 4137 Gobler.
512 4095 536 4135 et
545 4087 650 4135 Felclim.
741 4085 757 4132 l.
776 4084 802 4133 lo
826 4084 897 4133 editis
921 4091 979 4147 post
1002 4073 1123 4146 φαγόντι
1142 4080 1228 4142 legitur
1245 4072 1292 4126 καὶ

61 4156 84 4205 l.
106 4146 134 4201 οἱ
148 4147 261 4219 μαστοί.
705 4143 807 4207 πιόντι,
827 4152 890 4215 qood
910 4153 979 4200 abest
996 4151 1026 4198 ab
1036 4149 1180 4212 Epiphanio,
1190 4148 1290 4207 Seguer.

94 4223 118 4271 d.
137 4223 237 4283 Segner.
256 4215 486 4299 rptcuacdexaeric
498 4214 652 4287 γενόμενος.
706 4219 956 4270 contererentur.
971 4218 991 4266 l.
1012 4227 1035 4266 et
1053 4217 1160 4265 ananau
1174 4215 1292 4265 versione.

58 4290 148 4355 Epiph.
174 4284 301 4349 δααετης
323 4282 477 4355 γενόμενος.
518 4291 543 4339 1η
564 4290 654 4340 Naooii
739 4303 761 4349 g.
778 4280 816 4352 μὴ
836 4279 990 4352 χωρισθεὶς
1007 4277 1099 4331 αἰτοῦ.
1139 4283 1203 4331 llaec
1221 4282 1294 4332 verbe

57 4359 170 4409 versione
191 4359 250 4407 baec
267 4359 376 4418 deerant,
396 4368 420 4408 ut
433 4359 455 4408 in
466 4359 587 4408 veteribus
599 4358 652 4407 edi·
703 4356 791 4404 absunt
809 4370 822 4402 e
840 4359 939 4416 Seguer.
959 4350 1144 4404 colluctetur.
1157 4350 1179 4398 1.
1195 4350 1292 4412 Epipb.‚

58 4427 90 4478 tis
109 4440 211 4475 eernere
229 4434 274 4475 est.
702 4423 744 4472 sed
769 4424 793 4471 in
813 4421 958 4484 quibusdam
976 4435 1034 4469 mss.
1054 4432 1108 4467 cum
1128 4418 1290 4482 reperiantur,

92 4507 115 4544 o.
133 4493 222 4559 Epipb.
242 4503 265 4544 et
282 4493 382 4558 Segner.
401 4494 477 4544 semel
497 4500 589 4544 tantum
605 4492 650 4542 br·
702 4490 900 4540 sustinuimus.
