2934 5078
544 249 691 295 sexsrcns
706 251 743 294 sn
758 222 936 297 cormunis.
1274 237 1336 304 849

107 411 191 466 ctum
224 421 292 466 esse
324 403 455 466 credant
499 401 572 464 Nam
601 403 627 465 si
650 401 820 476 crederent,
849 421 978 466 essene
999 404 1090 467 locuti
1113 423 1173 467 non
1195 406 1420 483 fuissentnvn.

108 524 187 586 quae
210 513 260 568 tua
281 505 377 585 pictas
399 505 542 568 adversus
564 505 650 585 ipsos
673 503 804 585 scripsit

196 611 226 673 2.
272 607 318 669 'lu
340 607 437 687 igitur,
460 607 565 670 dilecte
588 615 617 668 et
639 625 707 669 vere
730 607 925 688 optatissime,
947 627 1011 670 rem
1034 609 1252 672 ecclesiastieae
1275 618 1337 672 tra-

106 710 216 773 ditioni
247 719 277 772 et
299 710 410 772 Christi
439 709 574 788 religioni
602 709 687 771 valde
714 717 941 772 consentaneam
957 711 1116 792 peregisti,
1139 731 1205 775 eum
1227 710 1335 773 buius·

105 814 193 876 modi
225 812 363 874 homines
392 811 547 885 refutasti,
581 802 729 884 invitasti,
757 809 933 892 obiurganti.
978 799 1101 885 Quando
1123 832 1194 876 vero
1216 813 1335 877 diabolo

104 915 247 996 ipsorum
269 922 353 994 patre
375 912 544 992 impellente
565 917 741 975 nescierunt
761 931 855 993 seque
876 914 1105 989 intellexerunt,
1128 915 1173 978 uti
1193 916 1336 996 scriptum

105 1029 166 1093 est,
190 1017 244 1080 sed
265 1020 298 1079 in
322 1017 452 1079 tenebris
475 1014 640 1088 ambolant,
663 1013 777 1077 discant
798 1033 814 1077 a
838 1025 887 1078 tua
908 1016 1017 1096 pietate
1037 1035 1158 1097 pravam
1181 1036 1244 1081 eam
1266 1017 1337 1080 illo-

103 1138 176 1182 rum
205 1118 381 1181 sententiam
406 1115 564 1191 Valentini,
591 1115 749 1179 Marcionis
777 1123 809 1179 et
828 1115 990 1180 Manichaei
1023 1137 1107 1194 esse,
1136 1138 1264 1200 quorum
1285 1118 1336 1182 alii

106 1240 167 1301 pro
197 1218 319 1281 veritate
347 1237 459 1280 meram
488 1216 619 1299 speciem
648 1218 808 1294 induxere,
836 1219 885 1281 alii
906 1219 1055 1283 individua
1078 1219 1242 1284 dividentes
1264 1221 1336 1284 illud

104 1323 282 1403 Scriptnrae
310 1339 471 1401 negavere:
505 1320 632 1383 Verbum
658 1339 731 1384 coro
758 1322 876 1402 [cetum
898 1333 942 1385 cst
964 1333 993 1385 ct
1016 1323 1163 1385 habitavit
1184 1326 1217 1385 io
1237 1324 1336 1386 scobis.

106 1424 211 1498 Quare
232 1424 323 1504 igitur
345 1443 412 1486 cum
433 1422 538 1485 eadem
560 1440 635 1501 quae
657 1422 700 1484 illi
722 1421 866 1503 sentiant,
899 1424 1064 1487 eorundem
1086 1423 1240 1487 nominum
1262 1424 1337 1503 bae·
1419 1482 1422 1494 ,

103 1527 196 1590 redes
218 1544 280 1588 non
302 1522 402 1587 liunt?
446 1508 597 1604 Siquidem
621 1543 748 1604 aequum
769 1533 816 1588 est
835 1525 904 1588 illos
926 1525 1060 1606 ipsorum
1082 1525 1183 1589 vocari
1204 1525 1337 1600 nomine,

105 1647 238 1709 qnorum
259 1645 431 1708 perversam
453 1635 621 1706 sequuntur
642 1626 831 1702 sententiam,
854 1637 887 1691 ut
906 1628 966 1691 iam
976 1629 1118 1709 deinceps
1129 1626 1336 1702 Valentiniani,

103 1730 316 1794 Marcionistae
345 1738 375 1792 et
395 1727 558 1791 Manichaei
586 1729 762 1792 vocitentur.
805 1729 896 1792 Forte
923 1730 1002 1792 enim
1034 1730 1073 1792 ob
1096 1731 1221 1793 illorum·
1236 1728 1337 1791 nomi·

105 1850 181 1895 num
208 1819 360 1894 infamiam
384 1830 596 1894 erubescentes
618 1830 852 1894 animadvertere
872 1839 1031 1912 poterunt,
1060 1831 1091 1893 in
1114 1838 1256 1911 quantum
1277 1830 1337 1893 im·

105 1933 228 2015 pietatis
261 1932 441 2014 protundum
476 1932 647 1995 ceciderint.
691 1933 754 2011 'Par
788 1952 860 1996 sane
888 1933 994 1996 luisset
1021 1932 1096 1995 nibil
1124 1933 1249 2014 amplius
1278 1932 1338 1995 illis

106 2035 303 2116 respondere,
327 2035 369 2097 uti
384 2035 546 2115 Apostolus
569 2033 616 2097 bis
639 2033 741 2096 verbis
755 2043 876 2098 monet:
899 2035 1093 2100 Haereticam
1108 2035 1254 2099 hominem
1265 2044 1339 2115 post

105 2157 203 2200 mom
229 2150 259 2202 et
287 2139 449 2200 secondom
478 2140 700 2217 correptionem
722 2138 839 2210 deuito,
869 2141 967 2201 sciam
1000 2141 1072 2217 quio
1093 2137 1260 2201 subversos
1282 2145 1337 2208 cst,

109 2243 163 2320 qao·
182 2241 330 2301 eabsmocli
350 2251 402 2310 est,
427 2249 455 2301 et
477 2239 632 2320 delinquit,
657 2257 724 2301 com
746 2242 787 2327 sit
809 2256 842 2300 eo
864 2240 930 2318 ipm
953 2239 1186 2308 condemnatus,
1208 2237 1337 2298 maxime

108 2359 176 2404 orm
200 2340 288 2402 etiam
309 2339 460 2420 Propheta
482 2340 519 2403 de
542 2339 649 2402 iisdem
672 2340 764 2402 dicat:
788 2339 910 2404 Stultos
933 2338 1030 2403 stulto
1054 2340 1205 2420 loquetur,
1230 2348 1259 2399 ct
1282 2354 1337 2399 cor

106 2445 173 2507 mres
194 2461 277 2504 occo
298 2444 447 2522 cogitabit.
493 2442 601 2503 Verum
623 2460 713 2521 quum
734 2439 777 2504 illi
798 2440 882 2504 ducis
906 2441 954 2503 sui
976 2439 1111 2520 exemplo
1133 2436 1337 2502 velut'leones

108 2544 291 2607 circumeant
313 2551 487 2624 quaerentes
511 2563 598 2623 quem
622 2563 639 2605 e
661 2538 894 2625 simplicioribus
917 2543 1071 2617 devorent,
1093 2541 1204 2604 idcirco
1227 2557 1336 2602 neces·
1391 2556 1395 2562 ·

106 2646 221 2708 sarium
250 2644 339 2707 nobis
367 2645 437 2719 luit,
471 2653 540 2708 tuae
560 2645 664 2726 pietati
685 2645 869 2720 rescribere,
899 2652 931 2707 ut
954 2646 1062 2706 tratres
1086 2652 1137 2711 tua
1159 2643 1268 2704 iterum
1288 2641 1338 2702 in·

105 2746 214 2813 structi
235 2745 439 2811 admonitione
462 2767 568 2810 eornm
588 2748 756 2811 futilitatem
777 2749 872 2828 magis
894 2748 1049 2828 magisque
1064 2743 1294 2826 deprehendant

197 3159 227 3222 3.
272 3154 373 3236 ltaque
395 3174 458 3217 rem
481 3163 609 3217 creatam
632 3174 693 3217 non
715 3153 892 3230 adoramus;
915 3153 1003 3215 absit
1047 3149 1241 3213 Ethnicorum
1258 3148 1338 3211 enim

107 3267 138 3321 et
159 3257 341 3321 Asianorum
368 3265 415 3319 est
443 3256 615 3319 huiusmodi
645 3275 740 3318 error.
784 3255 852 3331 Sed,
866 3274 967 3317 rerum
991 3260 1157 3315 creatarum
1178 3251 1338 3314 Dominum

104 3378 226 3423 munem
249 3361 367 3432 lactum,
389 3357 442 3421 Dei
458 3358 586 3420 Verbum
610 3358 782 3432 adoramus,
823 3357 861 3420 Et
882 3357 910 3419 si
933 3355 1011 3418 enim
1033 3355 1098 3435 ipsa
1113 3373 1183 3417 earo
1199 3372 1339 3419 seorsum
1374 3433 1383 3447 ἢ

107 3471 242 3545 spectata
264 3480 335 3542 pars
357 3460 397 3523 sit
418 3479 519 3522 rerum
543 3468 718 3536 creatarum,
742 3467 871 3523 attamen
893 3457 947 3520 Ilei
969 3459 1044 3519 sacta
1067 3464 1113 3518 est
1127 3475 1248 3536 corpus.
1274 3456 1336 3518 Ne·

106 3584 164 3645 que
185 3582 260 3625 vero
282 3562 455 3625 huiusmodi
479 3581 587 3643 corpus
610 3582 627 3625 a
648 3561 745 3625 Verbo
768 3561 933 3624 dividentes
957 3560 1127 3632 adoramus,
1149 3577 1247 3638 neque
1269 3575 1336 3620 cum

103 3666 237 3729 Verbum
259 3664 396 3727 volumus
418 3664 554 3739 adorare,
578 3665 674 3745 ipsum
697 3684 714 3727 a
736 3683 825 3726 carne
839 3681 1041 3737 removemus,
1065 3661 1129 3735 sed,
1150 3669 1184 3721 ut
1199 3658 1337 3739 superins

105 3768 248 3840 diximus,
272 3767 360 3827 haec:
385 3765 511 3828 Verbum
536 3784 608 3829 coro
630 3767 749 3846 sactum
770 3776 824 3838 est,
847 3783 908 3826 non
930 3763 1102 3843 ignorantes
1117 3761 1195 3822 idem
1207 3758 1336 3820 Verbum

104 3870 136 3933 in
158 3888 249 3932 carne
272 3867 402 3929 existens
424 3867 519 3929 Deum
542 3869 742 3946 agnoscimus.
787 3866 863 3939 Quis
893 3883 964 3944 ergo
986 3865 1062 3926 adeo
1084 3862 1206 3924 demens
1228 3860 1283 3933 sit,
1305 3863 1422 3925 utram.

140 4022 164 4073 d.
184 4022 284 4084 Segner.
303 4021 366 4069 addit
385 4013 436 4079 riga
452 4015 594 4083 λέγουσαν.
783 4018 808 4068 h.
827 4017 869 4084 sie,
884 4018 984 4080 Segner.
1003 4015 1075 4065 basil.
1095 4024 1117 4064 et
1135 4014 1226 4077 hoglic.
1261 4011 1340 4061 Editio

141 4106 162 4139 e.
181 4078 473 4152 &guentoniensem
491 4098 536 4138 ete.
749 4102 805 4138 vero
825 4087 942 4136 Commel.
962 4084 1032 4136 Gobl.
1052 4072 1254 4138 erueremini
1272 4073 1336 4145 γάρ.

139 4159 158 4208 l.
178 4158 218 4207 Sic
235 4157 335 4219 Segoer.
355 4157 427 4206 basil.
445 4165 469 4205 et
486 4156 576 4219 hoglic.
611 4154 657 4205 hlii
676 4163 701 4206 et
784 4155 799 4204 i.
819 4155 860 4204 Sic
877 4155 977 4214 Segner.
1013 4151 1059 4199 stit
1083 4158 1107 4199 et
1125 4151 1181 4198 editi
1200 4142 1255 4196 ded.

108 4226 164 4276 edit.
184 4226 304 4276 Commel.
324 4218 354 4272 δέ
372 4226 491 4274 omittunt.
785 4223 805 4270 lt.
827 4223 867 4271 Sic
884 4222 982 4282 Segucr.
1003 4219 1074 4266 basil.
1087 4217 1177 4278 anglic.
1197 4215 1336 4267 Goblerisn.

141 4309 163 4355 g.
182 4294 282 4355 Segoer.
302 4288 442 4344 συνέσεως.
479 4293 512 4342 Ex
537 4291 621 4340 eodem
641 4291 700 4341 ibid.
750 4290 830 4341 Ceteri
849 4298 872 4338 et
890 4291 946 4337 edit.
966 4288 1058 4337 comm.
1079 4277 1225 4348 bettynv.
1264 4283 1338 4332 Pecto

106 4376 188 4412 vocem
208 4359 268 4422 σῆς,
288 4376 391 4425 quaem
411 4361 466 4409 sliis
484 4369 508 4410 et
526 4361 596 4409 editis
620 4360 699 4419 deest,
749 4367 806 4423 post
824 4371 905 4407 vocem
925 4345 1061 4420 ἀφρόνων
1078 4350 1339 4429 Segoer.ssasil.hngl5

108 4431 267 4480 restituimus.
304 4418 697 4491 ttoxSeguer.avttastt.iavns-
751 4427 853 4481 babent,
879 4425 919 4474 alii
944 4433 966 4473 et
984 4424 1041 4472 editi
1059 4422 1179 4470 omittunt.
1215 4412 1340 4468 thiddcc

107 4496 165 4550 hest
181 4512 228 4564 pro
246 4488 300 4546 tat.
750 4487 783 4543 sd
804 4491 886 4559 σῶμα
902 4493 1003 4556 Segnis.
1021 4490 1119 4543 Gobler.
1137 4488 1243 4540 l'elebm.
1256 4486 1278 4538 l.
1295 4485 1340 4538 sd-

142 4585 273 4630 trnssssn
284 4594 337 4630 oss.
350 4594 425 4629 noos.
435 4594 486 4628 ιιι.
1102 4572 1136 4625 Μ
