2948 5092
483 252 593 299 omaro
609 256 629 298 ι.
647 255 764 299 conant
777 255 912 300 munos.
1246 247 1307 312 tes

80 405 150 468 bum
172 364 239 468 siri
256 403 416 467 Rationem
442 413 566 483 negem,
593 405 663 467 hinc
689 406 762 467 nihil
790 406 877 469 etiam
906 408 1032 471 rationis
1061 419 1108 473 est
1135 412 1166 473 in
1188 411 1395 479 illorumrme.

80 507 264 588 quaestione.
307 506 347 569 Ut
369 507 448 568 enim
471 507 497 567 si
519 507 586 587 quis
609 507 703 569 solem
725 508 874 587 aspiciens
897 510 934 571 de
956 511 1115 590 splendore
1133 513 1198 576 eius
1213 534 1307 595 quac·

79 617 161 670 reret
181 627 217 670 ac
236 610 363 670 diceret:
394 612 459 683 „dn
488 609 538 688 qui
561 617 623 683 est,
658 610 847 689 splendorem
869 630 936 673 cum
958 631 1018 675 non
1041 624 1123 676 essct
1145 615 1230 691 lecit,
1258 626 1310 681 aut

80 710 159 789 „qui
182 710 242 771 iam
264 709 399 772 essem
425 710 599 790 utinquam
621 712 647 772 is
668 729 729 772 non
752 712 871 791 sapiens
894 713 948 774 sed
971 714 1099 776 stolidus
1121 717 1309 781 existimare·

81 823 141 885 tur,
170 813 239 892 quia
263 812 471 893 splendorem,
501 813 550 891 qui
573 820 620 874 est
641 831 677 873 cx
699 811 780 886 luce,
809 821 981 876 extraneum
1004 816 1198 897 illcfingeret
1220 820 1309 884 etde

79 916 130 978 illo
152 923 321 995 quaereret,
344 913 471 993 quando,
495 914 555 987 ubi,
578 932 644 975 cum
667 923 696 976 et
718 914 811 975 lactus
835 933 872 976 ne
895 926 992 990 esset3
1022 919 1066 980 sic
1087 938 1159 982 sane
1180 921 1230 999 qui
1253 922 1310 985 ista
1424 934 1428 939 '

80 1018 117 1078 de
138 1017 218 1078 Filio
242 1025 272 1077 et
292 1017 380 1078 Patre
402 1015 511 1094 cogitat
532 1015 640 1094 quique
663 1015 703 1076 ita
725 1015 908 1095 interrogat,
932 1017 1025 1080 multo
1047 1018 1214 1083 dementior
1236 1042 1309 1085 cen·

80 1119 193 1181 sendus
218 1125 275 1192 est,
298 1117 407 1197 quippe
429 1116 479 1195 qui
502 1116 640 1189 Verbum,
663 1117 743 1195 quod
766 1136 802 1179 ex
817 1118 904 1179 Patre
927 1128 984 1192 est,
1008 1130 1162 1184 externum
1185 1124 1244 1204 ipsi
1259 1126 1308 1187 in·

79 1222 176 1294 ducat,
200 1220 300 1298 idque,
323 1219 402 1298 quod
424 1227 529 1279 natura
552 1228 598 1280 est
618 1218 759 1297 genitum,
786 1227 921 1299 tanquam
946 1223 1016 1301 quid
1038 1225 1145 1286 lactum
1168 1226 1309 1290 exhibens

79 1322 172 1383 dicat:
202 1321 268 1382 Non
298 1320 353 1381 luit
381 1329 538 1399 antequam
566 1330 750 1382 nasceretur.
795 1323 902 1383 Verum
933 1324 963 1384 id
992 1325 1079 1386 etiarn
1108 1327 1248 1405 responsi
1271 1328 1309 1390 ad

79 1443 123 1497 ea,
146 1442 224 1503 quae
245 1422 517 1500 interrogaverunt,
540 1421 699 1501 accipiant:
721 1422 825 1497 Pater,
848 1423 897 1502 qui
919 1433 982 1497 est,
1004 1424 1127 1499 Filium,
1160 1427 1210 1505 qni
1233 1436 1307 1502 crat,

80 1527 159 1586 lecit.
205 1524 279 1585 Nam
306 1523 431 1586 Verbum
460 1542 532 1586 caro
554 1525 673 1602 sactum
695 1533 753 1596 eet,
788 1532 818 1585 et
845 1543 910 1585 cum
937 1526 1002 1604 ipse
1030 1536 1110 1588 esset
1130 1528 1221 1590 Filius
1243 1529 1308 1602 llei,

80 1645 147 1687 eum
169 1626 201 1686 in
224 1626 282 1685 line
305 1624 490 1686 saeculorum
513 1624 583 1685 lecit
603 1624 695 1685 lilium
717 1624 865 1698 bominis3
897 1626 954 1687 nisi
977 1627 1054 1688 sorte
1077 1647 1142 1689 cum
1166 1629 1309 1692 Samosa-

81 1728 156 1789 tensi
177 1726 389 1807 respondeant,
411 1727 493 1787 illum
515 1744 576 1787 non
599 1725 682 1805 prius
704 1726 797 1787 luisse
819 1746 906 1805 quam
929 1728 1019 1788 homo
1042 1729 1135 1791 heret.
1179 1730 1216 1792 lit
1236 1732 1311 1795 haec

81 1830 198 1908 quidem
222 1829 295 1890 satis
319 1829 379 1889 sint
401 1829 437 1889 ad
459 1828 584 1907 primam
607 1828 724 1889 illorum
746 1829 1022 1907 interrogationem.
1183 1897 1187 1908 ,

164 1933 217 1994 26.
263 1931 323 1990 Vos
346 1939 454 2003 autem,
479 1950 497 1990 o
520 1910 631 2003 Ariani,
653 1930 790 2008 proprias
813 1939 927 1992 vestras
950 1932 1069 2012 poculas
1092 1933 1234 1995 memoria
1256 1953 1307 1996 re·

81 2040 233 2111 petentes,
263 2029 351 2091 nobis
375 2029 431 2091 iam
455 2029 708 2109 interrogantibus
731 2029 927 2110 respondete!
973 2032 1030 2104 Qui
1054 2041 1119 2108 cst,
1142 2052 1235 2106 eone,
1258 2035 1308 2113 qui

82 2151 141 2194 non
163 2141 238 2206 erat,
261 2132 420 2210 indigebat,
444 2142 475 2194 ut
496 2151 546 2193 res
570 2151 675 2194 omnes
698 2141 879 2211 procrearet,
903 2153 940 2194 an
963 2134 1083 2207 codem,
1102 2154 1168 2196 cum
1184 2136 1240 2197 iam
1257 2155 1307 2198 cs·
1415 2181 1417 2187 ·

82 2244 135 2306 set,
158 2252 236 2312 opus
258 2232 384 2295 habuit?
428 2233 546 2295 Dixistls
570 2235 650 2295 enirn
665 2235 783 2295 Patrem
806 2254 840 2294 ex
862 2234 954 2295 nihilo
976 2235 1082 2297 Filium
1098 2236 1155 2298 sibi
1171 2247 1309 2316 tanquam

43 2418 47 2425 ·
83 2338 311 2397 instrumentum
334 2353 541 2415 comparasse,
571 2342 605 2396 ut
631 2355 685 2415 pcr
714 2354 781 2396 eum
811 2336 910 2397 omnia
938 2337 1076 2399 efficeret.
1122 2338 1197 2411 Quis
1220 2339 1310 2418 igitur

82 2437 280 2517 praestantior
302 2434 370 2497 est?
413 2437 482 2498 isne
503 2438 554 2516 qui
576 2437 705 2516 indiget,
739 2455 777 2497 an
805 2437 855 2515 qui
884 2417 1222 2517 indigentiamexpletl
1264 2441 1309 2503 dn

83 2540 165 2600 ambo
188 2557 265 2617 quac
288 2537 345 2597 sibi
368 2539 477 2600 desunt
497 2548 600 2599 mutuo
624 2537 875 2601 subministrant?
919 2539 992 2601 Nam
1021 2558 1086 2601 cum
1115 2540 1172 2600 ista
1202 2540 1309 2615 dicitis,

84 2641 160 2713 eius,
184 2640 234 2718 qui
258 2640 487 2700 instrumentum
511 2639 568 2698 sibi
592 2639 740 2711 adhibuit,
765 2638 993 2700 imbecillitatem
1017 2640 1181 2701 evidentius
1205 2649 1309 2702 osten·

84 2742 159 2811 ditis,
183 2740 209 2801 si
232 2758 340 2818 nempe
363 2740 445 2801 solus
469 2740 567 2801 omnia
590 2759 651 2800 iton
674 2741 805 2819 potuerit
828 2740 956 2813 efficere,
980 2741 1031 2801 sed
1047 2741 1230 2801 extrinsecus
1254 2760 1309 2820 pa-

85 2844 188 2904 raverit
210 2841 268 2902 sibi
291 2843 536 2913 instrumentum,
567 2841 654 2903 veluti
683 2842 765 2903 saber
787 2842 906 2921 quidam
929 2841 1117 2903 autharium
1140 2842 1308 2917 fabricator,

85 2945 129 3023 qui
152 2944 226 3006 nibil
248 2944 315 3004 sine
337 2944 433 3004 securi
456 2953 487 3004 et
508 2962 590 3004 serra
613 2955 726 3021 queunt
747 2945 873 3004 efficere.
909 2944 990 3015 Quae
1006 2944 1100 3004 maior
1122 2943 1219 3022 possit
1241 2961 1310 3005 esse

86 3043 243 3124 impietas?
287 3046 337 3107 Vel
360 3045 429 3124 quid
452 3046 501 3106 hic
522 3045 633 3107 diutins
655 3044 835 3117 insistimus,
858 3045 943 3124 quasi
958 3046 1031 3106 baec
1046 3055 1148 3106 essent
1169 3044 1307 3120 diflicilia,

86 3165 145 3217 mm
170 3166 207 3207 ex
230 3146 287 3219 his,
309 3164 384 3224 quac
408 3165 497 3224 supra
520 3146 658 3220 diximus,
681 3145 877 3207 clarissimum
902 3146 949 3220 sit,
972 3164 1053 3207 mera
1068 3145 1186 3207 illorum
1202 3145 1309 3208 urentis

87 3257 246 3309 commenta
276 3266 343 3309 esse
369 3252 562 3327 quaecunque
590 3246 768 3326 proferunt?
812 3248 856 3308 hcl
884 3248 1004 3308 alteram
1038 3257 1136 3309 autem
1165 3247 1310 3309 insulsam

87 3350 240 3410 admodum
262 3348 439 3428 stultamque
462 3367 567 3410 eorum
589 3348 806 3427 quaestionem,
830 3368 917 3428 quam
932 3357 1103 3428 proponunt
1116 3348 1310 3421 mulierculis,

87 3452 154 3512 nihil
183 3469 302 3530 quoque
334 3451 412 3511 aliud
435 3450 619 3530 respondere
642 3457 810 3529 oporteret,
846 3468 933 3528 quam
962 3469 1036 3529 quae
1066 3469 1155 3529 supra
1184 3468 1200 3510 a
1223 3447 1309 3509 nobis

87 3551 137 3613 iam
160 3561 232 3613 suut
252 3551 340 3624 dicta,
363 3570 470 3632 nempe
492 3571 553 3612 non
576 3551 684 3612 debere
706 3569 762 3612 nos
786 3550 918 3622 modum,
942 3570 1000 3630 quo
1023 3550 1102 3611 Deus
1125 3549 1228 3629 gignit,
1252 3548 1310 3609 bo·

87 3653 192 3714 mictum
215 3661 320 3713 natura
341 3653 450 3713 metiri.
495 3653 533 3714 Ut
556 3662 652 3713 tanren
675 3652 763 3712 etiam
785 3651 834 3712 hic
855 3670 888 3711 se
911 3651 993 3729 ipsos
1009 3659 1151 3729 cogantur
1166 3648 1308 3710 condem·

88 3771 166 3827 nare,
196 3753 275 3814 haud
297 3753 333 3813 ab
357 3773 389 3814 re
413 3755 485 3827 erit,
514 3774 549 3815 cx
571 3755 634 3827 his,
663 3772 738 3833 quae
760 3752 819 3831 ipsi
840 3760 1028 3831 proponunt,
1062 3751 1120 3812 illis
1142 3749 1200 3809 hoc
1221 3747 1310 3807 rrrodu

116 3956 136 3987 e.
155 3941 256 4001 Segoer.
275 3938 373 3988 Gohler.
398 3946 422 3987 et
441 3938 546 3986 l'elclm.
565 3938 586 3985 l.
610 3929 672 3984 otte
754 3938 778 3987 h.
798 3938 898 3999 chrrer.
917 3938 1013 3988 Gohler.
1033 3945 1056 3986 et
1074 3935 1178 3985 Fetclm.
1191 3934 1213 3982 l.
1231 3944 1313 3980 κατα·

87 3997 239 4072 &deducu
268 4006 329 4055 Editi
346 3996 669 4069 υἱὸναῦτόνᾶνθρώπου.
722 3997 906 4061 excedimus.

114 4076 132 4124 l.
149 4076 248 4136 Sequor.
269 4067 411 4138 ῥηματίων
428 4066 541 4120 τούτων.
572 4074 670 4122 Gohler.
756 4107 771 4155 i·
790 4106 888 4167 Sem
908 4095 1193 4182 elnepgqyqumv
1214 4097 1312 4149 Gom
1352 4148 1356 4156 .

85 4151 106 4190 ‘¹
121 4143 227 4226 mim·
239 4141 261 4190 ¹¹
280 4133 412 4206 lll‘m'
429 4133 542 4188 ’ΜΝ
722 4181 745 4223 n
757 4173 861 4222 reatem.
875 4173 897 4221 r.
916 4165 1077 4237 tpyaacaes,
1099 4168 1220 4218 mercen.
1249 4165 1313 4214 carce

114 4225 136 4272 ι.
154 4219 195 4260 hcc
218 4210 334 4269 Sequor..
359 4208 456 4258 Gohler.
481 4208 584 4256 Felcltm.
601 4207 622 4255 l.
647 4213 671 4255 el
721 4233 893 4308 evomam

84 4277 137 4340 lleq.
172 4277 235 4327 editt
253 4278 281 4323 rt
297 4276 371 4327 τίνος
387 4261 436 4322 οὖν
453 4267 566 4323 ἰστιειε.
595 4274 670 4322 Paulo
802 4326 813 4340 ,
947 4321 958 4336 ,

83 4355 137 4408 post
154 4346 256 4407 Segaer.
275 4343 374 4409 χρείαν
390 4333 573 4407 ἀποπληροῦν,
610 4341 669 4390 lbid.
755 4325 778 4374 k·
797 4331 896 4387 &illef-
915 4317 981 4372 ὢν·

83 4412 142 4462 idern
161 4414 262 4474 Sequer.
275 4411 373 4461 Gohler.
391 4419 414 4460 et
425 4411 528 4460 Felclm.
542 4410 563 4457 l.
578 4398 671 4473 ἂμφό-
757 4409 772 4458 l.
791 4408 832 4459 Sic
848 4409 948 4470 Sequer.
968 4406 1024 4462 Rea.
1043 4401 1115 4452 iterii.
1134 4407 1158 4449 et
1176 4394 1312 4450 deletam&

82 4492 152 4546 sequ.
188 4481 253 4530 Editi
272 4493 328 4528 rere
347 4478 428 4528 etalii
446 4468 610 4544 ἀμφότεροι.
723 4476 751 4527 ln
768 4476 839 4526 editis
856 4475 925 4525 deest
942 4461 1042 4521 αὐτῶν.
