2948 5092
100 203 165 267 616
502 213 529 257 ε.
544 186 698 257 simun
713 211 938 257 ιαεεπειιαοοι

15 367 216 444 τυννοῦτον,
246 371 334 429 νοεῖν
363 361 415 428 δεῖ
441 360 486 447 μὴ
515 355 603 445 αὐτῷ
626 355 671 438 ῶς
690 334 849 446 χρῄζοντι
862 359 1060 440 ’,δίδοσθαι
1094 352 1184 427 ἀλλὰ
1204 363 1253 448 τῶ
1274 357 1332 430 ἀν-

86 464 232 586 θρώπῳ
260 462 318 531 διὰ
343 465 403 529 τοῦ
426 460 533 547 λόγου.
571 459 709 547 καὶγὰρ
731 463 801 538 πᾶς
821 459 1015 553 πρεσβεύων
1036 455 1123 582 ὑπὲρ
1146 458 1312 528 ἀλλου’
1274 489 1331 530 αυ-

98 566 157 645 τὸς
192 564 251 651 τὴν
280 564 376 665 χάριν
410 562 585 648 λαμβάνει,
624 556 662 628 66
695 560 837 648 χρήζων,
872 556 957 629 ἀλλὰ
989 561 1048 630 διὰ
1079 560 1140 630 τόν
1173 558 1261 651 ὑπὲρ
1293 555 1330 632 οὗ

98 665 286 756 πρεσβεύει.

186 775 214 834 7.
252 763 376 851 Ὥςπερ
390 766 458 852 «γάρ
481 763 562 843 Ι’τάς
584 759 764 846 ἀσθενείας
784 759 879 851 ἡμῶν
894 756 1165 851 λαμβάνετ’)ωάκ
1176 758 1330 833 ἀσθενῶν

100 872 155 937 καί
176 871 278 955 πεινᾷ
299 862 338 933 οό
360 870 495 947 πεινῶν,
519 862 605 932 ἀλλά
625 863 668 931 τὰ
689 859 783 953 ἡμῶν
800 861 995 947 ἀναπέμπει
1008 860 1113 943 ώςτδ
1126 863 1330 955 ἕξαλειφθῳ

100 996 169 1053 ναι,
204 966 311 1047 οδτως
336 967 397 1047 τὰς
425 962 497 1034 ἀντὶ
526 969 593 1033 τῶν
615 960 819 1034 ’ἀσθενειῶν
847 964 942 1051 παρὰ
967 966 1055 1033 θεοῦ
1076 964 1208 1051 δωρεάς
1229 966 1330 1035 πάλιν

42 1069 44 1074 ’
100 1067 201 1150 αότδς
239 1072 382 1153 δέχεται,
426 1067 483 1135 ἵνα
516 1068 724 1157 συναφθεὶς·
737 1063 922 1153 ἀνθρωπος
954 1066 1156 1151 μεταλαβεῖν
1192 1068 1328 1156 δυνηθῇ.

100 1173 189 1259 λέγει
208 1174 287 1258 γοῦν
310 1166 329 1236 6
351 1169 477 1256 κόριος·
501 1167 614 1237 πάντα
635 1164 701 1236 ὅσα
723 1166 869 1246 δέδωκάς
889 1190 951 1253 μοι
972 1167 1101 1235 δέδωκα
1122 1161 1257 1250 αὐτοῖς,
1279 1172 1330 1236 καί

99 1273 220 1341 πάλιν·
252 1266 338 1358 ῦπίρ
370 1265 478 1337 αὐτῶν
507 1268 660 1355 6616).
707 1265 821 1356 ἠρώτα
841 1267 903 1355 γὰρ
926 1263 1011 1355 δπὲρ
1032 1262 1143 1354 ἡμῶν,
1175 1267 1220 1337 τὰ
1240 1265 1329 1356 ἡμῶν

54 1361 57 1368 ’
100 1367 353 1457 ἀναδεχόμενος,
382 1369 482 1437 καλέ
484 1369 621 1437 δίδου
601 1397 623 1437 α
646 1369 838 1489 ἐλάμβανεν.
876 1359 1055 1491 ἀτδτειδὴς
1016 1392 1075 1434 συν
1097 1376 1331 1457 συναφθέντος

98 1477 159 1541 τοῦ
193 1472 291 1593 λόγου
325 1473 372 1557 τῷ
400 1465 574 1558 ἀνθρώπῳ
608 1470 655 1550 είς
681 1469 740 1537 τόν
767 1469 877 1592 λόγον,
890 1462 1112 1638 ἀποβλέπωνέ
1123 1469 1238 1557 δχαρίζ
1236 1467 1329 1539 ετοδ

60 1585 64 1590 ’
99 1573 219 1661 πατηρ*
232 1598 279 1660 τῳ
302 1568 510 1659 ἀνθρώπῳ
496 1569 536 1637 τὸ
559 1566 759 1692 ὑψωθῆναι,
788 1571 829 1638 τό
850 1570 937 1656 δχίτν
957 1572 1133 1650 πᾶσανξ
1096 1569 1254 1650 ἐξουσίαν
1276 1574 1326 1640 και

101 1671 167 1744 σσα
186 1676 335 1753 τοιαῦτα,
360 1671 417 1740 διὰ
437 1654 536 1743 τοῦτο
559 1667 648 1759 αὐτῷ
672 1698 719 1759 τῳ
703 1670 828 1760 λόγῳ
849 1672 963 1751 πάντα
977 1667 1192 1759 ἀναφέρεται,
1215 1669 1313 1740 ταδ’
1287 1698 1330 1754 ως

100 1770 191 1862 αῦτῶ
219 1772 380 1860 διδόμενά
407 1771 546 1840 δστιν“
527 1799 549 1840 α
577 1769 619 1841 δι’
644 1768 746 1840 αὐτοῦ
767 1769 864 1860 ἡμεῖς
884 1771 1112 1859 λαμβάνομεν
1136 1769 1184 1853 ώς
1204 1773 1267 1860 γὰρ
1290 1771 1328 1842 δι

98 1872 185 1963 ἡμᾶς
206 1872 465 1964 ένηνθρώπησεν
488 1868 598 1954 αῦτός,
622 1871 728 1954 οὕτως
748 1870 844 1964 ἡμεῖς
866 1869 907 1942 δι’
931 1870 1033 1942 αὐτὸν
1046 1870 1244 1961 ῦψαόμεθα.
1278 1871 1332 1942 οδ-

42 2052 46 2061 ,
99 1967 216 2044 δέν
178 2002 236 2045 ουν
257 1975 402 2056 ἀτόπου,
434 1971 513 2041 εί”
485 1999 595 2062 ωςπερ
618 1970 703 2042 διΗ
684 1979 771 2064 ημᾶς
792 1975 1035 2043 ἆἐταπείνωσεν
1057 1974 1195 2057 ἑαυτόν,
1226 1973 1330 2056 οὕτως

25 2100 38 2135 -·
89 2080 153 2144 ’καὶ
182 2073 273 2144 διΗ
253 2080 340 2165 ημᾶς
362 2079 492 2162 λέγεται
515 2071 777 2162 δπεροψῶσθαι.
823 2075 914 2163 έχαρί
915 2099 997 2155 σατσ
1017 2065 1084 2144 οῦν
1114 2062 1279 2164 66166’
1260 2077 1332 2146 αντὶ

98 2180 160 2244 τοῦ
192 2173 271 2263 ἡμῖν
305 2172 354 2243 δι’
379 2172 494 2258 αὐτόν,
524 2176 581 2244 καὶ
607 2172 830 2299 δπῦρόιγωσεν
853 2171 926 2245 ἀντὶ
948 2180 1007 2244 τοῦ
1040 2174 1129 2263 ἡμᾶς
1162 2177 1206 2246 έν.
1230 2172 1329 2265 αῦτῷ.

99 2271 216 2344 κάλ’
177 2276 277 2356 αυτὸς
298 2273 374 2345 δὲε
358 2302 376 2343 ο
398 2273 536 2364 λόγος’
516 2281 609 2364 ημῶν
631 2273 830 2363 ῦψοομένων
852 2281 907 2346 καὶ
929 2278 1167 2366 λαμβανόντων
1182 2305 1240 2348 και
1230 2278 1331 2368 βορ-

98 2383 276 2463 θοομένων
309 2375 355 2457 ῶς
387 2372 488 2458 αὐτὸς
519 2375 709 2465 δψσόμενος
734 2382 790 2447 καὶ
818 2377 996 2466 λαμβάνων
1022 2379 1079 2446 καὶ
1099 2379 1331 2468 βοηθοόμενσς

13 2473 288 2566 Ρ.ιτο.εῦχαριστεῖ
310 2483 358 2566 τῷ
380 2486 494 2565 πατρί,
518 2479 560 2547 τὰ
581 2476 723 2565 ἡμέτερα
745 2480 793 2560 εἷς
815 2480 933 2576 ἑαυτὸν
948 2474 1125 2569 ἀναφέρων
1140 2481 1198 2550 καὶ
1212 2483 1331 2569 λέγων·

98 2578 211 2648 πάντα
233 2578 298 2649 ὅσα
320 2581 465 2660 δέδωκάς
485 2605 546 2665 μοι
567 2582 694 2648 δέδωκα
715 2576 869 2660 6610196.

184 2687 213 2750 8.
264 2683 306 2749 Οἱ
334 2686 412 2770 περὶ
435 2678 596 2769 Εῦσέβισν
624 2682 677 2748 ὀἱ
695 2676 946 2770 Ἀρειομανίται
969 2677 1069 2768 ἀρχὴν
1090 2686 1151 2750 τοῦ
1176 2679 1330 2772 εἶναιτῷ

98 2782 160 2869 υἱῷ
183 2783 332 2863 διδόντες
353 2787 618 2872 προςπσιοῦνται
638 2784 684 2869 μὴ
706 2783 894 2870 βούλεσθαι
915 2779 1015 2870 ἀρχὴν
1038 2778 1139 2852 αὐτὸν
1168 2786 1256 2868 ἔχειν
1270 2793 1330 2873 βα·

99 2883 235 2963 σιλείας.
274 2885 347 2951 έστι
375 2886 411 2952 δὲ
438 2886 601 2971 γελοῖον..
623 2880 642 2950 6
664 2883 726 2971 γάρ
749 2879 849 2973 ἀρχὴν
871 2888 929 2950 τοῦ
953 2880 1040 2952 εἶναι
1061 2885 1177 2964 διδοὺς
1198 2890 1246 2973 τῷ
1270 2887 1328 2974 υἱῷ

73 2982 268 3075 ,πρόδηλον
292 2982 346 3053 ότι
366 2984 423 3054 καὶ
443 2989 503 3053 τοῦ
523 2985 713 3073 βασιλεύειν
735 2981 835 3073 ἀρχὴν
859 2986 997 3053 δίδωσιν
1019 2980 1119 3073 αὐτῷ,
1145 2984 1229 3066 ῶςτε
1251 2983 1330 3062 δμο-

98 3082 271 3171 λογοῦντες
294 3085 312 3152 6
334 3081 521 3214 ἀρνοῦνται
532 3086 774 3175 τυφλώττουσι.
811 3087 867 3154 καὶ
888 3087 993 3154 πάλιν
1015 3088 1048 3153 ολ
1063 3088 1215 3174 λέγοντες
1229 3089 1329 3173 μόνον

98 3181 206 3270 όνομα
227 3182 314 3254 εἶναι
334 3189 418 3269 υιοῦ,
443 3184 598 3255 ἀνοόσιον
621 3189 657 3255 δὲ
678 3187 735 3255 καὶ
755 3182 988 3256 ἀνυπόστατον
1005 3183 1091 3256 εἶναι
1104 3187 1164 3255 τόν
1180 3190 1255 3256 υἱὸν
1270 3194 1325 3257 τοῦ

96 3288 191 3365 θεοῦ,
215 3293 368 3355 τουτέστι
388 3288 446 3357 τὸν
468 3288 565 3375 λόγον
587 3291 645 3355 τοῦ
668 3288 805 3376 πατρός,
829 3293 1112 3376 Ῑπρσςποιοῦνται
1134 3285 1328 3375 ἀγανακτεῖν

96 3385 181 3452 κατὰ
208 3390 275 3453 τῶν
302 3380 531 3474 λεγόντων·
511 3416 550 3476 ην
573 3413 658 3457 ποτε
681 3387 737 3458 ὅτε
758 3385 816 3457 οῦκ
839 3392 887 3475 ἦν
926 3389 998 3457 ἔστι
1021 3391 1056 3457 δέ
1077 3389 1135 3457 καὶ
1155 3396 1257 3459 τοῦτο
1277 3416 1327 3477 γε·

4 3487 9 3491 ’
96 3485 200 3553 λοίσν.
236 3488 326 3554 οἱ
290 3512 352 3576 γαρ
376 3485 521 3575 Qvi>
544 3485 690 3559 εἶναι’
651 3494 741 3578 αυτῷ
762 3490 807 3579 μὴ
831 3486 1020 3571 διδόντες’
1002 3495 1228 3578 αγανακτοῦσι
1245 3491 1325 3560 κατὰ

96 3588 163 3652 τῶν
185 3582 245 3674 κᾷν
265 3587 373 3677 χρόνῳ
396 3589 565 3659 διδόντων.
603 3595 658 3659 καὶ
681 3580 775 3660 οὗτοι
796 3581 853 3659 οῦν
877 3589 962 3680 ὅπερ
985 3587 1164 3678 ἀρνοῦνται
1188 3594 1246 3660 διὰ
1269 3595 1324 3661 τοῦ

98 3685 256 3776 ἐπιτιμᾷν
289 3701 362 3771 τοῖς
398 3690 514 3772 ἀλλοις
543 3689 753 3781 ὁμολογοῦσι.
801 3693 906 3761 πάλιν
933 3719 970 3761 τε
996 3695 1031 3760 οί
1056 3693 1139 3780 περὶ
1166 3690 1324 3781 Εῦσέβιαν

9 3852 16 3865 ,
98 3786 171 3856 υἱόν
200 3786 438 3878 ὁμολογοῦντες
468 3789 646 3882 ἀρνοῦνται
672 3788 773 3862 αῦτδν
802 3790 889 3863 εἶναι
911 3795 1012 3884 φύσει
1032 3793 1148 3881 λόγον,
1182 3799 1238 3863 καὶ
1259 3789 1322 3863 κατ’
1377 3884 1380 3890 .

97 3886 250 3959 ἐπίνοιαν
278 3892 375 3980 λόγον
403 3895 643 3991 λέγεσθαιτὸν
667 3895 738 3964 υίὸν
758 3896 953 3982 βούλονται,
985 3896 1018 3963 οί
1040 3896 1079 3963 δὲ
1101 3896 1211 3984 ἕτεροι
1231 3896 1323 3983 λόγον

167 4143 192 4203 1)
211 4145 291 4196 nauh.
311 4146 335 4209 8,
357 4149 395 4197 17.
467 4149 493 4209 2)
510 4149 577 4200 loan.
598 4150 638 4212 17,
657 4150 733 4203 “ί-9.
786 4152 811 4212 3)
830 4152 934 4217 Philipp.
953 4151 978 4213 2,
996 4151 1020 4203 9.
1073 4152 1099 4215 4)
1119 4142 1188 4209 lmn.
1208 4155 1248 4215 17,
1265 4154 1288 4205 ⁷.
1301 4151 1325 4202 8.

129 4292 150 4328 a.
168 4277 209 4328 Sic
227 4279 284 4358 Ιῖες.
303 4282 403 4343 Seguor
431 4290 455 4333 εί
472 4284 545 4335 editio
565 4285 682 4336 Comme!
770 4302 792 4338 e„
810 4286 851 4338 Sic
868 4287 926 4350 θος.
944 4294 968 4337 εί
985 4287 1084 4349 Seguer
1109 4288 1150 4339 λι
1171 4290 1213 4340 ulii
1230 4297 1254 4339 οῖ
1270 4287 1323 4338 editi

93 4343 123 4391 At
140 4343 180 4394 alii
198 4340 339 4398 δεδόσθαι
738 4346 873 4403 ἀσθενῶν.

81 4411 153 4461 b.
169 4414 260 4475 ΑυςΙίε
278 4410 330 4475 τὴν
348 4408 501 4471 ἀσθένειαν.
770 4422 794 4473 δ.
813 4422 841 4474 ln
858 4423 949 4511 Regio·
953 4432 977 4473 ει
988 4395 1138 4485 smum
1151 4423 1243 4476 desunt
1258 4421 1325 4475 τιτλε
1381 4488 1385 4495 Ι
