2948 5092
463 276 607 320 εειετοιι
622 276 654 319 ιι.
669 278 706 320 au
723 277 918 329 samsones·
1231 271 1293 334 ibt

59 431 135 513 quio
155 431 261 493 natust
283 445 343 489 non
367 435 436 488 sum
458 426 516 500 dii,
548 428 581 489 tlt
608 426 765 508 aliquando
794 437 826 491 ut
849 430 967 510 qondam
989 440 1141 495 mutentur
1162 434 1293 516 haecque
1302 450 1377 495 noas.

62 532 200 596 audiant:
223 530 285 611 Eoo
309 531 389 591 da‘ui:
414 530 457 590 dii
477 534 549 590 estis
572 541 601 592 et
622 529 685 611 fitia·
703 531 826 593 Eccelsi
846 550 957 594 omnm.
1006 533 1060 597 Vos
1092 546 1194 600 auten
1215 542 1295 604 sicut

60 635 198 698 domines
220 636 383 695 uaortmina'.
428 629 509 692 Talis
531 631 579 691 ille
602 639 682 706 erat,
703 633 750 694 cui
771 632 881 696 dictum
904 642 966 697 est:
992 634 1033 697 Tu
1055 655 1128 700 uero
1153 626 1239 705 bomo
1262 659 1293 701 es

59 746 93 798 ει
116 753 179 798 nen
201 733 295 796 licus.
338 733 376 794 At
397 733 488 795 Filius
512 733 590 794 [leus
614 751 700 797 verus
723 744 769 796 est
791 752 851 796 uon
874 755 961 798 semus
983 736 1129 801 aePaton.
1173 739 1293 820 inipso

60 836 213 917 siqaddcm
242 845 290 899 εει
317 844 347 897 ει
367 835 454 897 Pater
483 835 512 896 in
533 835 625 908 Filio,
655 837 902 917 quemadmodum
925 837 1051 901 loannes
1082 840 1218 920 scripsit,
1249 841 1294 907 uti

14 1002 19 1007 ,
62 947 225 1001 ostensum
248 946 303 1000 est.
348 938 438 1000 David
461 944 557 998 autem
580 935 693 1018 psallit:
717 937 807 1001 Sedes
831 950 892 1010 tuo,
916 939 1006 1012 deus,
1028 943 1061 1001 in
1084 941 1205 1004 soeculo
1223 961 1294 1007 suc-

61 1040 139 1104 cub‘.
186 1039 275 1121 Virgo
303 1044 463 1120 aequitatis
493 1044 580 1119 circa
603 1044 692 1120 raoni
711 1044 765 1100 tui.
810 1039 847 1101 Et
867 1040 1014 1120 Propheta
1043 1040 1146 1104 Esaias
1171 1041 1293 1108 clamat:

62 1143 232 1206 loboravit
254 1145 402 1222 deceptus
425 1154 453 1206 et
475 1143 637 1222 necotc'otio
658 1141 841 1220 Aethiopiae,
865 1153 894 1203 et
913 1141 1034 1205 Soboim
1055 1147 1119 1206 εἰει·
1131 1145 1244 1207 eccelsa'
1254 1146 1296 1210 od

60 1256 92 1307 te
117 1243 304 1315 transibunt,
328 1251 358 1305 et
380 1255 408 1305 ιε
429 1254 594 1323 sequentur
615 1245 710 1304 cincti
728 1246 855 1305 manicis
877 1253 906 1306 et
928 1244 1101 1307 odorabunt
1116 1257 1154 1323 te,
1177 1251 1295 1328 quieta

61 1359 93 1408 tc
114 1345 198 1408 Beue
221 1357 275 1408 est.
324 1343 365 1405 Tu
394 1348 472 1406 enim
501 1362 532 1406 ee
554 1343 637 1405 Deua
659 1342 775 1416 lsrael,
807 1347 1080 1429 claudebamus.
1126 1347 1200 1419 Quis
1224 1367 1294 1411 vero

61 1447 145 1509 Deus
168 1455 225 1519 εει,
248 1446 278 1507 iu
302 1464 361 1525 quo
383 1455 429 1506 εει
452 1445 543 1518 Deus,
567 1444 625 1506 nisi
646 1443 749 1519 unius,
774 1446 824 1525 qui
846 1446 931 1508 dicit:
955 1447 1017 1530 Boo
1032 1453 1066 1512 in
1081 1448 1174 1512 Patre
1189 1461 1218 1513 ct
1233 1450 1295 1514 Pe-

60 1559 114 1611 ter
134 1553 169 1611 in
188 1567 235 1611 me
256 1544 324 1610 est?

150 1755 180 1815 5.
226 1751 309 1823 Quae
331 1767 397 1811 cum
420 1748 459 1809 ita
483 1767 515 1810 se
539 1750 720 1812 habeantne
741 1753 909 1831 conscripta
931 1753 1007 1826 sint,
1031 1754 1098 1833 quis
1120 1772 1182 1824 non
1204 1753 1293 1829 videt,

61 1852 171 1916 Filium
195 1852 273 1913 Patri
295 1869 364 1912 csse
386 1850 685 1924 consubstantialem,
718 1853 955 1933 quandoquidem
984 1854 1057 1916 nihil
1088 1855 1184 1917 simile
1206 1854 1297 1919 babet

61 1973 132 2019 cum
162 1953 251 2015 rebus
280 1952 402 2025 cnmds,
438 1952 492 2014 sed
523 1972 713 2034 quaecuuque
741 1964 810 2016 suut
840 1955 954 2030 Patris,
987 1965 1058 2018 sunt
1087 1957 1175 2019 etiam
1201 1953 1295 2019 sitiit

63 2053 323 2131 Quemadmodum
346 2054 425 2116 enim
448 2054 474 2115 si
497 2073 583 2133 quam
606 2074 673 2118 cum
695 2055 785 2118 rebus
808 2058 914 2119 creatis
943 2058 1167 2120 similitudinem
1190 2067 1219 2120 et
1241 2077 1294 2120 co·

62 2159 236 2239 guntionem
259 2156 397 2224 haberet,
421 2156 479 2218 illis
502 2157 763 2221 consubstantialis
787 2166 876 2231 esset,
903 2159 943 2221 ita
965 2159 1033 2239 quia
1055 2160 1092 2221 ab
1114 2157 1221 2221 iisdem
1242 2177 1294 2223 sc·

61 2261 193 2324 cundum
216 2259 412 2321 substantiam
435 2258 509 2320 alius
533 2269 595 2333 cst,
622 2260 842 2340 propriumque
864 2260 961 2322 Patris
992 2269 1039 2322 est
1067 2261 1210 2333 Verbum,
1239 2278 1296 2323 uec

61 2363 141 2425 alius
164 2362 201 2423 ab
224 2361 274 2422 illo
298 2369 360 2434 est3
383 2381 450 2424 cum
473 2361 543 2423 item
567 2362 675 2436 omnia,
697 2381 773 2442 quae
796 2361 891 2424 Patris
914 2372 994 2435 suut,
1018 2363 1151 2425 eiusdem
1172 2358 1297 2441 propria

62 2466 135 2540 sint,
159 2482 261 2525 verum
284 2483 356 2526 sane
379 2473 425 2526 est
446 2483 515 2526 eum
531 2463 609 2528 Patri
625 2463 907 2527 consubstantialem
930 2483 1007 2527 esse.
1051 2464 1132 2525 Haec
1149 2461 1297 2542 siquidem

61 2566 120 2629 luit
141 2584 227 2628 mens
250 2576 280 2627 ει
302 2566 448 2627 sententia
471 2567 607 2639 Petrum,
637 2585 702 2628 cum
732 2566 763 2627 in
785 2565 912 2627 Nicaena
942 2566 1062 2644 syuodo
1085 2563 1191 2625 Filium
1217 2579 1294 2627 con·

63 2667 294 2731 substantialem
317 2677 347 2728 et
369 2687 405 2728 cx
429 2667 593 2728 substantia
616 2667 711 2729 Patris
734 2685 803 2729 csse
825 2667 954 2730 confessi
977 2676 1057 2729 sunt
1101 2667 1191 2728 Recte
1215 2664 1297 2729 euim

62 2779 292 2851 perspexerunt,
315 2768 424 2830 nullam
447 2779 572 2830 creatam
596 2769 790 2831 substantiam
813 2788 905 2849 posse
927 2786 1056 2848 unquam
1077 2768 1192 2830 dicere:
1224 2768 1297 2833 Om-

63 2877 127 2948 nia,
150 2890 351 2954 quoecumque
373 2868 461 2933 babet
484 2870 585 2941 Pater,
607 2891 672 2934 mec
695 2883 778 2934 sunt.
822 2870 895 2934 Nam
922 2889 997 2933 cum·
1011 2869 1157 2932 existendi
1178 2868 1298 2933 initium

64 2974 183 3046 babeat,
207 2992 271 3036 eam
294 2982 322 3034 et
343 2973 464 3052 proprie
487 2991 556 3034 esse
580 2981 607 3035 et
630 2991 751 3053 semper
773 2973 868 3035 luisse
886 2971 942 3034 dici
958 2972 1070 3051 nequit.
1114 2956 1298 3051 deproinde

64 3078 134 3158 quia
158 3076 231 3137 baec
251 3075 326 3136 Filio
355 3073 553 3147 conveniunt,
587 3083 617 3135 et
643 3075 760 3146 omnia,
789 3091 864 3154 quaa
885 3073 981 3137 Patris
1011 3091 1079 3135 esse
1106 3072 1297 3147 dictumest,

64 3179 131 3240 Filii
154 3195 272 3257 quoque
294 3184 373 3246 sunt,
397 3194 522 3237 necesse
546 3185 591 3236 cst
606 3176 670 3238 Filii
687 3176 884 3239 substantiam
907 3194 1059 3239 nonense
1082 3183 1220 3247 creatam,
1241 3164 1298 3237 sid
1364 3176 1369 3186 '

64 3280 146 3343 Patn'
169 3277 460 3342 consubstantialem.
504 3277 588 3339 Unde
610 3297 676 3341 oum
699 3278 771 3341 alias
794 3277 833 3341 ob
856 3258 960 3341 causas
990 3287 1051 3338 tum
1083 3284 1163 3339 cente
1185 3275 1297 3339 idcirce

16 3365 19 3370 ⁵
64 3389 164 3444 creata
193 3380 249 3442 dici
278 3399 338 3442 non
366 3387 467 3459 potest
496 3379 677 3454 substantia,
709 3380 788 3459 quod
816 3378 1031 3462 proprietatum
1052 3376 1107 3439 Dei
1135 3395 1224 3457 capax
1246 3374 1297 3441 sit.

66 3483 271 3563 Proprietates
294 3490 392 3544 autem
415 3481 479 3542 eius
501 3481 627 3561 appello,
650 3499 687 3543 ex
709 3481 918 3561 quibuslieus
939 3479 1139 3559 cognoscitur,
1163 3487 1196 3539 ut
1216 3475 1299 3556 quod

65 3586 104 3648 sit
126 3586 329 3679 omnipotens,
352 3584 431 3663 quod
454 3583 576 3663 proprie
599 3583 649 3658 sit,
671 3584 751 3663 quod
773 3584 813 3644 sit
834 3581 1044 3654 immutabilis,
1067 3579 1182 3658 aliaque
1204 3597 1298 3658 supa-

65 3688 129 3750 rius
151 3672 299 3760 diossne
321 3685 455 3746 videlicet
477 3685 541 3765 ipse
564 3685 643 3746 liene
665 3684 756 3748 rebus
780 3684 898 3757 creatis,
920 3682 963 3745 uti
985 3682 1088 3746 volunt
1108 3679 1297 3761 insipientes,

65 3917 89 3956 ει
105 3906 206 3968 Segusa
224 3898 316 3952 πάντα
343 3897 377 3951 τὰ
393 3902 444 3951 τοῦ
461 3897 573 3971 πατρός.
611 3905 657 3955 atii
710 3903 790 3953 manni
811 3903 833 3952 l.
858 3917 991 3965 anonymus
1015 3910 1039 3950 et
1063 3899 1153 3961 luglic.
1177 3893 1298 3947 utamin-

67 3985 90 4024 ει
110 3975 166 4023 editi
186 3966 220 4020 τά
239 3977 359 4022 omittunt.
418 4001 431 4017 .
710 3979 763 4021 tunt
779 3979 836 4035 post
852 3962 952 4018 πάντα.
990 3969 1081 4019 ibidem
1094 3966 1299 4028 Ιιεμιὸερεεῐ.

102 4058 124 4104 g.
143 4043 184 4090 Sic
203 4043 258 4103 lteg.
285 4050 307 4089 et
326 4042 423 4101 Segusa.
460 4041 486 4090 lt
513 4041 537 4088 in
563 4039 617 4088 aliis
636 4047 659 4088 ει
709 4033 894 4104 προειρημένα
912 4037 960 4085 τοῦ
978 4028 1090 4100 πατρός.
1138 4035 1182 4082 ltu
1201 4040 1224 4082 et
1242 4029 1299 4081 editi

66 4113 139 4161 editis
157 4101 193 4156 ἄν
209 4110 285 4159 deest.
322 4109 465 4172 Panlopost
483 4110 539 4170 lleg.
559 4110 658 4168 Segusa.
710 4102 894 4174 προειρημένα
911 4101 1040 4168 περὶτοῦ
1058 4094 1171 4166 πατρός.

66 4177 659 4312 ltlsstlf'ltdsdll'ldlb‘l'
711 4206 1025 4340 ,colluctans
1038 4199 1300 4335 unulfum:

68 4316 125 4432 Fb.
147 4317 179 4363 lta
199 4314 256 4374 lleg.
282 4313 381 4373 Segusa.
404 4312 660 4389 uuelicussoblen'et
712 4345 785 4395 Paulo
804 4350 861 4408 post
877 4342 968 4402 mue·
988 4334 1073 4392 mm
1096 4351 1126 4387 n
1144 4332 1173 4386 δὲ
1190 4331 1238 4384 καί
1254 4345 1300 4386 em

86 4384 173 4432 elckm.
197 4381 219 4430 l.
244 4384 448 4443 annominasset
475 4381 514 4428 alu
536 4389 559 4427 et
586 4379 658 4427 edatio

67 4450 188 4500 Commel.
213 4440 324 4500 etatae·
353 4440 367 4494 ὃ
392 4440 494 4499 uentae
513 4441 558 4494 διὰ
577 4445 658 4493 τοῦτο
744 4445 768 4495 ι.
785 4445 821 4500 lta
839 4442 1044 4506 conansque.
1079 4438 1307 4491 lauantemne

66 4511 166 4574 ἀΐδιος.
205 4509 296 4575 ἐπειδή
315 4525 359 4566 cto.
396 4516 556 4567 floaGobler.
574 4515 659 4564 l'elel·
711 4504 818 4564 ddecet
