2948 5092
410 254 553 302 ormont
570 256 607 299 oe
623 256 787 301 saurnurra
802 257 942 303 ntonrsn.
1228 249 1286 313 131

65 409 208 489 ,quippe
219 415 269 470 est
288 406 399 471 mentis
414 407 571 477 emanatio,
595 416 625 469 et
645 411 689 480 (ut
703 408 832 470 hnmano
849 428 933 471 more
947 410 1126 490 loquamur),
1149 431 1185 474 ex
1199 413 1376 477 eororam,

63 529 139 591 „per
160 528 199 573 os
220 508 374 571 emittitur.
419 507 502 569 llens
525 527 596 570 vero
619 527 693 587 quae
714 528 769 588 per
789 498 926 589 linguam*
941 512 1073 592 prosilit,
1103 514 1220 576 diversa
1242 523 1290 579 est

62 631 102 687 „a
121 609 220 673 verbo
239 610 321 690 quod
343 610 376 672 in
398 610 488 671 eorde
510 608 623 671 existit:
646 610 725 672 istud
749 611 826 673 enim
850 621 1008 692 postquam
1029 614 1100 676 illud
1122 616 1289 695 praemise-

61 715 140 790 ‚,rit,
163 719 317 783 remanet,
347 720 378 773 et
399 722 447 775 est
467 710 552 792 quale
574 721 660 773 antea
681 721 761 787 erat,
788 713 860 775 illud
882 733 953 776 vero
975 717 1174 795 praemissum
1196 717 1291 780 evolat

62 825 119 890 „et
140 815 373 895 circumquaque
395 814 505 874 fertur:
534 822 565 874 et
592 813 638 875 sie
664 821 712 875 est
732 823 890 894 utrumque
912 817 943 877 in
965 816 1074 891 altero,
1102 818 1219 880 tametsi
1241 818 1289 881 ‹ti-

60 934 207 989 „rersnm
229 922 278 977 est
298 915 336 976 ah
357 914 467 988 altero,
500 922 530 975 et
557 932 648 976 unum
671 923 756 987 sunt,
787 914 856 977 lieet
883 917 943 978 duo
972 917 1041 979 sint.
1086 919 1136 981 Sia
1162 939 1289 1000 namque

60 1018 172 1091 „Pater
194 1024 226 1078 et
246 1015 340 1079 Filius
363 1034 455 1077 unum
476 1024 556 1085 sunt,
583 1024 613 1077 et
635 1016 664 1076 in
686 1034 719 1078 se
741 1016 865 1079 invicem
887 1018 956 1079 illos
979 1038 1046 1081 esse
1067 1021 1289 1100 comprabatum
1341 1010 1343 1014 ⁸

59 1125 165 1194 „est“
209 1116 400 1181 inserendo
422 1125 520 1180 autem
548 1117 624 1179 libro
647 1118 720 1180 haec
747 1118 852 1180 habet:
887 1120 947 1194 „Ut
970 1121 1048 1183 enim
1077 1140 1162 1183 niens
1186 1132 1289 1185 nostia

61 1230 202 1295 ,‚ernetat
224 1238 240 1281 a
263 1219 364 1300 seipsa
385 1219 517 1294 verbum,
540 1228 574 1281 ut
594 1219 635 1282 ait
655 1219 820 1299 Propheta:
844 1222 1005 1289 Errtetouit
1026 1240 1196 1286 cormeum
1218 1242 1290 1285 oer-

61 1325 157 1397 „hitat
178 1323 310 1396 tama,
331 1327 437 1401 estque
458 1330 617 1400 utrumque
637 1321 763 1383 alterum
784 1321 822 1384 ah
843 1323 936 1384 altero
959 1323 1131 1385 distinctum
1150 1323 1288 1387 obtinens

61 1425 195 1498 „loeunu
218 1441 288 1486 cum
308 1421 380 1485 illud
402 1422 521 1502 quidem
544 1422 574 1483 in
597 1422 697 1494 eorde,
720 1422 798 1485 istud
820 1424 852 1485 in
872 1424 972 1503 lingua
994 1434 1025 1486 et
1046 1443 1099 1486 ore
1117 1443 1287 1487 oommore-

61 1535 132 1599 „tur
155 1534 187 1588 et
206 1535 380 1598 mereatum
403 1542 465 1585 non
488 1531 585 1586 nmen
608 1524 732 1586 alterum
754 1523 790 1586 ah
813 1524 906 1587 altero
922 1525 1021 1601 distat,
1043 1545 1099 1589 neo
1114 1545 1148 1588 se
1163 1526 1289 1590 invicem

61 1628 253 1708 „privantem
286 1643 382 1703 neque
405 1643 490 1687 mens
514 1625 579 1688 sine
601 1624 692 1687 verbo
715 1633 777 1698 est,
807 1644 904 1706 neque
934 1626 1056 1696 verbum
1084 1629 1150 1690 sine
1178 1637 1290 1704 mente,

61 1728 138 1802 ,ned
161 1745 250 1791 mens
272 1725 396 1788 verhurn
419 1726 502 1797 lacit,
526 1737 554 1788 et
576 1728 606 1790 in
629 1715 857 1807 ipsoapparet,
887 1738 917 1790 et
938 1728 1060 1790 verbum
1082 1738 1211 1791 mentem
1235 1748 1290 1813 ox·

61 1829 180 1903 „hibet
202 1829 233 1890 in
256 1847 315 1908 qua
336 1829 444 1889 lartum
467 1838 523 1901 est,
546 1847 689 1908 mensque
712 1839 759 1891 est
776 1831 860 1909 quasi
876 1831 1000 1893 terhnm
1020 1831 1198 1905 immanens,
1221 1849 1291 1893 ver·

62 1931 155 2004 „horn
175 1938 278 1991 antem
300 1928 385 2007 quasi
407 1947 491 1991 mens
513 1929 694 2008 prosiliens:
717 1949 801 1992 meus
825 1931 856 1992 io
877 1931 1000 1993 verbum
1022 1932 1143 2004 transit,
1166 1931 1290 1993 verhum

63 2040 218 2104 „mentem
239 2030 272 2092 in
294 2029 519 2092 circumstantes
542 2031 694 2094 auditores
716 2032 861 2095 insinuat:
886 2041 915 2094 et
937 2033 981 2094 sie
996 2051 1082 2094 mens
1098 2050 1152 2111 per
1168 2031 1291 2094 verbum

65 2132 310 2206 „inauditorum
332 2131 438 2193 animis
461 2132 639 2206 collocatur,
663 2142 693 2195 et
714 2152 771 2195 nna
794 2151 860 2194 curn
882 2132 974 2195 verbo
998 2133 1097 2195 intrat
1140 2133 1181 2193 llo
1202 2149 1289 2195 mens

65 2234 206 2312 „quidam
229 2241 278 2296 est
299 2233 383 2313 quasi
405 2242 490 2313 pater
505 2233 597 2307 verbi,
621 2234 651 2295 in
670 2234 767 2314 seipsa
791 2235 932 2308 existens,
955 2234 1077 2296 verbum
1092 2242 1190 2296 autem
1205 2233 1291 2312 quasi

68 2335 161 2407 „lilius
183 2334 305 2410 mentis,
328 2352 390 2395 non
412 2343 481 2396 ante
503 2335 599 2414 ipsam
621 2335 750 2415 quidem,
774 2336 828 2397 sed
850 2354 946 2415 neque
970 2344 1050 2397 extra
1072 2335 1167 2415 ipsam
1181 2335 1289 2396 laetum

69 2455 158 2506 „esse
178 2445 295 2516 potest,
331 2436 385 2497 sed
409 2454 474 2497 oum
497 2436 562 2515 ipsa
586 2436 701 2509 existit,
735 2445 764 2497 ot
791 2435 827 2498 ab
856 2437 921 2515 ipsa
949 2435 1131 2516 germinavit
1175 2435 1290 2496 Eodem

72 2557 206 2617 „quoque
234 2537 325 2598 modo
348 2536 435 2599 Pater
456 2537 504 2598 ille
527 2538 671 2599 maximus
708 2544 737 2598 et
758 2555 842 2599 mens
865 2538 913 2599 illa
936 2537 1109 2600 universalis
1132 2544 1199 2598 ante
1221 2554 1289 2596 om-

72 2638 138 2707 „nia
159 2638 264 2700 Filium
286 2637 376 2700 hahet
398 2639 537 2713 Verbum,
563 2639 755 2718 interpretem
779 2647 809 2700 et
830 2639 972 2718 Angelum
996 2643 1116 2699 suum.“

146 2946 195 3006 24.
238 2939 319 3003 Haeo
341 2941 387 3003 vel
408 2959 558 3020 nunquam
582 2942 692 3004 audivit
712 2942 815 3014 Arius,
839 2939 884 3001 vel
907 2940 933 3000 si
955 2938 1065 3000 audivit
1087 2955 1146 2998 non
1168 2936 1279 2998 intelle·

76 3040 110 3101 xit
126 3042 212 3104 homo
233 3043 388 3104 indoctus:
416 3061 484 3104 nam
507 3043 534 3103 si
555 3043 765 3115 intellexisset,
795 3060 855 3103 non
882 3049 960 3102 tanta
989 3038 1141 3100 mendacia
1163 3038 1199 3099 de
1221 3037 1288 3118 api·

76 3160 152 3222 aoopo
173 3144 393 3224 pervulgasset3
416 3144 477 3205 imo
500 3144 600 3224 potins
623 3143 714 3216 illum,
738 3153 771 3206 ut
792 3162 858 3218 nos,
883 3141 920 3203 oh
938 3141 1059 3202 insitum
1082 3140 1112 3200 in
1135 3140 1289 3201 veritatem

76 3243 160 3306 olium
182 3245 319 3307 oonvitiis
341 3245 502 3308 insectatus
526 3245 640 3307 luisset.
684 3245 757 3306 Nam
780 3264 845 3306 oum
867 3243 975 3305 Christi
997 3242 1036 3304 sit
1059 3242 1165 3315 hostis,
1188 3241 1287 3302 lihon-

75 3344 172 3408 tissime
192 3355 390 3426 persequetur
410 3333 492 3419 illos,
516 3347 565 3426 qui
587 3365 662 3425 quae
685 3347 792 3407 Christi
815 3354 885 3407 sunt
905 3345 1033 3423 sapiunt,
1056 3350 1089 3404 ιιι
1110 3344 1175 3422 ipse
1197 3357 1373 3421 prae-naso.

73 3445 133 3508 lixit
150 3448 313 3510 hominus:
348 3447 383 3508 Si
402 3466 447 3510 me
466 3452 648 3529 persequuti
667 3458 756 3522 sunt,
780 3458 808 3508 et
829 3465 883 3508 uos
902 3455 1135 3525 persequentur.
1179 3445 1238 3505 Aut
1260 3443 1287 3505 si

71 3557 162 3624 putant
183 3549 345 3636 impietatis
372 3550 505 3629 patroni,
534 3568 635 3611 seeum
659 3550 770 3610 sentire
791 3547 982 3627 Dionysium,
1011 3545 1113 3607 eadem
1141 3564 1216 3624 quae
1239 3544 1288 3606 ille

71 3650 198 3724 scribant,
221 3651 325 3713 eadem
346 3653 558 3730 profiteantur3
582 3651 714 3713 sorihant
735 3649 867 3728 exempla
889 3648 946 3720 illa,
971 3648 1007 3708 tle
1028 3647 1113 3707 vinea
1134 3664 1242 3725 nempe
1258 3654 1289 3707 et

68 3752 199 3829 agricola,
222 3753 260 3814 tle
282 3753 391 3832 scapha
413 3760 444 3813 et
465 3752 564 3823 lahro,
595 3760 625 3813 et
647 3772 704 3814 una
728 3752 939 3822 confiteantur,
969 3767 1043 3827 quae
1067 3747 1132 3826 ipse
1154 3746 1286 3810 consub-

93 4023 112 4054 ε.
131 4009 187 4057 lie.
213 4006 283 4056 solus
308 4001 322 4053 ὅ
345 4000 376 4055 δὲ
392 4005 456 4059 νοῦς
472 3999 553 4083 io'pos
572 4007 642 4056 male.
695 4014 798 4055 mentem
819 4006 964 4070 quandoque
983 4004 1072 4065 legitur
1089 3995 1231 4051 ἕκκυκλεῖν.

65 4073 108 4123 hor
125 4067 140 4121 ei
156 4023 643 4140 ιὲἑλᾶγοςτὸννοῦνεῖςτουςᾶκροα-
729 4076 745 4122 l.
765 4072 906 4134 nepusstt.
927 4082 950 4121 et
968 4073 1024 4121 editi
1034 4064 1195 4139 intepuerat.
1220 4071 1286 4119 Tan·

63 4135 104 4194 τὰς
120 4136 247 4207 irsoum.
276 4145 358 4194 Genus
370 4143 642 4207 loquendiaClenrente
696 4145 740 4192 rin.
760 4142 829 4191 Colh.
848 4142 893 4190 les,
912 4141 952 4189 Fr,
967 4142 985 4188 l.
1004 4133 1151 4204 ἐνίδρυται.

61 4212 214 4261 Alexandrino
234 4213 421 4274 trequentatorn.
445 4210 643 4274 Sicnporpent.
730 4225 752 4271 g.
770 4209 868 4259 Thurin.
888 4209 957 4259 Colb.
977 4210 1022 4257 los.
1040 4211 1086 4257 soii
1105 4200 1118 4254 ὁ
1138 4215 1192 4256 ante
1206 4199 1284 4270 ptyr-

61 4294 82 4340 p
99 4280 137 4328 tu.
156 4275 207 4344 [eil.
228 4276 308 4342 81th
333 4269 453 4342 ἱγκυιιλεῖ
474 4275 513 4342 τῷ
530 4275 642 4342 θεάτρῳ
696 4290 767 4330 στος.
803 4276 878 4326 Pnnlo
895 4271 1071 4340 μοιικιιὶιιιιι
1084 4267 1200 4338 ἄγγελον
1210 4275 1280 4323 deest

59 4340 117 4399 reas
143 4338 243 4401 θεοὺς,
272 4346 335 4396 Deos
360 4349 385 4394 in
408 4349 521 4397 theatrum
544 4349 642 4397 inducit.
696 4347 718 4395 in
739 4348 794 4408 ltog.
814 4345 1052 4395 'laurinssolhlea
1089 4345 1280 4407 Opportuneta·

56 4414 118 4464 ltin
140 4412 177 4479 [p.
203 4412 242 4478 9.]
270 4405 409 4478 ἐγκαλεῖν
433 4414 493 4469 τοῖς
518 4414 640 4469 θεαταῖς,
696 4429 749 4464 mon
769 4415 875 4476 positum
894 4414 997 4462 violetur.

56 4487 221 4545 mneritas
238 4484 371 4534 maiam.
405 4484 475 4548 Apud
491 4483 640 4548 ipsnmcle·
727 4484 750 4531 h.
770 4481 868 4532 Tauria.
888 4480 956 4532 Colh.
975 4481 1021 4530 les.
1041 4476 1109 4529 tat.
1133 4468 1284 4537 evolasse.

641 4553 648 4568 .
1042 4560 1081 4613 9*
