2948 5092
257 274 842 320 s.nnnnnnsnnncame1scon1amasam
857 275 895 318 aa
911 275 1076 319 cananum
1090 275 1232 321 nsannsu.
1318 262 1359 325 93

145 429 230 487 nicam
252 426 389 489 retundit
410 426 629 506 impudentiam
646 424 888 506 Catholicumyue
901 424 1081 503 Dionysium
1100 427 1192 506 platee
1208 443 1442 492 common-nna.

145 540 215 591 strat
236 539 264 589 et
285 527 323 589 ah
345 529 415 588 Arii
436 530 586 589 sententia
608 526 837 589 alienissinmm.

217 628 267 689 lll.
312 629 431 690 daimia
450 646 550 709 porro
574 628 621 689 hic
645 627 731 690 ahvia
746 628 889 707 Dionysii
910 628 983 701 loca,
1007 630 1114 710 quihus
1132 633 1222 692 tertio
1239 629 1360 693 saeculo

144 729 274 809 Dionysii
293 731 545 792 aduersariorum
568 730 696 810 depulsa
718 734 906 801 criminatio,
930 741 1039 812 quarta
1062 731 1251 792 Ariauarum
1273 731 1361 792 calu·
1429 768 1431 772 -

144 836 214 892 unia
237 830 329 892 simul
350 843 379 893 et
396 848 499 910 praua
522 831 663 893 doctrina
687 833 929 910 consummem,
949 835 1026 912 pari
1047 831 1187 912 hodieque
1209 825 1249 892 ai¹
1258 830 1360 912 polle-

144 946 188 995 ant
213 935 253 994 ad
280 950 377 994 nouos
407 931 592 1010 refellendos
615 933 761 1003 Arianos,
792 935 844 1013 yui
866 931 955 992 Verhi
981 932 1118 994 deitatem
1140 933 1221 994 haud
1241 937 1360 995 minare

145 1054 220 1114 ysam
250 1038 351 1115 prisci
375 1032 425 1094 illi
453 1035 603 1113 impietate
626 1044 817 1113 oppuynaut,
846 1036 953 1115 quique
975 1051 1062 1094 suam
1083 1038 1263 1095 sententiam
1285 1053 1360 1096 ven-

145 1141 231 1197 ditant
262 1146 298 1197 ut
326 1133 486 1215 prioribus
507 1132 659 1196 Ecclesiae
687 1133 816 1196 saeculis
844 1134 935 1215 aulyo
966 1144 1126 1213 receptam.
1171 1134 1304 1217 Namque
1324 1147 1361 1199 ut

144 1251 251 1300 caetera
275 1249 389 1299 taceam
411 1253 449 1296 eu
470 1238 517 1305 iis,
541 1254 617 1316 yuae
637 1253 719 1297 uum.
738 1236 788 1300 19.
810 1235 968 1306 hahentur,
990 1235 1117 1316 planum
1139 1245 1192 1306 est,
1216 1254 1303 1297 vaces
1318 1234 1359 1296 il-

145 1336 181 1398 ias
201 1332 235 1399 ἐκ
256 1336 316 1418 τῆς
338 1327 454 1410 οὐσίας
476 1344 504 1397 et
527 1327 705 1416 dpoocioean
728 1341 787 1398 iarn
803 1345 867 1399 tum
881 1340 1013 1398 usitatas
1029 1337 1228 1417 aulyatasque
1243 1338 1359 1415 faisse,-

144 1444 179 1501 ita
203 1449 238 1500 ut
267 1438 302 1500 de
327 1436 402 1498 Filio
428 1436 593 1517 loquentem
611 1435 650 1500 *ea
673 1437 766 1500 aerha
788 1442 978 1518 impuynasse
1000 1446 1162 1500 erroneum
1184 1438 1357 1506 haberetur,

144 1544 266 1602 omisisse
287 1541 497 1618 suspiciosum.
543 1537 660 1600 Eminet
680 1557 753 1601 aero
777 1540 914 1601 omnihus
937 1539 1006 1601 ah‘is
1021 1539 1165 1620 Dionysii
1185 1540 1271 1602 dictis
1289 1539 1359 1601 haec

140 1641 294 1720 praeclara
325 1643 485 1719 aureisque
512 1640 646 1720 apiciana
669 1640 826 1702 exaranda
848 1644 1011 1711 sententia,
1042 1659 1100 1720 yua
1123 1658 1223 1702 omnes
1244 1642 1359 1719 praili-

142 1755 244 1819 yautur
259 1742 409 1803 adversus
425 1739 600 1802 Trinitatem
616 1741 740 1802 abortae
755 1741 902 1814 haereses,
919 1759 1000 1803 noum.
1019 1744 1068 1803 17.
1092 1732 1360 1822 circumducta

143 1841 181 1917 εἷς
199 1865 236 1907 τε
257 1837 317 1925 τὴν
337 1836 458 1922 τριάδα
479 1836 537 1922 τὴν
558 1837 688 1921 μονάδα
701 1838 909 1923 πλατύνομεν
925 1833 1123 1925 ἀδιαίρετον,
1145 1841 1199 1904 καὶ
1215 1837 1274 1924 τὴν
1288 1863 1359 1924 τρι-

142 1940 195 2006 άδα
222 1939 328 2007 πάλιν
351 1935 515 2023 άμείωτον
538 1938 813 2026 chunicundae
836 1940 1181 2029 συγκεφαλαιούμεθα.
1228 1943 1278 2004 Sia
1300 1961 1357 2003 nas

142 2045 249 2124 qnidam
276 2043 426 2108 Unitntam
458 2043 669 2106 indivisibilem
701 2045 733 2105 in
754 2044 929 2107 Trinitatem
961 2045 1134 2120 dilatamus,
1167 2064 1201 2106 ac
1229 2043 1360 2105 vicissim

142 2144 317 2220 Trinitatem,
339 2164 414 2226 quae
437 2145 572 2208 imminui
594 2147 707 2226 nequit,
730 2146 761 2208 in
782 2146 930 2209 Unilatem
953 2146 1168 2208 contrahimus.
1212 2145 1359 2208 Haecin-

139 2267 216 2328 pum
244 2252 412 2320 sententia,
441 2266 515 2329 puae
542 2252 576 2309 in
604 2249 739 2310 omnihus
770 2248 892 2311 Graccis
914 2247 1076 2311 Athanasii
1102 2248 1187 2310 editis
1216 2248 1358 2309 hacteuus

140 2349 371 2421 desiderabatur,
394 2353 455 2411 iam
472 2353 576 2430 prima
594 2348 705 2412 Graece
723 2350 830 2430 prodit
852 2354 985 2411 omnium
1006 2350 1065 2430 fide
1079 2352 1360 2428 manuscriptorum

139 2455 284 2514 restituta.
332 2449 475 2530 Collapsa
497 2455 604 2532 quippe
625 2451 696 2528 suit,
720 2451 802 2533 quod
822 2468 909 2512 voces
931 2446 1051 2533 τριάδα
1073 2460 1102 2511 et
1122 2443 1253 2531 μονάδα
1275 2451 1359 2510 semi-

139 2549 200 2613 liter
222 2555 345 2613 omnino
369 2551 549 2612 desinermt.

211 2651 260 2711 Ν.
306 2651 344 2713 Bt
365 2669 439 2712 aera
461 2671 523 2714 nan
546 2652 616 2714 haec
637 2671 701 2715 una
723 2671 762 2714 en
777 2653 891 2715 Graeco
915 2664 1000 2716 tectu
1023 2652 1177 2713 exciderat
1194 2653 1442 2725 senteutiamms.

137 2752 242 2816 multae
264 2756 374 2834 qnippe
396 2752 474 2813 alicu
496 2758 623 2815 suntin
647 2754 701 2815 hac
723 2754 854 2834 epistola
875 2757 1104 2815 amanuensium
1126 2757 1199 2813 vitia
1224 2757 1358 2822 amissae,

136 2854 208 2932 quad
235 2853 374 2914 videlicet
402 2855 479 2915 duae
500 2866 718 2936 consequenter
737 2859 856 2935 positae
880 2854 1035 2916 clausulae
1057 2854 1105 2915 ael
1127 2854 1225 2915 eadem
1247 2853 1295 2913 uel
1316 2856 1360 2913 si-

137 2953 242 3015 militer
264 2955 418 3016 desinente
440 2974 510 3017 oacc
535 2957 692 3029 caderent;
717 2974 791 3036 peace
816 2975 917 3017 omnes
934 2961 1117 3036 optimarum
1131 2958 1360 3034 manuscripto-

137 3072 198 3114 rum
220 3073 278 3135 ape
301 3059 361 3117 iam
383 3068 456 3118 succi
475 3055 609 3134 feliciter
633 3061 801 3118 restitutae.
846 3056 884 3117 lit
913 3076 986 3119 saue
1014 3057 1091 3118 nihil
1113 3058 1306 3139 frequentius
1328 3060 1360 3117 in

137 3165 192 3217 toto
214 3155 379 3218 Athanasii
405 3175 532 3237 operum
561 3159 690 3218 decursu
710 3147 819 3219 'videre
849 3168 908 3229 est,
933 3178 1020 3238 quam
1044 3157 1201 3220 clausulae
1224 3162 1360 3235 inteyroe

136 3255 184 3315 hoc
207 3257 315 3337 lapsus
336 3275 444 3339 yenerc
462 3263 707 3338 praetermissae.
744 3257 781 3319 Ut
796 3259 845 3320 ael
860 3258 927 3320 hina
938 3259 1042 3338 palam
1057 3261 1193 3321 omnihus
1207 3263 1255 3328 sit,
1272 3276 1361 3339 quam

135 3362 306 3419 necessaria
327 3360 427 3438 [uerit
448 3378 528 3422 nava
550 3361 683 3422 eiusdem
705 3364 805 3422 sancti
824 3360 968 3422 Doctaris
993 3379 1117 3440 operum
1139 3362 1239 3422 editio.

212 3459 248 3519 V.
296 3459 388 3533 Quod
413 3469 512 3522 auten
534 3461 694 3531 Eusebius,
725 3466 778 3543 yui
798 3461 940 3539 Dionysii
957 3473 1040 3541 yesta
1060 3461 1131 3540 fuse
1153 3465 1227 3521 sotis
1247 3477 1360 3538 prase-

132 3565 247 3639 qsitur,
270 3578 308 3623 ne
328 3561 455 3623 veroum
477 3563 592 3642 quidem
616 3562 651 3622 de
673 3562 727 3623 hac
750 3562 882 3623 historia
902 3564 1019 3641 fecerit,
1045 3562 1112 3623 hina
1135 3580 1208 3622 sane
1230 3572 1361 3638 auyetur

131 3665 189 3720 iam
210 3660 337 3742 sadyata
359 3663 394 3724 de
415 3667 484 3741 ipso
504 3665 650 3742 nimisque
671 3662 763 3742 firma
779 3663 946 3727 Arianismi
967 3667 1108 3743 suspicio.
1156 3661 1269 3723 Callida
1279 3678 1360 3740 pro·

128 3763 209 3840 secto
233 3766 331 3824 tacuit
352 3762 474 3825 haeresi
493 3781 565 3824 suae
588 3766 748 3826 caitiosam
772 3765 941 3834 historiam,
964 3782 1052 3845 potam
1074 3767 1235 3834 incautius,
1259 3770 1294 3821 ut
1316 3765 1360 3822 ait

128 3862 330 3935 Athanasius,
361 3863 419 3925 alii
439 3857 550 3924 Ariani
575 3868 608 3924 in
638 3882 780 3944 suamque
798 3869 962 3945 perm'aiem
985 3865 1178 3942 eaedyarunt.
1224 3862 1360 3942 Apparet

126 3975 228 4024 autem
250 3982 289 4025 em
310 3964 489 4046 quibusdam
512 3965 601 4026 huius
625 3963 769 4046 epistolae
792 3965 881 4040 locis,
905 3972 1003 4046 s'psnm
1025 3967 1131 4026 Arium
1154 3966 1188 4026 de
1211 3963 1358 4040 Dionysio

127 4083 281 4126 rumorem
303 4063 393 4125 illum
415 4068 567 4142 sparsisse
574 4084 583 4138 ,·
608 4067 775 4144 αἱαὶ-[αντα
798 4069 912 4144 tropice
927 4068 1033 4127 Arium
1044 4084 1106 4145 pro
1123 4066 1246 4125 Arianis
1264 4063 1359 4122 Atha-

124 4170 233 4227 nasius
261 4165 428 4246 siynifieet,
460 4183 546 4244 quem
578 4169 646 4226 item
669 4165 777 4227 Arium
798 4170 887 4247 yrcasi
907 4170 1103 4247 superstitem
1126 4164 1288 4245 aliquanda
1312 4162 1359 4223 lo-

120 4276 259 4348 quenten
280 4267 417 4334 inducit,
441 4268 561 4329 tametsi
582 4265 658 4327 hauc
682 4265 839 4344 epistolum
857 4277 929 4346 post
952 4268 1126 4349 defunctum
1150 4264 1255 4324 Arium
1279 4263 1359 4322 scri-

114 4378 204 4447 ptam
224 4369 326 4447 suisse
349 4371 406 4427 vt'a
428 4369 577 4446 quispiam
599 4369 639 4426 sit
662 4367 821 4429 dubitandi
842 4366 936 4429 locus.
1025 4452 1027 4456 Α
