2948 5092
469 274 577 320 omno
593 274 635 318 ru.
652 275 767 319 consus
782 272 918 321 munos.
1230 269 1293 333 55⁷

61 429 130 509 ipse
151 418 251 491 antem
272 425 360 488 Pater
381 425 460 487 diem
483 427 636 489 ethoram
659 425 737 488 illam
759 427 858 498 norit,
887 428 974 509 plane
996 430 1086 511 liquet
1108 434 1214 496 Vitium
1237 436 1378 501 bucensi.

60 546 184 610 quoqne
206 529 236 590 in
259 547 293 589 re
314 528 411 590 Petris
434 547 504 589 esse
527 527 663 588 similem.
708 528 769 590 Nec
790 547 860 602 uero
884 531 991 593 mirum
1020 543 1082 607 est,
1110 534 1208 608 illum,
1237 556 1298 617 per*

61 648 152 711 quem
175 630 276 692 omnia
297 632 371 691 lacta
394 640 464 690 sunt
485 629 559 690 etin
574 647 633 708 quo
657 629 756 691 omnia
778 639 925 704 constant,
947 650 996 694 res
1018 634 1109 696 lactes
1133 652 1293 718 earumque
1319 687 1327 708 .

60 751 130 794 cum
153 732 310 812 proprium
332 739 394 792 tum
417 748 603 821 communem
632 730 720 792 linem
748 750 948 811 cognoscere,
979 736 1033 796 sed
1061 735 1168 799 mirum
1193 741 1292 819 potius

61 843 119 908 est,
142 852 191 896 me
214 831 384 895 buiusmodi
400 831 517 893 illorum
533 832 720 911 procacitate,
744 852 819 912 quae
834 833 953 913 quidem
969 838 1142 900 Arianomm
1158 839 1292 904 insaniae

61 936 225 998 admodum
253 943 301 994 est
329 941 542 1006 consentanea,
577 942 709 995 coactum
740 933 816 995 banc
838 936 969 997 veritatis
992 938 1196 1001 defensionem
1221 954 1313 1004 sus·'

62 1037 193 1118 cepisse.
238 1034 311 1097 Cum
335 1035 412 1096 enirn
435 1035 487 1096 Dei
509 1034 630 1108 Filium,
660 1044 813 1098 oeternum
836 1037 981 1113 Verbum,
1003 1039 1083 1101 inter
1104 1060 1154 1101 res
1176 1052 1290 1104 creatas

61 1147 233 1211 numerant,
255 1155 358 1217 parum
382 1145 462 1198 certe
484 1136 578 1210 abest,
602 1136 672 1216 quin
695 1136 795 1215 ipsum
817 1128 906 1199 etiam
929 1138 1045 1200 Patrem
1067 1140 1158 1201 rebus
1181 1142 1289 1205 creatis

62 1238 237 1302 interiorem
260 1237 357 1298 dicere
380 1237 569 1298 meditentur.
613 1235 686 1298 Nam
709 1237 802 1312 siis,
825 1239 875 1317 qui
898 1238 1015 1301 Patrem
1039 1243 1136 1315 novit,
1160 1243 1237 1304 diem
1260 1253 1292 1307 et

60 1341 168 1402 boram
196 1338 276 1401 illam
306 1357 366 1399 non
398 1337 494 1410 novit,
528 1355 634 1399 vereor
660 1357 699 1399 ne
728 1339 818 1418 (quod
847 1339 944 1400 insani
965 1339 1007 1401 illi
1029 1340 1168 1420 dixerint)
1190 1363 1290 1408 rerum

62 1449 244 1514 creatarum,
277 1439 337 1501 imo
368 1439 506 1501 minimae
534 1453 634 1500 rerum
668 1448 831 1501 creatarum
859 1441 952 1519 partis
980 1442 1111 1521 cognitio
1133 1445 1228 1505 maior
1249 1445 1295 1508 sit

59 1545 126 1623 ipsa
149 1543 248 1604 Patris
271 1541 448 1621 cognitione.
1346 1614 1349 1621 Α

146 1649 200 1709 45.
246 1642 353 1704 Verum
382 1641 422 1702 illi
452 1641 587 1722 quidem,
621 1640 670 1720 qui
698 1642 771 1703 adeo
793 1642 884 1722 impia
907 1644 937 1705 in
960 1643 1102 1724 Spiritum
1124 1646 1291 1725 proiciunt,

59 1753 161 1807 tantae
183 1743 343 1824 impietatis
365 1744 481 1805 reniam
505 1751 677 1823 exspectent
698 1743 823 1817 nullam,
852 1745 895 1805 uti
917 1746 1105 1824 praemonuit
1123 1746 1290 1822 'Dominus3

63 1865 122 1908 nos
147 1855 257 1920 autem,
274 1845 323 1925 qui
340 1845 487 1907 Christum
510 1853 540 1906 et
561 1863 695 1906 emamus
711 1845 784 1906 etin
807 1846 895 1907 nobis
918 1846 1060 1925 gerimus,
1082 1866 1289 1926 agnoscamus,

60 1947 192 2009 Verbum
220 1964 283 2006 non
311 1945 395 2024 quasi
423 1946 583 2024 ignorans,
617 1954 762 2025 quatenus
791 1954 838 2007 est
859 1946 1004 2020 Verbum,
1035 1947 1148 2009 dixisse
1169 1948 1289 2024 Nescio,

59 2057 186 2110 noverat
207 2047 326 2127 quippe,
350 2046 402 2107 sed
425 2047 465 2120 id,
489 2047 566 2126 quod
589 2047 749 2108 humanum
773 2055 829 2121 est,
853 2046 1014 2123 exhibens3
1036 2034 1238 2129 quia'scilicet
1259 2058 1291 2111 et

59 2149 215 2210 bominum
237 2147 391 2227 proprium
415 2156 461 2208 est
483 2148 630 2226 ignorare,
655 2157 685 2210 et
706 2148 781 2245 ipsg
792 2148 977 2228 ignorantem
1000 2150 1136 2213 induerat
1158 2169 1287 2224 carnem,

59 2251 90 2312 in
114 2269 173 2330 qua
196 2267 263 2310 cum
293 2257 390 2320 esset,
425 2249 588 2310 secundum
618 2268 683 2310 eam
705 2250 821 2312 dicebat
842 2250 961 2316 Nescio.
1004 2252 1107 2330 ltaque
1129 2261 1288 2334 postquam

59 2351 189 2412 dixerat:
224 2369 318 2430 neque
347 2349 444 2411 Filium
474 2354 574 2422 nouit,
604 2350 823 2430 adduxeratque
851 2351 881 2412 in
904 2353 1069 2432 exemplum
1090 2354 1288 2432 ignorantiam

58 2452 226 2546 bominum,
250 2450 300 2531 qui
323 2451 387 2512 Noe
410 2460 504 2513 aetate
527 2452 682 2531 degebant,
705 2453 846 2514 continuo
869 2453 995 2515 addidit:
1034 2454 1157 2535 Vigilate
1178 2459 1288 2534 itaque,

59 2559 132 2635 quie
152 2572 208 2616 nos
236 2557 375 2624 nescitis,
404 2573 463 2635 quc
493 2556 538 2615 die
559 2554 708 2616 Dominus
732 2566 833 2616 uester
855 2567 1003 2618 uenturus
1026 2560 1083 2630 sit,
1112 2562 1142 2615 et
1164 2573 1287 2616 rursus:

61 2656 133 2729 Qun
154 2673 218 2718 uon
236 2659 355 2735 putetis
379 2655 457 2717 born
479 2654 575 2716 Filius
599 2655 725 2716 iomanis
748 2665 898 2716 neuturus
920 2668 975 2719 est.
1008 2655 1071 2735 Ego
1087 2655 1166 2716 enim
1182 2654 1288 2716 similis
1339 2638 1346 2643 ’

57 2755 145 2817 robis
168 2763 293 2835 propter
312 2774 366 2817 ros
391 2758 513 2818 effectus
536 2755 610 2817 dixi:
633 2774 727 2836 neque
748 2755 854 2818 Filius.
897 2756 985 2836 Atqui
1008 2757 1034 2818 si
1056 2755 1220 2818 secundum
1240 2754 1287 2815 di-

56 2857 158 2918 vinam
191 2866 325 2918 naturam
360 2858 542 2937 ignorasset,
577 2857 733 2919 dicendum
765 2856 805 2917 illi
834 2866 912 2918 erat:
949 2858 1070 2937 Vigilate
1097 2857 1196 2937 itaque
1218 2855 1287 2935 quio

57 2958 173 3032 neseio,
197 2968 305 3038 etqua
328 2978 388 3020 uon
410 2968 482 3039 puto
505 2960 595 3033 bora,
618 2958 697 3038 quod
720 2977 786 3018 cum
808 2977 869 3019 non
885 2957 1001 3032 dixerit,
1025 2959 1078 3019 sed
1094 2977 1149 3020 uos
1164 2961 1375 3027 nescirem,

57 3069 172 3142 etque
192 3079 256 3122 non
280 3066 416 3141 putetis,
448 3062 583 3141 proiecto
613 3059 829 3121 demonstrarit
858 3060 1012 3121 bominum
1040 3077 1110 3121 esse
1137 3059 1287 3137 ignorare,

56 3170 184 3242 propter
206 3180 281 3240 quos
302 3162 392 3223 simili
414 3162 478 3241 ipse
502 3180 589 3222 carne
611 3169 742 3222 assumta
764 3170 793 3222 et
814 3162 906 3223 iactus
927 3144 1019 3222 bomo
1042 3145 1172 3222 dicebat:
1194 3179 1290 3241 neque

59 3263 159 3326 Feras
180 3269 275 3326 nouit.
320 3262 381 3324 Nee
403 3264 482 3324 enim
505 3281 592 3324 carne
614 3270 754 3336 noverat,
786 3261 855 3324 lieet
876 3270 909 3323 ut
930 3261 1058 3324 Verbum
1082 3268 1287 3341 cognosceret.

59 3364 234 3444 Exemplum
255 3383 348 3445 porro
371 3365 433 3425 Noe
450 3364 561 3427 Christi
585 3363 716 3426 bostium
739 3363 950 3444 impudentium
973 3365 1093 3444 penitus
1116 3363 1287 3442 confringit.

57 3468 120 3529 Nee
142 3466 233 3527 enim
244 3466 303 3527 illic
325 3467 412 3528 dixit:
446 3466 513 3527 Non
536 3465 670 3546 cognovi,
694 3467 747 3528 sed
770 3465 839 3528 Non
861 3478 1070 3545 cognorerunt
1091 3466 1185 3527 donec
1207 3468 1291 3525 venit

58 3569 217 3633 diluculum.
261 3567 419 3629 Enimvero
441 3567 578 3629 homines
601 3567 719 3647 quidem
744 3585 803 3628 non
834 3575 1052 3646 cognoverunt,
1084 3574 1115 3627 ot
1141 3565 1205 3640 ille,
1239 3565 1289 3644 qui

60 3669 204 3732 diluvium
232 3669 362 3743 induxit,
398 3669 448 3749 qui
477 3678 506 3730 et
528 3669 594 3749 ipse
614 3668 749 3730 Salvator
771 3675 851 3743 erat,
875 3667 952 3728 diem
977 3667 1132 3728 ethoram
1155 3675 1289 3739 noverat,
1396 3699 1399 3705 ·

92 3839 114 3872 c.
134 3822 274 3872 Goblerieu.
293 3830 317 3872 et
334 3822 439 3871 Felelm.
460 3822 480 3871 1.
500 3812 648 3887 ngcedcxci·
699 3812 781 3898 noller
803 3802 822 3884 ᾖ
845 3810 877 3866 ori
901 3814 1004 3869 δοκεῖτε
1027 3810 1087 3885 ὥρᾳ
1114 3811 1129 3865 ὃ
1156 3809 1214 3869 υἱός
1238 3813 1306 3896 τοῦΙ
1333 3855 1341 3866 ,

59 3892 185 3939 educar.
701 3881 852 3951 ανθρώπου
868 3879 987 3954 ἔρχεται.

92 3959 117 4008 d.
141 3959 182 4007 Sic
200 3956 288 4018 Regias
308 3956 328 4005 l.
348 3964 371 4005 et
388 3957 488 4018 Segoer.
523 3960 552 4003 ,ιι
567 3955 607 4003 alii
626 3962 650 4004 et
734 3957 758 4004 lu.
777 3944 821 4001 ὅτι
838 3956 907 4004 ιιιοει
923 3970 937 4004 a
956 3957 1013 4018 liog.
1033 3954 1054 4003 l.
1073 3961 1097 4002 et
1114 3953 1213 4014 Segusa.

57 4027 116 4075 editi
124 4020 306 4143 Ιινώσκομιν
323 4014 417 4077 (ὅςούκ
434 4015 554 4088 ἀγνοῶν,
572 4006 590 4088 ᾖ
607 4017 650 4069 λό-
735 4024 751 4072 i.
775 4022 815 4071 Sic
833 4023 920 4084 begins
940 4023 962 4071 l.
981 4025 1082 4084 Seguer.
1101 4020 1205 4069 Felctm.
1224 4015 1247 4067 2
1267 4025 1292 4069 et

55 4107 108 4158 yoc
139 4087 209 4148 στὶν,
228 4084 325 4155 ἔλεγεν.
701 4090 766 4140 editi.
802 4091 828 4139 ln
847 4090 902 4139 eliis
921 4105 979 4139 mss.
998 4093 1066 4139 deest
1084 4079 1184 4134 αὐτῶν.
1212 4085 1291 4135 Editio

93 4177 115 4211 e.
144 4162 201 4222 neg.
223 4160 245 4209 l.
269 4168 293 4208 et
309 4162 409 4222 Seguer.
427 4152 473 4206 καὶ
491 4149 535 4205 ὅτι
553 4150 649 4224 σάρκα.
701 4158 818 4208 Commel
837 4172 882 4222 pro
900 4148 982 4210 «iric
1000 4158 1116 4206 mendoso
1139 4154 1228 4203 babent
1244 4145 1292 4202 cti-

57 4231 138 4280 Ceteri
157 4237 182 4278 et
198 4228 255 4278 editi
274 4227 386 4276 omittunt
404 4218 454 4276 ὅτι.
701 4219 772 4278 τούς.

91 4299 109 4346 i.
138 4295 267 4358 Regiani.
293 4304 316 4343 et
334 4295 433 4356 Segucr.
452 4285 495 4341 ὅτι
513 4283 584 4342 οὐδὲ.
623 4295 649 4343 ln
735 4296 757 4343 l.
781 4292 822 4344 Sic
840 4292 932 4357 primus
952 4291 1026 4342 codex
1045 4291 1130 4352 Regios
1149 4298 1173 4340 et
1190 4289 1291 4352 Senum.

56 4364 113 4414 aliis
131 4373 156 4414 et
173 4364 244 4413 editis
262 4363 331 4412 deest
348 4353 399 4411 ὅτι.
700 4360 779 4411 Ceteri
798 4369 821 4410 et
839 4360 895 4410 editi
913 4352 1034 4424 ἐπάγων.

93 4448 115 4495 g.
141 4433 230 4493 Regias
251 4431 272 4480 1.
298 4439 322 4479 et
340 4431 439 4490 Seguer.
463 4423 531 4490 ποίᾳ
548 4420 646 4494 ᾑμέρᾳ.
736 4430 752 4478 Ι.
777 4429 818 4478 Sic
840 4430 934 4492 primns
953 4428 1027 4495 codex
1046 4425 1133 4486 Regias
1150 4431 1174 4474 et
1190 4424 1292 4488 Seguer.

54 4499 134 4551 liden
152 4501 243 4551 ibidem
262 4499 375 4548 uniunt
386 4498 510 4562 ”quentin
522 4488 651 4547 rerbaarai
700 4498 728 4546 ιι
753 4495 794 4546 sbi
818 4505 842 4546 et
860 4495 917 4545 editi
934 4488 964 4544 ἐν
978 4475 999 4559 ᾗ
1014 4484 1061 4540 arai
1077 4484 1148 4546 code.
