2934 5078
212 234 276 299 508
612 247 808 327 squatum
823 248 1046 292 ικεοισηεεοει

51 390 57 400 ’
126 399 309 466 mahat
339 391 545 483 αῦτοσοφίαν
576 389 659 463 εἶναι
690 394 745 462 καὶ
774 389 953 481 αῦτολόγον
974 396 1032 462 τόν
1053 396 1146 464 θεόν.
1184 391 1256 463 ἀλλ’
1280 397 1312 465 τί
1332 401 1433 478 τοῦτο,

213 501 264 586 εἴη
287 493 327 565 όν
349 493 448 576 αότὸς
470 498 587 564 ἑαυτοῦ
610 497 720 584 πατὴρ
741 499 796 563 καὶ
820 497 901 577 υἱός,
924 497 1035 586 πατὴρ
1050 505 1120 581 μέν,
1143 495 1221 565 Ιότε
1234 498 1353 586 σοφός,
1370 500 1433 578 υἱός

213 603 259 681 όί,
284 597 339 669 ὅτε
361 606 475 688 σοφία.
513 595 598 665 ἀλλὰ
618 599 663 687 μὴ
686 595 732 677 ιῦς
750 597 894 685 ποιότης
907 625 960 677 τις
974 603 1078 665 ταῦτα
1093 599 1128 665 όν
1141 603 1190 685 τῷ
1206 603 1297 687 θεῷ·
1321 598 1431 686 ἄπαγε,

213 698 363 787 ἀπρεπὲς
389 706 504 780 τοῦτο,
535 697 753 787 εὑρεθήσεται
773 700 835 786 γὰρ
858 701 1020 780 σύνθετος
1043 698 1062 767 5
1082 700 1167 780 θεὸς
1189 702 1226 781 ἐξ
1248 697 1367 781 οῦσόας
1386 707 1432 769 καὶ

211 804 406 890 ποιότητος,
437 807 533 870 πᾶσα
560 803 622 889 γὰρ
651 802 792 889 ποιότης
821 802 856 869 ἐν
885 797 983 890 οόσίᾳ
1010 803 1091 870 ἐστί.
1130 803 1216 869 κατὰ
1236 807 1339 870 τοῦτο
1361 801 1431 891 όόῆ

210 912 293 974 θεία
319 904 424 989 μονὰς
451 900 639 990 ἀδιαίρετος
667 895 752 970 οῦσα
774 903 937 983 σύνθετος
958 905 1157 992 φανήσεται,
1187 912 1371 993 τεμνομένη
1391 907 1432 985 εἷς

211 1001 327 1075 οῦσίαν
348 1006 405 1074 καὶ
426 1007 637 1095 συμβεβηκός.
675 1013 837 1074 πεαστίον
858 997 917 1074 οῦν
938 1011 1004 1073 τῶν
1026 1011 1223 1093 προπετῶν·
1245 1003 1265 1072 5
1288 1007 1362 1087 υόός
1381 1030 1431 1074 σο

211 1115 276 1198 φία
296 1111 350 1176 καὶ
373 1109 470 1195 λόγος
491 1109 653 1197 ἐκηρύχθη
675 1112 734 1175 τοῦ
755 1111 858 1175 θεοῦ·
881 1113 956 1187 πῶς
977 1115 1088 1176 τοίνυν
1110 1109 1222 1191 ἐστίνς
1259 1109 1291 1176 εἰ
1312 1106 1430 1192 μὲνός

157 1280 164 1291 ,
210 1210 360 1299 ποιότης,
385 1212 517 1300 ἐδείχθη
540 1212 579 1278 τό
601 1211 746 1291 ἄτοπον,
771 1211 801 1278 εί
823 1211 862 1278 55
883 1205 1072 1299 αῦτοσοφία
1094 1206 1112 1275 5
1134 1209 1236 1289 θεός,
1264 1209 1323 1280 καὶ
1344 1210 1381 1276 τὸ
1401 1211 1429 1277 ἐκ

209 1313 329 1380 τούτου
358 1311 487 1380 ότοπον
516 1313 644 1400 εἴρηται
671 1311 764 1399 παρὰ
784 1314 965 1400 Σαβελλίῳ.
1004 1307 1119 1379 οῦκοῦν
1148 1307 1194 1390 ὥς
1218 1317 1363 1399 γέννημα
1381 1339 1429 1377 κα·

210 1423 291 1502 ρίως
317 1415 354 1494 ἐξ
379 1410 480 1481 αὐτοῦ
508 1418 568 1481 τοῦ
596 1414 724 1500 πατρός
749 1413 894 1481 κατὰτὸ
915 1417 974 1481 τοῦ
997 1413 1110 1502 φωτός
1131 1409 1429 1498 παρόόειγμοι,ιός

209 1517 271 1604 γὰρ
294 1514 364 1584 ἀπὸ
385 1516 492 1602 πυρὸς
514 1520 601 1604 φῶς,
630 1513 737 1595 οῦτιας
759 1516 794 1583 ἐκ
815 1520 900 1583 θεοῦ
923 1516 1020 1602 λόγος
1042 1514 1118 1582 Ι’καὶ
1138 1522 1249 1603 σοφία
1272 1516 1308 1583 ἐκ
1330 1519 1427 1601 σοφοῦ

210 1619 265 1685 καὶ
293 1618 328 1686 ἐκ
354 1618 482 1704 πατρὸς
504 1618 583 1697 οίός.
620 1618 721 1706 ταύτῃ
744 1619 807 1704 γὰρ
828 1621 882 1685 καὶ
905 1615 924 1710 ἡ
947 1618 1051 1702 μονὰς
1073 1613 1265 1703 ἇόιαίρετος
1285 1616 1342 1684 καὶ
1363 1613 1427 1682 όλό

209 1722 328 1807 κληρος
354 1726 461 1804 μένει,
495 1722 549 1785 καὶ
578 1715 597 1785 5
623 1719 744 1807 ταύτης
771 1718 845 1798 υίὸς
874 1720 971 1806 λόγος
1003 1717 1061 1787 οῦκ
1090 1715 1247 1800 όνοόσιος
1282 1714 1359 1787 0555
1378 1713 1427 1837 051

123 1837 200 1881 1.·111
194 1818 371 1911 όφεστώς,
395 1817 464 1887 ἀλλ’
489 1817 653 1910 οῦσιώόης
674 1818 820 1910 όληθιῦς.
853 1822 935 1946 ,ἐπεὶ
957 1823 986 1890 εί
1006 1823 1050 1910 μὴ
1073 1846 1194 1889 τοῦτον
1206 1822 1275 1905 εχει
1288 1846 1348 1889 τον
1360 1844 1425 1905 τρο-

209 1948 285 2003 πον,
311 1924 361 2006 ε’ίη
384 1918 425 1990 όν
446 1923 567 2002 πάντα,
591 1923 613 1990 5
604 1923 858 2010 λίγεται,κατ
853 1919 934 1991 ’ἒπ
936 1931 1042 1991 ίνοιαν
1063 1949 1120 1990 και
1110 1918 1254 2002 ἁπλῶς
1268 1922 1424 2010 λεγόμενα.

209 2025 240 2094 σί
273 2026 308 2091 δὲ
341 2031 497 2113 φευκτέον
529 2025 568 2090 τὸ
600 2025 635 2092 ἐκ
661 2050 720 2148 της
747 2024 945 2104 1π1νοίας”
923 2048 1065 2104 ατοπον,
1100 2024 1166 2111 ῦρα
1188 2021 1321 2114 ἀληθὴς
1341 2024 1457 2110 λόγος’

208 2121 373 2213 οῦσιιόόης
394 2125 492 2194 ἐστίν.
531 2123 641 2213 ὥςπερ
663 2126 724 2213 γὰρ
747 2124 886 2214 ἀληθῶς
900 2127 1020 2213 πατήρ,
1045 2123 1151 2206 οὕτως
1165 2121 1308 2214 ἀληθῶς
1322 2133 1422 2214 σοφία.

105 2317 112 2325 β
208 2227 292 2295 κατὰ
319 2231 418 2294 τοῦτο
447 2218 505 2294 οῦν
527 2227 585 2294 όόο
607 2233 680 2313 μέν,
711 2225 765 2296 ότι
785 2228 831 2318 μὴ
851 2227 936 2294 κατὰ
956 2231 1137 2314 Σαβέλλιον
1161 2224 1180 2294 5
1202 2223 1305 2306 αῦτὸς
1326 2226 1423 2312 πατὴρ

208 2334 263 2396 καί
292 2329 378 2409 οἶός,
409 2327 494 2397 5555
522 2325 673 2417 όπατὴρ
695 2331 811 2452 πατὴρ
828 2329 886 2397 καὶ
908 2325 925 2395 5
948 2329 1020 2408 υἱός
1041 2329 1127 2409 υλός,
1152 2332 1186 2397 ἓν
1211 2331 1263 2408 δέ,
1289 2325 1344 2395 ότι
1363 2327 1423 2403 οἶός

120 2440 148 2467 ·’
207 2434 268 2520 τῆς
295 2427 370 2498 αόσί
371 2457 410 2511 ας
437 2435 496 2498 τοῦ
522 2430 651 2517 πατρός
672 2431 744 2498 ἐστι
766 2430 882 2519 φόσει,
913 2427 1040 2558 ὶόιος(
1022 2430 1179 2517 υπάρχων
1202 2430 1302 2516 λόγος
1323 2424 1420 2498 αότοῦ.

91 2531 94 2535 ’
208 2537 307 2600 τοῦτο
336 2529 354 2599 ό
381 2532 492 2618 κόριος
513 2532 679 2619 5555·ss
680 2532 728 2617 γὼ
748 2558 806 2599 και
795 2527 846 2599 5
868 2532 978 2618 πατὴρ
1001 2533 1035 2600 ἐν
1058 2532 1196 2616 ό.σμεν’)
1234 2531 1314 2600 οῦτε
1331 2523 1421 2618 755

208 2635 305 2722 λόγος
330 2634 526 2760 κεχώριρται
552 2637 612 2700 τοῦ
640 2628 782 2719 πατρός,
818 2632 933 2703 οῦτε
917 2658 936 2700 ο
957 2634 1068 2756 πατὴρ
1090 2632 1212 2720 ἄλογος
1233 2634 1373 2701 πώποτε
1390 2657 1420 2716 ην

207 2735 331 2824 ηέστι.
369 2740 423 2803 καὶ
446 2761 464 2801 ο
453 2731 583 2822 ζλόγος
603 2724 662 2802 οῦν
683 2734 780 2814 θεός,
800 2733 857 2802 καὶ
872 2731 891 2802 5
905 2735 1015 2859 πατὴρ
1031 2731 1090 2801 οῦκ
1104 2732 1241 2821 όλογος·
1266 2735 1419 2802 όιὰτοότο

207 2836 308 2924 όγώό
311 2866 327 2905 ν
349 2864 396 2925 τῳ
419 2840 521 2922 πατρὶ
545 2840 598 2903 καὶ
623 2832 640 2901 5
663 2836 773 2923 πατὴρ
796 2835 830 2904 όν
852 2836 1095 2932 ἓμολ’1ἐι’ρηκε.

120 3224 123 3231 7
292 3149 321 3209 3.
366 3145 435 3207 Καὶ
457 3141 560 3208 πόλιν
583 3136 601 3206 5
623 3139 772 3226 Χριστὸς
793 3141 890 3227 λόγος
910 3142 970 3206 τοῦ
992 3142 1075 3206 θεοῦ
1098 3138 1178 3206 ἐστι.
1217 3139 1359 3227 πότερον
1372 3127 1418 3204 οὖν

206 3237 263 3329 ἀφ’
289 3243 406 3308 ἑαυτοῦ
434 3239 561 3328 ὑπέστη
588 3241 645 3308 καὶ
672 3239 824 3321 ὑποστὰς
845 3241 1123 3328 προςκεκόλληται
1144 3243 1192 3327 τῷ
1216 3247 1337 3327 πατρί,
1368 3231 1417 3325 ἢό

205 3343 288 3421 θεὸς
310 3339 409 3409 αὐτὸν
433 3351 596 3430 πεποίηκε
616 3346 670 3409 καὶ
693 3338 881 3427 ‘55555555
905 3343 1022 3410 ἑαυτοῦ
1045 3342 1161 3428 λόγον,·
1199 3342 1306 3426 εἰμὲν
1322 3331 1374 3409 οῦν
1387 3337 1417 3404 τό

205 3448 355 3529 πρῶτον,
386 3446 469 3530 λέγω
498 3444 637 3532 όὴτόό
638 3448 729 3531 αυτιῦ
752 3442 899 3532 ·“όπίστη
920 3448 975 3510 καί
998 3443 1080 3521 θεός
1103 3443 1188 3522 ἐστι,
1221 3439 1345 3510 δόσαν
1366 3449 1417 3509 είεν

205 3540 388 3631 όρχαί,
352 3571 409 3612 οακ
442 3547 536 3613 ἔσται
568 3547 605 3611 55
633 3546 768 3625 εἰκότως
799 3543 876 3615 0555
902 3550 960 3612 τοῦ
983 3544 1112 3630 πατρὸς
1133 3545 1224 3623 ἲόιος
1246 3545 1305 3612 διὰ
1327 3543 1363 3611 τό
1380 3567 1416 3626 μη

185 3639 305 3723 ,αόῦοῦ
332 3652 391 3714 τοῦ
419 3648 548 3733 πατρὸς
576 3642 646 3713 ἀλλ’
678 3648 797 3715 ἑαυτοῦ
825 3644 927 3716 εἶναι·
962 3647 991 3714 εί
1020 3648 1056 3713 55
1085 3647 1212 3726 ἔξωθεν
1235 3653 1415 3733 πεποίηται,

204 3750 255 3836 εἰἠ
286 3746 326 3816 ἂν
352 3757 482 3833 κτίσμα.
519 3750 733 3837 λείπεταιόὴ
757 3746 914 3829 ἒξαότσῦ
936 3750 995 3815 τοῦ
1018 3751 1102 3816 θεοῦ
1125 3749 1231 3834 λέγειν
1254 3744 1361 3816 αῦτόν.
1393 3741 1417 3809 εί

203 3852 241 3917 55
263 3855 371 3931 τοῦτο,
395 3850 478 3917 ἄλλο
501 3844 541 3916 όν
564 3851 615 3938 εἴη
636 3851 676 3917 τὸ
699 3851 733 3918 ἔκ
754 3873 846 3930 τινος
866 3853 920 3919 καὶ
943 3848 1025 3918 ἄλλο
1047 3849 1086 3915 τό
1109 3849 1145 3929 ἐξ
1165 3838 1207 3915 05
1230 3849 1312 3916 ἐστι.
1348 3846 1416 3915 κατὰ

202 3956 301 4019 τοῦτο
334 3951 400 4039 ῦρα
433 3951 502 4018 550.
546 3951 576 4019 εί
604 3952 705 4040 δὲμὴ
729 3952 880 4040 όόοέῦη,
909 3947 978 4020 ἀλλ’
1004 3948 1062 4018 ἐπὶ
1084 3954 1142 4017 τοῦ
1166 3945 1269 4018 αι’ποῦ
1291 3952 1423 4036 λέγοιτο,

273 4144 381 4202 151051
404 4142 502 4202 1530.
574 4142 683 4201 111111.
704 4142 745 4203 14,
767 4143 805 4192 10.

235 4294 256 4326 a.
276 4279 332 4339 λος.
344 4280 454 4357 Seguer.
461 4277 532 4325 11αοί1.
553 4279 643 4332 Αος11σ.
658 4278 753 4327 Gobler.
766 4286 789 4326 οι
874 4277 897 4324 b.
917 4276 957 4324 Sic
976 4290 1033 4323 [σεο
1069 4276 1096 4323 ,11
1115 4275 1318 4325 ediliocommel.
1327 4266 1411 4320 καλόν

200 4346 339 4394 Ρι1ε1ιη1
359 4336 599 4423 ότισόφος1ε1ο],
620 4338 677 4397 υἱός
695 4339 724 4391 όὲ
743 4336 788 4392 ότε
840 4335 1146 4409 φίαίκπατρὸςυὶός.

201 4408 297 4491 σοφία
334 4413 380 4461 Alii
406 4421 429 4461 et
451 4414 509 4462 edili
535 4404 579 4459 ότι
602 4405 692 4476 σόφας
715 4408 785 4477 [sic],
875 4413 970 4470 ε.11ες.
991 4402 1301 4478 οῑὸεςαετ.ῦνόμαιιεν.

199 4472 258 4532 οἶός
275 4470 338 4528 όὲ“
324 4493 367 4528 οτι
384 4475 481 4546 σοφία.
873 4479 896 4528 d
915 4479 1258 4540 Ηες.601)1ετ.σιόι1ε1ο.
1279 4469 1407 4531 1.όιῐόίῐό
