<?xml version="1.0" encoding="UTF-8"?>
<!DOCTYPE html PUBLIC "-//W3C//DTD XHTML 1.0 Transitional//EN"
    "http://www.w3.org/TR/xhtml1/DTD/xhtml1-transitional.dtd">
<html xmlns="http://www.w3.org/1999/xhtml" xml:lang="en" lang="en">
 <head>
  <title>
</title>
<meta http-equiv="Content-Type" content="text/html;charset=utf-8" />
  <meta name='ocr-system' content='tesseract 3.04.00' />
  <meta name='ocr-capabilities' content='ocr_page ocr_carea ocr_par ocr_line ocrx_word'/>
</head>
<body>
  <div class='ocr_page' id='page_1' title='image "./sanctiathanasii02athagoog_0881.png"; bbox 0 0 2948 5092; ppageno 0'>
   <div class='ocr_carea' id='block_1_1' title="bbox 461 249 1287 342">
    <p class='ocr_par' dir='ltr' id='par_1_1' title="bbox 461 249 1287 342">
     <span class='ocr_line' id='line_1_1' title="bbox 461 249 1287 342; baseline 0.01 -39"><span class='ocrx_word' id='word_1_1' title='bbox 461 258 607 303; x_wconf 68' lang='lat' dir='ltr'>:narona</span> <span class='ocrx_word' id='word_1_2' title='bbox 623 261 655 303; x_wconf 90' lang='lat' dir='ltr'>u.</span> <span class='ocrx_word' id='word_1_3' title='bbox 678 261 714 303; x_wconf 78' lang='lat' dir='ltr'>ao</span> <span class='ocrx_word' id='word_1_4' title='bbox 736 258 932 342; x_wconf 72' lang='lat' dir='ltr'>tumetum.</span> <span class='ocrx_word' id='word_1_5' title='bbox 1228 249 1287 313; x_wconf 81' lang='lat'>761</span> 
     </span>
    </p>
   </div>
   <div class='ocr_carea' id='block_1_2' title="bbox 39 410 1407 3853">
    <p class='ocr_par' dir='ltr' id='par_1_2' title="bbox 58 410 1376 781">
     <span class='ocr_line' id='line_1_2' title="bbox 61 410 1376 495; baseline 0.001 -20"><span class='ocrx_word' id='word_1_6' title='bbox 61 423 147 495; x_wconf 77' lang='lat' dir='ltr'>grata</span> <span class='ocrx_word' id='word_1_7' title='bbox 170 422 200 476; x_wconf 94' lang='lat' dir='ltr'>et</span> <span class='ocrx_word' id='word_1_8' title='bbox 227 419 345 491; x_wconf 87' lang='lat' dir='ltr'>accepta</span> <span class='ocrx_word' id='word_1_9' title='bbox 374 410 413 471; x_wconf 84' lang='lat' dir='ltr'>eit</span> <span class='ocrx_word' id='word_1_10' title='bbox 434 410 604 473; x_wconf 86' lang='lat' dir='ltr'>huiusmodi</span> <span class='ocrx_word' id='word_1_11' title='bbox 627 411 792 483; x_wconf 81' lang='lat' dir='ltr'>confessio,</span> <span class='ocrx_word' id='word_1_12' title='bbox 823 411 909 472; x_wconf 86' lang='lat' dir='ltr'>sicuti</span> <span class='ocrx_word' id='word_1_13' title='bbox 939 412 1108 492; x_wconf 81' lang='lat' dir='ltr'>Scripturas</span> <span class='ocrx_word' id='word_1_14' title='bbox 1136 421 1376 477; x_wconf 68' lang='lat' dir='ltr'>erroneorum.</span> 
     </span>
     <span class='ocr_line' id='line_1_3' title="bbox 61 512 1290 596; baseline 0.001 -17"><span class='ocrx_word' id='word_1_15' title='bbox 61 519 167 596; x_wconf 83' lang='lat' dir='ltr'>ltaque</span> <span class='ocrx_word' id='word_1_16' title='bbox 190 533 256 575; x_wconf 90' lang='lat' dir='ltr'>cum</span> <span class='ocrx_word' id='word_1_17' title='bbox 280 532 314 573; x_wconf 85' lang='lat' dir='ltr'>ex</span> <span class='ocrx_word' id='word_1_18' title='bbox 337 512 436 573; x_wconf 89' lang='lat' dir='ltr'>multis</span> <span class='ocrx_word' id='word_1_19' title='bbox 459 513 624 574; x_wconf 86' lang='lat' dir='ltr'>rationibus</span> <span class='ocrx_word' id='word_1_20' title='bbox 647 520 709 573; x_wconf 93' lang='lat' dir='ltr'>tum</span> <span class='ocrx_word' id='word_1_21' title='bbox 732 532 766 573; x_wconf 84' lang='lat' dir='ltr'>ex</span> <span class='ocrx_word' id='word_1_22' title='bbox 798 512 863 574; x_wconf 86' lang='lat' dir='ltr'>istis</span> <span class='ocrx_word' id='word_1_23' title='bbox 891 513 1082 593; x_wconf 87' lang='lat' dir='ltr'>perspicuum</span> <span class='ocrx_word' id='word_1_24' title='bbox 1112 523 1142 576; x_wconf 87' lang='lat' dir='ltr'>et</span> <span class='ocrx_word' id='word_1_25' title='bbox 1170 516 1290 580; x_wconf 83' lang='lat' dir='ltr'>evidens</span> 
     </span>
     <span class='ocr_line' id='line_1_4' title="bbox 58 613 1376 694; baseline 0.002 -15"><span class='ocrx_word' id='word_1_26' title='bbox 58 627 121 689; x_wconf 84' lang='grc' dir='ltr'><strong>εει,</strong></span> <span class='ocrx_word' id='word_1_27' title='bbox 143 615 268 694; x_wconf 88' lang='lat' dir='ltr'>impium</span> <span class='ocrx_word' id='word_1_28' title='bbox 290 633 358 677; x_wconf 88' lang='lat' dir='ltr'>eum</span> <span class='ocrx_word' id='word_1_29' title='bbox 380 632 458 687; x_wconf 87' lang='lat' dir='ltr'>esse,</span> <span class='ocrx_word' id='word_1_30' title='bbox 482 613 658 693; x_wconf 78' lang='lat' dir='ltr'><strong>quicumque</strong></span> <span class='ocrx_word' id='word_1_31' title='bbox 672 614 725 676; x_wconf 85' lang='lat' dir='ltr'>Dei</span> <span class='ocrx_word' id='word_1_32' title='bbox 742 614 868 676; x_wconf 85' lang='lat' dir='ltr'><strong>Verbum</strong></span> <span class='ocrx_word' id='word_1_33' title='bbox 890 634 953 677; x_wconf 88' lang='lat' dir='ltr'>rem</span> <span class='ocrx_word' id='word_1_34' title='bbox 976 616 1102 679; x_wconf 87' lang='lat' dir='ltr'>creatam</span> <span class='ocrx_word' id='word_1_35' title='bbox 1124 635 1193 678; x_wconf 89' lang='lat' dir='ltr'>esso</span> <span class='ocrx_word' id='word_1_36' title='bbox 1214 632 1376 682; x_wconf 71' lang='lat' dir='ltr'>con-rou.</span> 
     </span>
     <span class='ocr_line' id='line_1_5' title="bbox 61 719 169 781; baseline -0.037 0"><span class='ocrx_word' id='word_1_37' title='bbox 61 719 169 781; x_wconf 90' lang='lat' dir='ltr'>tendit.</span> 
     </span>
    </p>

    <p class='ocr_par' dir='ltr' id='par_1_3' title="bbox 58 816 1393 2020">
     <span class='ocr_line' id='line_1_6' title="bbox 149 816 1291 886; baseline 0.003 -3"><span class='ocrx_word' id='word_1_38' title='bbox 149 824 179 883; x_wconf 82' lang='lat' dir='ltr'>t.</span> <span class='ocrx_word' id='word_1_39' title='bbox 224 819 332 880; x_wconf 80' lang='lat' dir='ltr'>Verum</span> <span class='ocrx_word' id='word_1_40' title='bbox 360 835 425 879; x_wconf 92' lang='lat' dir='ltr'>cum</span> <span class='ocrx_word' id='word_1_41' title='bbox 455 818 581 879; x_wconf 80' lang='lat' dir='ltr'>maxime</span> <span class='ocrx_word' id='word_1_42' title='bbox 604 816 650 879; x_wconf 88' lang='lat' dir='ltr'>his</span> <span class='ocrx_word' id='word_1_43' title='bbox 672 816 902 879; x_wconf 81' lang='lat' dir='ltr'>Proverbiorum</span> <span class='ocrx_word' id='word_1_44' title='bbox 924 818 1023 882; x_wconf 83' lang='lat' dir='ltr'>verbis</span> <span class='ocrx_word' id='word_1_45' title='bbox 1046 820 1098 881; x_wconf 89' lang='lat' dir='ltr'>uiti</span> <span class='ocrx_word' id='word_1_46' title='bbox 1122 821 1291 886; x_wconf 87' lang='lat' dir='ltr'>videantur:</span> 
     </span>
     <span class='ocr_line' id='line_1_7' title="bbox 60 922 1292 1003; baseline 0.001 -17"><span class='ocrx_word' id='word_1_47' title='bbox 60 923 213 986; x_wconf 76' lang='lat' dir='ltr'>Dominus</span> <span class='ocrx_word' id='word_1_48' title='bbox 238 924 352 982; x_wconf 82' lang='lat' dir='ltr'>creeoit</span> <span class='ocrx_word' id='word_1_49' title='bbox 372 938 418 981; x_wconf 76' lang='lat' dir='ltr'>me</span> <span class='ocrx_word' id='word_1_50' title='bbox 440 923 560 981; x_wconf 81' lang='lat' dir='ltr'>initium</span> <span class='ocrx_word' id='word_1_51' title='bbox 582 922 703 981; x_wconf 77' lang='lat' dir='ltr'>olerum</span> <span class='ocrx_word' id='word_1_52' title='bbox 725 939 853 982; x_wconf 79' lang='lat' dir='ltr'>errorum</span> <span class='ocrx_word' id='word_1_53' title='bbox 874 924 908 982; x_wconf 81' lang='lat' dir='ltr'>iu</span> <span class='ocrx_word' id='word_1_54' title='bbox 930 939 1025 1002; x_wconf 84' lang='lat' dir='ltr'>opero</span> <span class='ocrx_word' id='word_1_55' title='bbox 1045 942 1122 995; x_wconf 82' lang='lat' dir='ltr'>eun,</span> <span class='ocrx_word' id='word_1_56' title='bbox 1145 933 1233 1003; x_wconf 85' lang='lat' dir='ltr'>atque</span> <span class='ocrx_word' id='word_1_57' title='bbox 1254 925 1292 988; x_wconf 85' lang='lat' dir='ltr'>ad</span> 
     </span>
     <span class='ocr_line' id='line_1_8' title="bbox 61 1020 1290 1102; baseline 0.002 -15"><span class='ocrx_word' id='word_1_58' title='bbox 61 1026 146 1087; x_wconf 83' lang='lat' dir='ltr'>huuc</span> <span class='ocrx_word' id='word_1_59' title='bbox 166 1021 288 1084; x_wconf 90' lang='lat' dir='ltr'>modum</span> <span class='ocrx_word' id='word_1_60' title='bbox 310 1020 501 1083; x_wconf 89' lang='lat' dir='ltr'>concludant:</span> <span class='ocrx_word' id='word_1_61' title='bbox 525 1020 622 1093; x_wconf 84' lang='lat' dir='ltr'>„Eece</span> <span class='ocrx_word' id='word_1_62' title='bbox 643 1021 732 1099; x_wconf 72' lang='lat' dir='ltr'>igitur</span> <span class='ocrx_word' id='word_1_63' title='bbox 747 1021 865 1094; x_wconf 81' lang='lat' dir='ltr'>crearit,</span> <span class='ocrx_word' id='word_1_64' title='bbox 888 1041 922 1084; x_wconf 88' lang='lat' dir='ltr'>ac</span> <span class='ocrx_word' id='word_1_65' title='bbox 943 1023 1069 1102; x_wconf 82' lang='lat' dir='ltr'>proinde</span> <span class='ocrx_word' id='word_1_66' title='bbox 1083 1043 1133 1087; x_wconf 85' lang='lat' dir='ltr'>res</span> <span class='ocrx_word' id='word_1_67' title='bbox 1156 1034 1203 1087; x_wconf 90' lang='grc' dir='ltr'>εει</span> <span class='ocrx_word' id='word_1_68' title='bbox 1223 1045 1290 1090; x_wconf 83' lang='lat' dir='ltr'>cra·</span> 
     </span>
     <span class='ocr_line' id='line_1_9' title="bbox 60 1110 1374 1207; baseline 0.002 -19"><span class='ocrx_word' id='word_1_69' title='bbox 60 1132 188 1201; x_wconf 52' lang='lat' dir='ltr'>„etant</span> <span class='ocrx_word' id='word_1_70' title='bbox 215 1144 241 1185; x_wconf 94' lang='lat' dir='ltr'>e·</span> <span class='ocrx_word' id='word_1_71' title='bbox 261 1110 307 1185; x_wconf 59' lang='lat' dir='ltr'>re&#39;</span> <span class='ocrx_word' id='word_1_72' title='bbox 322 1142 393 1188; x_wconf 88' lang='lat' dir='ltr'>saue</span> <span class='ocrx_word' id='word_1_73' title='bbox 420 1122 508 1185; x_wconf 87' lang='lat' dir='ltr'>luerit</span> <span class='ocrx_word' id='word_1_74' title='bbox 530 1142 566 1185; x_wconf 84' lang='lat' dir='ltr'>ex</span> <span class='ocrx_word' id='word_1_75' title='bbox 588 1123 646 1185; x_wconf 90' lang='lat' dir='ltr'>hoo</span> <span class='ocrx_word' id='word_1_76' title='bbox 668 1123 755 1185; x_wconf 88' lang='lat' dir='ltr'>etiam</span> <span class='ocrx_word' id='word_1_77' title='bbox 778 1123 843 1186; x_wconf 89' lang='lat' dir='ltr'>loco</span> <span class='ocrx_word' id='word_1_78' title='bbox 873 1125 1049 1198; x_wconf 82' lang='lat' dir='ltr'>ostendere,</span> <span class='ocrx_word' id='word_1_79' title='bbox 1081 1135 1223 1207; x_wconf 82' lang='lat' dir='ltr'>quantum</span> <span class='ocrx_word' id='word_1_80' title='bbox 1249 1128 1291 1191; x_wconf 92' lang='lat' dir='ltr'>illi</span> <span class='ocrx_word' id='word_1_81' title='bbox 1360 1166 1374 1203; x_wconf 39' lang='grc' dir='ltr'>ᾗ</span> 
     </span>
     <span class='ocr_line' id='line_1_10' title="bbox 59 1224 1289 1304; baseline 0 -14"><span class='ocrx_word' id='word_1_82' title='bbox 59 1228 279 1290; x_wconf 73' lang='lat' dir='ltr'>hallucinantur</span> <span class='ocrx_word' id='word_1_83' title='bbox 301 1233 331 1286; x_wconf 91' lang='lat' dir='ltr'>et</span> <span class='ocrx_word' id='word_1_84' title='bbox 351 1244 368 1286; x_wconf 93' lang='lat' dir='ltr'>a</span> <span class='ocrx_word' id='word_1_85' title='bbox 390 1243 484 1304; x_wconf 86' lang='lat' dir='ltr'>scopo</span> <span class='ocrx_word' id='word_1_86' title='bbox 507 1224 622 1286; x_wconf 86' lang='lat' dir='ltr'>divinae</span> <span class='ocrx_word' id='word_1_87' title='bbox 637 1224 808 1304; x_wconf 77' lang='lat' dir='ltr'><strong>scripturae</strong></span> <span class='ocrx_word' id='word_1_88' title='bbox 831 1225 976 1287; x_wconf 86' lang='lat' dir='ltr'>aberrent.</span> <span class='ocrx_word' id='word_1_89' title='bbox 1021 1227 1179 1290; x_wconf 81' lang='lat' dir='ltr'>Enimuero</span> <span class='ocrx_word' id='word_1_90' title='bbox 1196 1229 1223 1289; x_wconf 87' lang='lat' dir='ltr'>si</span> <span class='ocrx_word' id='word_1_91' title='bbox 1237 1229 1289 1292; x_wconf 82' lang='lat' dir='ltr'>Fi-</span> 
     </span>
     <span class='ocr_line' id='line_1_11' title="bbox 61 1326 1289 1410; baseline 0.001 -17"><span class='ocrx_word' id='word_1_92' title='bbox 61 1331 121 1393; x_wconf 79' lang='lat' dir='ltr'>lius</span> <span class='ocrx_word' id='word_1_93' title='bbox 145 1337 209 1401; x_wconf 86' lang='lat' dir='ltr'>est,</span> <span class='ocrx_word' id='word_1_94' title='bbox 231 1347 281 1389; x_wconf 91' lang='lat' dir='ltr'>res</span> <span class='ocrx_word' id='word_1_95' title='bbox 305 1335 399 1389; x_wconf 88' lang='lat' dir='ltr'>creata</span> <span class='ocrx_word' id='word_1_96' title='bbox 422 1346 460 1388; x_wconf 91' lang='lat' dir='ltr'>ne</span> <span class='ocrx_word' id='word_1_97' title='bbox 482 1327 614 1399; x_wconf 66' lang='lat' dir='ltr'>dicatum</span> <span class='ocrx_word' id='word_1_98' title='bbox 635 1326 690 1389; x_wconf 88' lang='lat' dir='ltr'>sed</span> <span class='ocrx_word' id='word_1_99' title='bbox 712 1327 738 1387; x_wconf 86' lang='lat' dir='ltr'>si</span> <span class='ocrx_word' id='word_1_100' title='bbox 760 1346 810 1388; x_wconf 86' lang='lat' dir='ltr'>ree</span> <span class='ocrx_word' id='word_1_101' title='bbox 834 1337 1014 1402; x_wconf 79' lang='lat' dir='ltr'>astercum,</span> <span class='ocrx_word' id='word_1_102' title='bbox 1036 1329 1128 1392; x_wconf 83' lang='lat' dir='ltr'>Filius</span> <span class='ocrx_word' id='word_1_103' title='bbox 1150 1350 1211 1393; x_wconf 93' lang='lat' dir='ltr'>uon</span> <span class='ocrx_word' id='word_1_104' title='bbox 1234 1350 1289 1410; x_wconf 87' lang='lat' dir='ltr'>ap-</span> 
     </span>
     <span class='ocr_line' id='line_1_12' title="bbox 59 1420 1393 1514; baseline 0.002 -22"><span class='ocrx_word' id='word_1_105' title='bbox 59 1432 198 1514; x_wconf 85' lang='lat' dir='ltr'>pelletur.</span> <span class='ocrx_word' id='word_1_106' title='bbox 242 1430 374 1509; x_wconf 84' lang='lat' dir='ltr'>Namque</span> <span class='ocrx_word' id='word_1_107' title='bbox 397 1447 486 1508; x_wconf 92' lang='lat' dir='ltr'>supra</span> <span class='ocrx_word' id='word_1_108' title='bbox 509 1429 665 1508; x_wconf 90' lang='lat' dir='ltr'>probatum</span> <span class='ocrx_word' id='word_1_109' title='bbox 688 1438 748 1500; x_wconf 86' lang='lat' dir='ltr'>est,</span> <span class='ocrx_word' id='word_1_110' title='bbox 779 1439 919 1509; x_wconf 86' lang='lat' dir='ltr'>quantum</span> <span class='ocrx_word' id='word_1_111' title='bbox 949 1440 1029 1493; x_wconf 88' lang='lat' dir='ltr'>esset</span> <span class='ocrx_word' id='word_1_112' title='bbox 1057 1431 1102 1493; x_wconf 89' lang='lat' dir='ltr'>rei</span> <span class='ocrx_word' id='word_1_113' title='bbox 1124 1442 1240 1495; x_wconf 86' lang='lat' dir='ltr'>creatae</span> <span class='ocrx_word' id='word_1_114' title='bbox 1261 1440 1291 1494; x_wconf 89' lang='lat' dir='ltr'>et</span> <span class='ocrx_word' id='word_1_115' title='bbox 1388 1420 1393 1427; x_wconf 59' lang='grc'><strong>’</strong></span> 
     </span>
     <span class='ocr_line' id='line_1_13' title="bbox 58 1531 1292 1611; baseline 0.001 -13"><span class='ocrx_word' id='word_1_116' title='bbox 58 1534 129 1597; x_wconf 83' lang='lat' dir='ltr'>Filii</span> <span class='ocrx_word' id='word_1_117' title='bbox 151 1531 321 1597; x_wconf 86' lang='lat' dir='ltr'>discrimen.</span> <span class='ocrx_word' id='word_1_118' title='bbox 365 1531 478 1593; x_wconf 79' lang='lat' dir='ltr'>Deinde</span> <span class='ocrx_word' id='word_1_119' title='bbox 500 1550 565 1592; x_wconf 89' lang='lat' dir='ltr'>cum</span> <span class='ocrx_word' id='word_1_120' title='bbox 589 1531 714 1593; x_wconf 91' lang='lat' dir='ltr'>initiatio</span> <span class='ocrx_word' id='word_1_121' title='bbox 737 1532 799 1593; x_wconf 86' lang='lat' dir='ltr'>sive</span> <span class='ocrx_word' id='word_1_122' title='bbox 821 1532 990 1611; x_wconf 83' lang='lat' dir='ltr'>Baptismus</span> <span class='ocrx_word' id='word_1_123' title='bbox 1019 1552 1081 1595; x_wconf 91' lang='lat' dir='ltr'>non</span> <span class='ocrx_word' id='word_1_124' title='bbox 1108 1535 1137 1594; x_wconf 92' lang='lat' dir='ltr'>in</span> <span class='ocrx_word' id='word_1_125' title='bbox 1169 1536 1292 1601; x_wconf 80' lang='lat' dir='ltr'>nomine</span> 
     </span>
     <span class='ocr_line' id='line_1_14' title="bbox 58 1629 1290 1716; baseline 0 -16"><span class='ocrx_word' id='word_1_126' title='bbox 58 1635 207 1701; x_wconf 71' lang='lat' dir='ltr'>mentoris</span> <span class='ocrx_word' id='word_1_127' title='bbox 229 1642 260 1695; x_wconf 89' lang='lat' dir='ltr'>et</span> <span class='ocrx_word' id='word_1_128' title='bbox 280 1633 323 1695; x_wconf 91' lang='lat' dir='ltr'>rei</span> <span class='ocrx_word' id='word_1_129' title='bbox 347 1641 478 1705; x_wconf 82' lang='lat' dir='ltr'>creatae,</span> <span class='ocrx_word' id='word_1_130' title='bbox 511 1633 564 1694; x_wconf 90' lang='lat' dir='ltr'>sed</span> <span class='ocrx_word' id='word_1_131' title='bbox 587 1634 617 1694; x_wconf 92' lang='lat' dir='ltr'>in</span> <span class='ocrx_word' id='word_1_132' title='bbox 639 1634 760 1695; x_wconf 90' lang='lat' dir='ltr'>nomine</span> <span class='ocrx_word' id='word_1_133' title='bbox 782 1629 878 1696; x_wconf 82' lang='lat' dir='ltr'>Patris</span> <span class='ocrx_word' id='word_1_134' title='bbox 901 1643 932 1696; x_wconf 92' lang='lat' dir='ltr'>et</span> <span class='ocrx_word' id='word_1_135' title='bbox 951 1635 1016 1696; x_wconf 82' lang='lat' dir='ltr'>Filii</span> <span class='ocrx_word' id='word_1_136' title='bbox 1039 1637 1204 1716; x_wconf 85' lang='lat' dir='ltr'>perficitur,</span> <span class='ocrx_word' id='word_1_137' title='bbox 1233 1655 1290 1700; x_wconf 90' lang='lat' dir='ltr'>ne-</span> 
     </span>
     <span class='ocr_line' id='line_1_15' title="bbox 60 1736 1290 1817; baseline -0.001 -17"><span class='ocrx_word' id='word_1_138' title='bbox 60 1757 150 1801; x_wconf 84' lang='lat' dir='ltr'>ceese</span> <span class='ocrx_word' id='word_1_139' title='bbox 172 1744 218 1797; x_wconf 90' lang='lat' dir='ltr'>est</span> <span class='ocrx_word' id='word_1_140' title='bbox 239 1736 398 1796; x_wconf 86' lang='lat' dir='ltr'>Dominum</span> <span class='ocrx_word' id='word_1_141' title='bbox 421 1753 480 1796; x_wconf 92' lang='lat' dir='ltr'>non</span> <span class='ocrx_word' id='word_1_142' title='bbox 504 1753 566 1796; x_wconf 90' lang='lat' dir='ltr'>rem</span> <span class='ocrx_word' id='word_1_143' title='bbox 589 1744 716 1797; x_wconf 89' lang='lat' dir='ltr'>croatam</span> <span class='ocrx_word' id='word_1_144' title='bbox 741 1736 793 1796; x_wconf 91' lang='lat' dir='ltr'>sed</span> <span class='ocrx_word' id='word_1_145' title='bbox 816 1736 921 1798; x_wconf 84' lang='lat' dir='ltr'>Filium</span> <span class='ocrx_word' id='word_1_146' title='bbox 944 1738 1054 1799; x_wconf 84' lang='lat' dir='ltr'>uocari.</span> <span class='ocrx_word' id='word_1_147' title='bbox 1099 1739 1167 1811; x_wconf 71' lang='lat' dir='ltr'>„ht</span> <span class='ocrx_word' id='word_1_148' title='bbox 1190 1738 1290 1817; x_wconf 89' lang='lat' dir='ltr'>inqui·</span> 
     </span>
     <span class='ocr_line' id='line_1_16' title="bbox 59 1835 1291 1917; baseline 0 -16"><span class='ocrx_word' id='word_1_149' title='bbox 59 1847 155 1916; x_wconf 69' lang='lat' dir='ltr'>„unt</span> <span class='ocrx_word' id='word_1_150' title='bbox 177 1857 215 1899; x_wconf 90' lang='lat' dir='ltr'>an</span> <span class='ocrx_word' id='word_1_151' title='bbox 237 1855 297 1898; x_wconf 91' lang='lat' dir='ltr'>uon</span> <span class='ocrx_word' id='word_1_152' title='bbox 321 1837 350 1897; x_wconf 94' lang='lat' dir='ltr'>id</span> <span class='ocrx_word' id='word_1_153' title='bbox 373 1836 517 1915; x_wconf 87' lang='lat' dir='ltr'>scripturn</span> <span class='ocrx_word' id='word_1_154' title='bbox 541 1835 637 1898; x_wconf 75' lang='lat' dir='ltr'>estl“</span> <span class='ocrx_word' id='word_1_155' title='bbox 681 1837 724 1898; x_wconf 87' lang='lat' dir='ltr'>lta</span> <span class='ocrx_word' id='word_1_156' title='bbox 747 1856 818 1899; x_wconf 86' lang='lat' dir='ltr'>sane</span> <span class='ocrx_word' id='word_1_157' title='bbox 842 1837 984 1917; x_wconf 90' lang='lat' dir='ltr'>scriptum</span> <span class='ocrx_word' id='word_1_158' title='bbox 1007 1848 1054 1901; x_wconf 96' lang='grc' dir='ltr'>εει</span> <span class='ocrx_word' id='word_1_159' title='bbox 1076 1847 1105 1900; x_wconf 85' lang='grc' dir='ltr'>ει</span> <span class='ocrx_word' id='word_1_160' title='bbox 1119 1839 1291 1901; x_wconf 85' lang='lat' dir='ltr'>necessario</span> 
     </span>
     <span class='ocr_line' id='line_1_17' title="bbox 59 1937 1290 2020; baseline 0 -18"><span class='ocrx_word' id='word_1_161' title='bbox 59 1942 191 2014; x_wconf 74' lang='lat' dir='ltr'>dictum3</span> <span class='ocrx_word' id='word_1_162' title='bbox 224 1940 277 2000; x_wconf 92' lang='lat' dir='ltr'>sed</span> <span class='ocrx_word' id='word_1_163' title='bbox 298 1937 435 2000; x_wconf 88' lang='lat' dir='ltr'>baeretici</span> <span class='ocrx_word' id='word_1_164' title='bbox 459 1938 538 2017; x_wconf 89' lang='lat' dir='ltr'>quod</span> <span class='ocrx_word' id='word_1_165' title='bbox 560 1938 637 2001; x_wconf 91' lang='lat' dir='ltr'>bene</span> <span class='ocrx_word' id='word_1_166' title='bbox 659 1939 769 2000; x_wconf 90' lang='lat' dir='ltr'>dictum</span> <span class='ocrx_word' id='word_1_167' title='bbox 793 1949 839 2001; x_wconf 88' lang='grc' dir='ltr'>εει</span> <span class='ocrx_word' id='word_1_168' title='bbox 860 1940 935 2001; x_wconf 88' lang='lat' dir='ltr'>male</span> <span class='ocrx_word' id='word_1_169' title='bbox 957 1942 1092 2020; x_wconf 87' lang='lat' dir='ltr'>prolecto</span> <span class='ocrx_word' id='word_1_170' title='bbox 1115 1940 1290 2019; x_wconf 82' lang='lat' dir='ltr'>intelligunt.</span> 
     </span>
    </p>

    <p class='ocr_par' dir='ltr' id='par_1_4' title="bbox 39 2040 1407 2836">
     <span class='ocr_line' id='line_1_18' title="bbox 58 2040 1290 2122; baseline 0.001 -17"><span class='ocrx_word' id='word_1_171' title='bbox 58 2043 93 2105; x_wconf 89' lang='lat' dir='ltr'>Si</span> <span class='ocrx_word' id='word_1_172' title='bbox 122 2041 202 2103; x_wconf 89' lang='lat' dir='ltr'>enirn</span> <span class='ocrx_word' id='word_1_173' title='bbox 226 2040 442 2102; x_wconf 80' lang='lat' dir='ltr'>Christianismi</span> <span class='ocrx_word' id='word_1_174' title='bbox 471 2042 594 2102; x_wconf 84' lang='lat' dir='ltr'>sormam</span> <span class='ocrx_word' id='word_1_175' title='bbox 618 2050 648 2102; x_wconf 88' lang='lat' dir='ltr'>et</span> <span class='ocrx_word' id='word_1_176' title='bbox 675 2041 875 2103; x_wconf 85' lang='lat' dir='ltr'>characterem</span> <span class='ocrx_word' id='word_1_177' title='bbox 902 2041 1100 2121; x_wconf 77' lang='lat' dir='ltr'>intelligerent</span> <span class='ocrx_word' id='word_1_178' title='bbox 1126 2061 1290 2122; x_wconf 77' lang='lat' dir='ltr'>cognosce·</span> 
     </span>
     <span class='ocr_line' id='line_1_19' title="bbox 59 2141 1292 2223; baseline -0.001 -16"><span class='ocrx_word' id='word_1_179' title='bbox 59 2153 176 2216; x_wconf 84' lang='lat' dir='ltr'>rcutre,</span> <span class='ocrx_word' id='word_1_180' title='bbox 199 2141 356 2203; x_wconf 86' lang='lat' dir='ltr'>Dominum</span> <span class='ocrx_word' id='word_1_181' title='bbox 379 2142 490 2219; x_wconf 80' lang='lat' dir='ltr'>gloriae</span> <span class='ocrx_word' id='word_1_182' title='bbox 512 2160 574 2202; x_wconf 87' lang='lat' dir='ltr'>rem</span> <span class='ocrx_word' id='word_1_183' title='bbox 597 2150 724 2203; x_wconf 86' lang='lat' dir='ltr'>creatam</span> <span class='ocrx_word' id='word_1_184' title='bbox 748 2162 814 2203; x_wconf 88' lang='lat' dir='ltr'>esse</span> <span class='ocrx_word' id='word_1_185' title='bbox 830 2162 1014 2223; x_wconf 87' lang='lat' dir='ltr'>nequaquam</span> <span class='ocrx_word' id='word_1_186' title='bbox 1030 2144 1172 2214; x_wconf 80' lang='lat' dir='ltr'>dicerent,</span> <span class='ocrx_word' id='word_1_187' title='bbox 1195 2162 1292 2223; x_wconf 84' lang='lat' dir='ltr'>neque</span> 
     </span>
     <span class='ocr_line' id='line_1_20' title="bbox 59 2243 1294 2327; baseline 0.002 -19"><span class='ocrx_word' id='word_1_188' title='bbox 59 2246 142 2327; x_wconf 86' lang='lat' dir='ltr'>quod</span> <span class='ocrx_word' id='word_1_189' title='bbox 164 2254 246 2306; x_wconf 90' lang='lat' dir='ltr'>recte</span> <span class='ocrx_word' id='word_1_190' title='bbox 268 2244 411 2322; x_wconf 88' lang='lat' dir='ltr'>scripturn</span> <span class='ocrx_word' id='word_1_191' title='bbox 435 2243 561 2304; x_wconf 81' lang='lat' dir='ltr'>estillic</span> <span class='ocrx_word' id='word_1_192' title='bbox 584 2243 678 2304; x_wconf 87' lang='lat' dir='ltr'>instar</span> <span class='ocrx_word' id='word_1_193' title='bbox 701 2245 815 2322; x_wconf 83' lang='lat' dir='ltr'>scopuli</span> <span class='ocrx_word' id='word_1_194' title='bbox 832 2256 920 2306; x_wconf 91' lang='lat' dir='ltr'>esset.</span> <span class='ocrx_word' id='word_1_195' title='bbox 959 2245 995 2306; x_wconf 87' lang='lat' dir='ltr'>Hi</span> <span class='ocrx_word' id='word_1_196' title='bbox 1014 2246 1103 2323; x_wconf 79' lang='lat' dir='ltr'>igitur</span> <span class='ocrx_word' id='word_1_197' title='bbox 1117 2251 1294 2311; x_wconf 70' lang='lat' dir='ltr'>ensuerunt</span> 
     </span>
     <span class='ocr_line' id='line_1_21' title="bbox 60 2344 1293 2430; baseline 0.001 -21"><span class='ocrx_word' id='word_1_198' title='bbox 60 2367 157 2430; x_wconf 76' lang='lat' dir='ltr'>nepae</span> <span class='ocrx_word' id='word_1_199' title='bbox 179 2346 408 2415; x_wconf 76' lang='lat' dir='ltr'>intellexeramt,</span> <span class='ocrx_word' id='word_1_200' title='bbox 431 2363 517 2422; x_wconf 86' lang='lat' dir='ltr'>quam</span> <span class='ocrx_word' id='word_1_201' title='bbox 541 2345 580 2405; x_wconf 94' lang='lat' dir='ltr'>ob</span> <span class='ocrx_word' id='word_1_202' title='bbox 602 2363 677 2415; x_wconf 84' lang='lat' dir='ltr'>rem,</span> <span class='ocrx_word' id='word_1_203' title='bbox 701 2344 743 2404; x_wconf 92' lang='lat' dir='ltr'>uti</span> <span class='ocrx_word' id='word_1_204' title='bbox 767 2348 909 2425; x_wconf 92' lang='lat' dir='ltr'>scriptum</span> <span class='ocrx_word' id='word_1_205' title='bbox 933 2355 994 2420; x_wconf 88' lang='grc' dir='ltr'><strong>εει,</strong></span> <span class='ocrx_word' id='word_1_206' title='bbox 1018 2353 1049 2409; x_wconf 82' lang='lat' dir='ltr'>iu</span> <span class='ocrx_word' id='word_1_207' title='bbox 1072 2349 1203 2411; x_wconf 79' lang='lat' dir='ltr'>tenebris</span> <span class='ocrx_word' id='word_1_208' title='bbox 1226 2366 1293 2410; x_wconf 86' lang='lat' dir='ltr'>om-</span> 
     </span>
     <span class='ocr_line' id='line_1_22' title="bbox 39 2445 1407 2526; baseline -0.001 -14"><span class='ocrx_word' id='word_1_209' title='bbox 39 2451 181 2516; x_wconf 67' lang='grc' dir='ltr'>Δὑειιιιεει.</span> <span class='ocrx_word' id='word_1_210' title='bbox 225 2449 431 2509; x_wconf 79' lang='lat' dir='ltr'>Verumtamen</span> <span class='ocrx_word' id='word_1_211' title='bbox 454 2466 517 2507; x_wconf 89' lang='lat' dir='ltr'>rem</span> <span class='ocrx_word' id='word_1_212' title='bbox 541 2445 685 2526; x_wconf 85' lang='lat' dir='ltr'>explicare</span> <span class='ocrx_word' id='word_1_213' title='bbox 707 2465 832 2507; x_wconf 87' lang='lat' dir='ltr'>neeesse</span> <span class='ocrx_word' id='word_1_214' title='bbox 855 2455 910 2519; x_wconf 86' lang='lat' dir='ltr'>est,</span> <span class='ocrx_word' id='word_1_215' title='bbox 934 2467 999 2509; x_wconf 89' lang='lat' dir='ltr'>cum</span> <span class='ocrx_word' id='word_1_216' title='bbox 1023 2457 1055 2509; x_wconf 94' lang='lat' dir='ltr'>ut</span> <span class='ocrx_word' id='word_1_217' title='bbox 1075 2447 1115 2508; x_wconf 92' lang='lat' dir='ltr'>illi</span> <span class='ocrx_word' id='word_1_218' title='bbox 1131 2448 1220 2511; x_wconf 86' lang='lat' dir='ltr'>etiam</span> <span class='ocrx_word' id='word_1_219' title='bbox 1235 2448 1294 2511; x_wconf 87' lang='lat' dir='ltr'>boc</span> <span class='ocrx_word' id='word_1_220' title='bbox 1399 2463 1407 2479; x_wconf 93' lang='lat'><strong>·</strong></span> 
     </span>
     <span class='ocr_line' id='line_1_23' title="bbox 59 2541 1293 2628; baseline -0.002 -13"><span class='ocrx_word' id='word_1_221' title='bbox 59 2555 90 2615; x_wconf 92' lang='lat' dir='ltr'>in</span> <span class='ocrx_word' id='word_1_222' title='bbox 114 2553 183 2612; x_wconf 90' lang='lat' dir='ltr'>loco</span> <span class='ocrx_word' id='word_1_223' title='bbox 205 2549 342 2628; x_wconf 86' lang='lat' dir='ltr'>desipere</span> <span class='ocrx_word' id='word_1_224' title='bbox 364 2541 591 2620; x_wconf 80' lang='lat' dir='ltr'>convincantur,</span> <span class='ocrx_word' id='word_1_225' title='bbox 621 2559 682 2610; x_wconf 90' lang='lat' dir='ltr'>tum</span> <span class='ocrx_word' id='word_1_226' title='bbox 712 2567 749 2609; x_wconf 90' lang='lat' dir='ltr'>ne</span> <span class='ocrx_word' id='word_1_227' title='bbox 777 2567 832 2610; x_wconf 92' lang='lat' dir='ltr'>nos</span> <span class='ocrx_word' id='word_1_228' title='bbox 861 2549 917 2627; x_wconf 91' lang='lat' dir='ltr'>ipsi</span> <span class='ocrx_word' id='word_1_229' title='bbox 942 2551 1150 2610; x_wconf 80' lang='lat' dir='ltr'>refutationem</span> <span class='ocrx_word' id='word_1_230' title='bbox 1173 2548 1293 2613; x_wconf 87' lang='lat' dir='ltr'>illorum</span> 
     </span>
     <span class='ocr_line' id='line_1_24' title="bbox 60 2649 1295 2734; baseline -0.002 -18"><span class='ocrx_word' id='word_1_231' title='bbox 60 2654 223 2734; x_wconf 86' lang='lat' dir='ltr'>impietatis</span> <span class='ocrx_word' id='word_1_232' title='bbox 246 2651 487 2731; x_wconf 81' lang='lat' dir='ltr'>praetermisisse</span> <span class='ocrx_word' id='word_1_233' title='bbox 515 2651 683 2723; x_wconf 86' lang='lat' dir='ltr'>videamur,</span> <span class='ocrx_word' id='word_1_234' title='bbox 714 2669 747 2711; x_wconf 86' lang='lat' dir='ltr'>ac</span> <span class='ocrx_word' id='word_1_235' title='bbox 768 2650 896 2729; x_wconf 86' lang='lat' dir='ltr'>denique</span> <span class='ocrx_word' id='word_1_236' title='bbox 919 2652 1046 2711; x_wconf 84' lang='lat' dir='ltr'>sortasse</span> <span class='ocrx_word' id='word_1_237' title='bbox 1069 2659 1101 2711; x_wconf 94' lang='lat' dir='ltr'>ut</span> <span class='ocrx_word' id='word_1_238' title='bbox 1121 2650 1211 2712; x_wconf 88' lang='lat' dir='ltr'>iidem</span> <span class='ocrx_word' id='word_1_239' title='bbox 1234 2649 1295 2730; x_wconf 81' lang='lat' dir='ltr'>ipsi</span> 
     </span>
     <span class='ocr_line' id='line_1_25' title="bbox 60 2752 1293 2836; baseline 0 -19"><span class='ocrx_word' id='word_1_240' title='bbox 60 2775 181 2836; x_wconf 85' lang='lat' dir='ltr'>qunque</span> <span class='ocrx_word' id='word_1_241' title='bbox 205 2754 392 2832; x_wconf 86' lang='lat' dir='ltr'>resipiscant.</span> <span class='ocrx_word' id='word_1_242' title='bbox 436 2753 465 2814; x_wconf 91' lang='grc' dir='ltr'>Ιε</span> <span class='ocrx_word' id='word_1_243' title='bbox 488 2762 535 2815; x_wconf 89' lang='grc' dir='ltr'>εει</span> <span class='ocrx_word' id='word_1_244' title='bbox 558 2753 655 2831; x_wconf 85' lang='lat' dir='ltr'>itaque</span> <span class='ocrx_word' id='word_1_245' title='bbox 677 2752 860 2813; x_wconf 83' lang='lat' dir='ltr'>Christianae</span> <span class='ocrx_word' id='word_1_246' title='bbox 889 2752 957 2813; x_wconf 83' lang='lat' dir='ltr'>fidei</span> <span class='ocrx_word' id='word_1_247' title='bbox 990 2753 1157 2826; x_wconf 85' lang='lat' dir='ltr'>character,</span> <span class='ocrx_word' id='word_1_248' title='bbox 1186 2752 1293 2817; x_wconf 86' lang='lat' dir='ltr'>Filium</span> 
     </span>
    </p>

    <p class='ocr_par' dir='ltr' id='par_1_5' title="bbox 60 2854 1293 2936">
     <span class='ocr_line' id='line_1_26' title="bbox 60 2854 1293 2936; baseline -0.002 -15"><span class='ocrx_word' id='word_1_249' title='bbox 60 2859 132 2928; x_wconf 84' lang='lat' dir='ltr'>Ilei,</span> <span class='ocrx_word' id='word_1_250' title='bbox 162 2858 212 2936; x_wconf 84' lang='lat' dir='ltr'>qui</span> <span class='ocrx_word' id='word_1_251' title='bbox 236 2856 362 2917; x_wconf 85' lang='lat' dir='ltr'>Verbum</span> <span class='ocrx_word' id='word_1_252' title='bbox 384 2856 464 2916; x_wconf 87' lang='lat' dir='ltr'>Deus</span> <span class='ocrx_word' id='word_1_253' title='bbox 493 2866 540 2916; x_wconf 88' lang='lat' dir='ltr'>est</span> <span class='ocrx_word' id='word_1_254' title='bbox 567 2858 647 2928; x_wconf 88' lang='lat' dir='ltr'>(nam</span> <span class='ocrx_word' id='word_1_255' title='bbox 677 2860 709 2917; x_wconf 87' lang='lat' dir='ltr'>in</span> <span class='ocrx_word' id='word_1_256' title='bbox 728 2858 881 2935; x_wconf 84' lang='lat' dir='ltr'>principio</span> <span class='ocrx_word' id='word_1_257' title='bbox 912 2868 978 2918; x_wconf 82' lang='lat' dir='ltr'>erat</span> <span class='ocrx_word' id='word_1_258' title='bbox 1006 2854 1130 2916; x_wconf 87' lang='lat' dir='ltr'>Verbum</span> <span class='ocrx_word' id='word_1_259' title='bbox 1159 2868 1188 2920; x_wconf 87' lang='lat' dir='ltr'>et</span> <span class='ocrx_word' id='word_1_260' title='bbox 1210 2855 1293 2919; x_wconf 75' lang='lat' dir='ltr'>Deus</span> 
     </span>
    </p>

    <p class='ocr_par' dir='ltr' id='par_1_6' title="bbox 59 2956 1395 3749">
     <span class='ocr_line' id='line_1_27' title="bbox 61 2956 1296 3037; baseline -0.003 -13"><span class='ocrx_word' id='word_1_261' title='bbox 61 2971 130 3024; x_wconf 83' lang='lat' dir='ltr'>eret</span> <span class='ocrx_word' id='word_1_262' title='bbox 158 2958 311 3035; x_wconf 86' lang='lat' dir='ltr'>Verbum),</span> <span class='ocrx_word' id='word_1_263' title='bbox 340 2957 390 3037; x_wconf 92' lang='lat' dir='ltr'>qui</span> <span class='ocrx_word' id='word_1_264' title='bbox 418 2957 562 3036; x_wconf 88' lang='lat' dir='ltr'>sapientia</span> <span class='ocrx_word' id='word_1_265' title='bbox 591 2966 620 3018; x_wconf 93' lang='lat' dir='ltr'>et</span> <span class='ocrx_word' id='word_1_266' title='bbox 647 2956 739 3017; x_wconf 85' lang='lat' dir='ltr'>virtus</span> <span class='ocrx_word' id='word_1_267' title='bbox 762 2957 859 3017; x_wconf 85' lang='lat' dir='ltr'>Patris</span> <span class='ocrx_word' id='word_1_268' title='bbox 887 2964 935 3017; x_wconf 87' lang='grc' dir='ltr'>εει</span> <span class='ocrx_word' id='word_1_269' title='bbox 963 2956 1112 3028; x_wconf 80' lang='lat' dir='ltr'>(Christus</span> <span class='ocrx_word' id='word_1_270' title='bbox 1134 2957 1214 3018; x_wconf 91' lang='lat' dir='ltr'>enim</span> <span class='ocrx_word' id='word_1_271' title='bbox 1235 2957 1296 3020; x_wconf 79' lang='lat' dir='ltr'>Dal</span> 
     </span>
     <span class='ocr_line' id='line_1_28' title="bbox 59 3057 1293 3140; baseline -0.002 -17"><span class='ocrx_word' id='word_1_272' title='bbox 59 3067 164 3124; x_wconf 83' lang='lat' dir='ltr'>uirtus</span> <span class='ocrx_word' id='word_1_273' title='bbox 188 3073 217 3122; x_wconf 88' lang='grc' dir='ltr'>ει</span> <span class='ocrx_word' id='word_1_274' title='bbox 240 3060 297 3121; x_wconf 78' lang='lat' dir='ltr'>bet</span> <span class='ocrx_word' id='word_1_275' title='bbox 317 3064 488 3140; x_wconf 78' lang='lat' dir='ltr'>sapientia),</span> <span class='ocrx_word' id='word_1_276' title='bbox 512 3060 542 3120; x_wconf 94' lang='lat' dir='ltr'>iu</span> <span class='ocrx_word' id='word_1_277' title='bbox 565 3060 623 3119; x_wconf 87' lang='lat' dir='ltr'>hue</span> <span class='ocrx_word' id='word_1_278' title='bbox 646 3057 832 3119; x_wconf 90' lang='lat' dir='ltr'>saeculorum</span> <span class='ocrx_word' id='word_1_279' title='bbox 854 3058 1005 3120; x_wconf 90' lang='lat' dir='ltr'>bominem</span> <span class='ocrx_word' id='word_1_280' title='bbox 1021 3067 1145 3138; x_wconf 86' lang='lat' dir='ltr'>propter</span> <span class='ocrx_word' id='word_1_281' title='bbox 1158 3067 1293 3122; x_wconf 87' lang='lat' dir='ltr'>nostram</span> 
     </span>
     <span class='ocr_line' id='line_1_29' title="bbox 61 3159 1294 3241; baseline -0.002 -15"><span class='ocrx_word' id='word_1_282' title='bbox 61 3164 189 3226; x_wconf 80' lang='lat' dir='ltr'>salutem</span> <span class='ocrx_word' id='word_1_283' title='bbox 211 3164 318 3225; x_wconf 87' lang='lat' dir='ltr'>iactum</span> <span class='ocrx_word' id='word_1_284' title='bbox 341 3181 421 3222; x_wconf 89' lang='lat' dir='ltr'>esse.</span> <span class='ocrx_word' id='word_1_285' title='bbox 465 3161 592 3222; x_wconf 89' lang='lat' dir='ltr'>loannes</span> <span class='ocrx_word' id='word_1_286' title='bbox 616 3160 705 3233; x_wconf 91' lang='lat' dir='ltr'>euim,</span> <span class='ocrx_word' id='word_1_287' title='bbox 729 3160 779 3237; x_wconf 85' lang='lat' dir='ltr'>qui</span> <span class='ocrx_word' id='word_1_288' title='bbox 797 3160 882 3220; x_wconf 80' lang='lat' dir='ltr'>dixit:</span> <span class='ocrx_word' id='word_1_289' title='bbox 908 3159 944 3222; x_wconf 86' lang='lat' dir='ltr'>ln</span> <span class='ocrx_word' id='word_1_290' title='bbox 966 3165 1118 3241; x_wconf 82' lang='lat' dir='ltr'>principio</span> <span class='ocrx_word' id='word_1_291' title='bbox 1134 3172 1202 3224; x_wconf 80' lang='lat' dir='ltr'>erut</span> <span class='ocrx_word' id='word_1_292' title='bbox 1221 3161 1294 3224; x_wconf 81' lang='lat' dir='ltr'>Ver-</span> 
     </span>
     <span class='ocr_line' id='line_1_30' title="bbox 61 3262 1395 3342; baseline -0.003 -13"><span class='ocrx_word' id='word_1_293' title='bbox 61 3267 140 3337; x_wconf 78' lang='lat' dir='ltr'>bum,</span> <span class='ocrx_word' id='word_1_294' title='bbox 165 3284 232 3326; x_wconf 82' lang='lat' dir='ltr'>mox</span> <span class='ocrx_word' id='word_1_295' title='bbox 257 3264 398 3324; x_wconf 87' lang='lat' dir='ltr'>subiecit:</span> <span class='ocrx_word' id='word_1_296' title='bbox 428 3275 455 3326; x_wconf 84' lang='lat' dir='ltr'>et</span> <span class='ocrx_word' id='word_1_297' title='bbox 482 3263 608 3324; x_wconf 86' lang='lat' dir='ltr'>Verbum</span> <span class='ocrx_word' id='word_1_298' title='bbox 632 3279 703 3323; x_wconf 86' lang='lat' dir='ltr'>curo</span> <span class='ocrx_word' id='word_1_299' title='bbox 726 3263 919 3342; x_wconf 72' lang='lat' dir='ltr'>factumest,</span> <span class='ocrx_word' id='word_1_300' title='bbox 942 3262 1020 3341; x_wconf 82' lang='lat' dir='ltr'>quod</span> <span class='ocrx_word' id='word_1_301' title='bbox 1043 3262 1294 3326; x_wconf 86' lang='lat' dir='ltr'>idemestacei</span> <span class='ocrx_word' id='word_1_302' title='bbox 1391 3285 1395 3297; x_wconf 93' lang='lat'><em>·</em></span> 
     </span>
     <span class='ocr_line' id='line_1_31' title="bbox 64 3364 1296 3445; baseline 0 -17"><span class='ocrx_word' id='word_1_303' title='bbox 64 3367 193 3429; x_wconf 89' lang='lat' dir='ltr'>diceret:</span> <span class='ocrx_word' id='word_1_304' title='bbox 215 3366 305 3426; x_wconf 93' lang='lat' dir='ltr'>homo</span> <span class='ocrx_word' id='word_1_305' title='bbox 329 3366 424 3426; x_wconf 85' lang='lat' dir='ltr'>lactus</span> <span class='ocrx_word' id='word_1_306' title='bbox 447 3373 502 3425; x_wconf 86' lang='grc' dir='ltr'><strong>εει.</strong></span> <span class='ocrx_word' id='word_1_307' title='bbox 548 3364 627 3436; x_wconf 86' lang='lat' dir='ltr'>Quin</span> <span class='ocrx_word' id='word_1_308' title='bbox 652 3364 739 3424; x_wconf 90' lang='lat' dir='ltr'>etiam</span> <span class='ocrx_word' id='word_1_309' title='bbox 758 3364 822 3442; x_wconf 86' lang='lat' dir='ltr'>ipse</span> <span class='ocrx_word' id='word_1_310' title='bbox 838 3364 982 3425; x_wconf 82' lang='lat' dir='ltr'>hominus</span> <span class='ocrx_word' id='word_1_311' title='bbox 1005 3365 1043 3425; x_wconf 91' lang='lat' dir='ltr'>de</span> <span class='ocrx_word' id='word_1_312' title='bbox 1059 3366 1158 3445; x_wconf 83' lang='lat' dir='ltr'>seipso</span> <span class='ocrx_word' id='word_1_313' title='bbox 1181 3365 1296 3428; x_wconf 72' lang='lat' dir='ltr'>eichaha</span> 
     </span>
     <span class='ocr_line' id='line_1_32' title="bbox 66 3465 1293 3548; baseline -0.002 -18"><span class='ocrx_word' id='word_1_314' title='bbox 66 3469 150 3542; x_wconf 84' lang='lat' dir='ltr'>Quid</span> <span class='ocrx_word' id='word_1_315' title='bbox 170 3487 217 3529; x_wconf 79' lang='lat' dir='ltr'>nee</span> <span class='ocrx_word' id='word_1_316' title='bbox 238 3472 385 3548; x_wconf 79' lang='lat' dir='ltr'>quaeritis</span> <span class='ocrx_word' id='word_1_317' title='bbox 409 3467 597 3547; x_wconf 80' lang='lat' dir='ltr'>interficere,</span> <span class='ocrx_word' id='word_1_318' title='bbox 622 3465 783 3538; x_wconf 78' lang='lat' dir='ltr'>hommem,</span> <span class='ocrx_word' id='word_1_319' title='bbox 814 3471 867 3548; x_wconf 76' lang='lat' dir='ltr'>pul</span> <span class='ocrx_word' id='word_1_320' title='bbox 887 3470 1045 3531; x_wconf 82' lang='lat' dir='ltr'>veritatem</span> <span class='ocrx_word' id='word_1_321' title='bbox 1066 3468 1150 3531; x_wconf 79' lang='lat' dir='ltr'>vobis</span> <span class='ocrx_word' id='word_1_322' title='bbox 1173 3467 1293 3530; x_wconf 79' lang='lat' dir='ltr'>locutus</span> 
     </span>
     <span class='ocr_line' id='line_1_33' title="bbox 63 3566 1295 3642; baseline 0 -10"><span class='ocrx_word' id='word_1_323' title='bbox 63 3568 157 3632; x_wconf 76' lang='lat' dir='ltr'>eum?</span> <span class='ocrx_word' id='word_1_324' title='bbox 199 3566 308 3630; x_wconf 85' lang='lat' dir='ltr'>Paulus</span> <span class='ocrx_word' id='word_1_325' title='bbox 337 3587 407 3629; x_wconf 88' lang='lat' dir='ltr'>vero</span> <span class='ocrx_word' id='word_1_326' title='bbox 435 3568 471 3628; x_wconf 93' lang='lat' dir='ltr'>ab</span> <span class='ocrx_word' id='word_1_327' title='bbox 501 3568 605 3629; x_wconf 88' lang='lat' dir='ltr'>eodem</span> <span class='ocrx_word' id='word_1_328' title='bbox 635 3567 740 3630; x_wconf 90' lang='lat' dir='ltr'>doctus</span> <span class='ocrx_word' id='word_1_329' title='bbox 772 3568 889 3630; x_wconf 86' lang='lat' dir='ltr'>scribit:</span> <span class='ocrx_word' id='word_1_330' title='bbox 927 3569 1011 3631; x_wconf 84' lang='lat' dir='ltr'>Unus</span> <span class='ocrx_word' id='word_1_331' title='bbox 1034 3570 1131 3642; x_wconf 79' lang='lat' dir='ltr'>Beue,</span> <span class='ocrx_word' id='word_1_332' title='bbox 1163 3589 1243 3632; x_wconf 78' lang='lat' dir='ltr'>unua</span> <span class='ocrx_word' id='word_1_333' title='bbox 1266 3579 1295 3632; x_wconf 83' lang='lat' dir='ltr'>et</span> 
     </span>
     <span class='ocr_line' id='line_1_34' title="bbox 61 3669 1293 3749; baseline -0.001 -15"><span class='ocrx_word' id='word_1_334' title='bbox 61 3673 213 3734; x_wconf 75' lang='lat' dir='ltr'>mediator</span> <span class='ocrx_word' id='word_1_335' title='bbox 235 3670 293 3731; x_wconf 76' lang='lat' dir='ltr'>liei</span> <span class='ocrx_word' id='word_1_336' title='bbox 313 3684 341 3734; x_wconf 89' lang='lat' dir='ltr'>et</span> <span class='ocrx_word' id='word_1_337' title='bbox 365 3670 525 3742; x_wconf 84' lang='lat' dir='ltr'>bominum,</span> <span class='ocrx_word' id='word_1_338' title='bbox 551 3671 637 3733; x_wconf 84' lang='lat' dir='ltr'>homo</span> <span class='ocrx_word' id='word_1_339' title='bbox 662 3670 802 3732; x_wconf 78' lang='lat' dir='ltr'>Christus</span> <span class='ocrx_word' id='word_1_340' title='bbox 816 3669 910 3741; x_wconf 80' lang='lat' dir='ltr'>lesus,</span> <span class='ocrx_word' id='word_1_341' title='bbox 934 3671 1023 3732; x_wconf 92' lang='lat' dir='ltr'>homo</span> <span class='ocrx_word' id='word_1_342' title='bbox 1046 3670 1164 3749; x_wconf 90' lang='lat' dir='ltr'>inquam</span> <span class='ocrx_word' id='word_1_343' title='bbox 1187 3670 1293 3743; x_wconf 83' lang='lat' dir='ltr'>tactus,</span> 
     </span>
    </p>

    <p class='ocr_par' dir='ltr' id='par_1_7' title="bbox 64 3771 1294 3853">
     <span class='ocr_line' id='line_1_35' title="bbox 64 3771 1294 3853; baseline -0.002 -20"><span class='ocrx_word' id='word_1_344' title='bbox 64 3774 115 3853; x_wconf 89' lang='lat' dir='ltr'>qui</span> <span class='ocrx_word' id='word_1_345' title='bbox 137 3771 228 3833; x_wconf 90' lang='lat' dir='ltr'>rebus</span> <span class='ocrx_word' id='word_1_346' title='bbox 252 3772 388 3832; x_wconf 88' lang='lat' dir='ltr'>humanis</span> <span class='ocrx_word' id='word_1_347' title='bbox 413 3771 523 3851; x_wconf 88' lang='lat' dir='ltr'>optime</span> <span class='ocrx_word' id='word_1_348' title='bbox 547 3771 760 3832; x_wconf 87' lang='lat' dir='ltr'>administratis</span> <span class='ocrx_word' id='word_1_349' title='bbox 784 3780 813 3832; x_wconf 91' lang='lat' dir='ltr'>et</span> <span class='ocrx_word' id='word_1_350' title='bbox 836 3781 945 3845; x_wconf 87' lang='lat' dir='ltr'>morte,</span> <span class='ocrx_word' id='word_1_351' title='bbox 979 3773 1063 3834; x_wconf 87' lang='lat' dir='ltr'>cuius</span> <span class='ocrx_word' id='word_1_352' title='bbox 1092 3772 1134 3832; x_wconf 91' lang='lat' dir='ltr'>rei</span> <span class='ocrx_word' id='word_1_353' title='bbox 1164 3790 1294 3845; x_wconf 83' lang='lat' dir='ltr'>eramus,</span> 
     </span>
    </p>
   </div>
   <div class='ocr_carea' id='block_1_3' title="bbox 31 3953 1295 4090">
    <p class='ocr_par' dir='ltr' id='par_1_8' title="bbox 31 3953 1295 4090">
     <span class='ocr_line' id='line_1_36' title="bbox 80 3953 1295 4022; baseline -0.002 -14"><span class='ocrx_word' id='word_1_354' title='bbox 80 3953 352 4022; x_wconf 69' lang='lat' dir='ltr'>ostomtnpiorileg.</span> <span class='ocrx_word' id='word_1_355' title='bbox 378 3958 518 4019; x_wconf 75' lang='lat' dir='ltr'>etSegoer.</span> <span class='ocrx_word' id='word_1_356' title='bbox 542 3959 655 4007; x_wconf 88' lang='lat' dir='ltr'>omittunt</span> <span class='ocrx_word' id='word_1_357' title='bbox 704 3953 894 4022; x_wconf 73' lang='lat' dir='ltr'>ptuomiunu.</span> <span class='ocrx_word' id='word_1_358' title='bbox 927 3958 1020 4008; x_wconf 79' lang='lat' dir='ltr'>llorin</span> <span class='ocrx_word' id='word_1_359' title='bbox 1040 3959 1139 4020; x_wconf 73' lang='lat' dir='ltr'>Seguer.</span> <span class='ocrx_word' id='word_1_360' title='bbox 1159 3949 1295 4015; x_wconf 75' lang='lat' dir='ltr'>tn&#39;vdoest</span> 
     </span>
     <span class='ocr_line' id='line_1_37' title="bbox 31 3975 919 4090; baseline -0.007 -13"><span class='ocrx_word' id='word_1_361' title='bbox 31 4068 36 4077; x_wconf 87' lang='lat'>.</span> <span class='ocrx_word' id='word_1_362' title='bbox 61 3975 209 4085; x_wconf 56' lang='grc' dir='ltr'><strong>ἳδὲησεν,</strong></span> <span class='ocrx_word' id='word_1_363' title='bbox 214 4043 275 4090; x_wconf 87' lang='lat' dir='ltr'>quae</span> <span class='ocrx_word' id='word_1_364' title='bbox 300 4042 342 4075; x_wconf 83' lang='lat' dir='ltr'>nor</span> <span class='ocrx_word' id='word_1_365' title='bbox 368 4028 398 4075; x_wconf 90' lang='lat' dir='ltr'>ibi</span> <span class='ocrx_word' id='word_1_366' title='bbox 428 4026 450 4074; x_wconf 92' lang='lat' dir='ltr'>in</span> <span class='ocrx_word' id='word_1_367' title='bbox 470 4027 565 4074; x_wconf 80' lang='lat' dir='ltr'>eliisei</span> <span class='ocrx_word' id='word_1_368' title='bbox 584 4026 654 4075; x_wconf 86' lang='lat' dir='ltr'>editis</span> <span class='ocrx_word' id='word_1_369' title='bbox 707 4035 761 4075; x_wconf 86' lang='lat' dir='ltr'>ente</span> <span class='ocrx_word' id='word_1_370' title='bbox 781 4016 919 4085; x_wconf 70' lang='grc' dir='ltr'><strong>ἀλήθειαν.</strong></span> 
     </span>
    </p>
   </div>
   <div class='ocr_carea' id='block_1_4' title="bbox 63 4094 1296 4241">
    <p class='ocr_par' dir='ltr' id='par_1_9' title="bbox 63 4094 1296 4241">
     <span class='ocr_line' id='line_1_38' title="bbox 63 4094 1296 4241; baseline -0.033 -29"><span class='ocrx_word' id='word_1_371' title='bbox 63 4094 655 4242; x_wconf 35' lang='lat' dir='ltr'>zaildryapihird’iffioaeffiagnerico?35²5&amp;</span> <span class='ocrx_word' id='word_1_372' title='bbox 741 4127 882 4189; x_wconf 52' lang='lat' dir='ltr'>&amp;Goblen</span> <span class='ocrx_word' id='word_1_373' title='bbox 901 4135 924 4176; x_wconf 89' lang='lat' dir='ltr'>et</span> <span class='ocrx_word' id='word_1_374' title='bbox 942 4127 1046 4176; x_wconf 77' lang='lat' dir='ltr'>Felclm.</span> <span class='ocrx_word' id='word_1_375' title='bbox 1068 4127 1088 4175; x_wconf 89' lang='lat'>1.</span> <span class='ocrx_word' id='word_1_376' title='bbox 1108 4118 1171 4173; x_wconf 74' lang='lat' dir='ltr'>tot</span> <span class='ocrx_word' id='word_1_377' title='bbox 1189 4117 1296 4178; x_wconf 77' lang='lat' dir='ltr'>Herilo‘r</span> 
     </span>
    </p>
   </div>
   <div class='ocr_carea' id='block_1_5' title="bbox 63 4143 1294 4310">
    <p class='ocr_par' dir='ltr' id='par_1_10' title="bbox 63 4143 1294 4310">
     <span class='ocr_line' id='line_1_39' title="bbox 63 4143 1294 4310; baseline -0.026 -36"><span class='ocrx_word' id='word_1_378' title='bbox 63 4217 238 4310; x_wconf 71' lang='grc' dir='ltr'><em>ἧνόλόγος</em></span> <span class='ocrx_word' id='word_1_379' title='bbox 258 4222 315 4307; x_wconf 62' lang='grc' dir='ltr'><strong>μετ’</strong></span> <span class='ocrx_word' id='word_1_380' title='bbox 336 4222 415 4306; x_wconf 66' lang='grc' dir='ltr'><strong><em>ὀλίγα</em></strong></span> <span class='ocrx_word' id='word_1_381' title='bbox 434 4240 478 4278; x_wconf 60' lang='lat'>010</span> <span class='ocrx_word' id='word_1_382' title='bbox 515 4231 611 4280; x_wconf 55' lang='lat' dir='ltr'>Comes</span> <span class='ocrx_word' id='word_1_383' title='bbox 631 4237 655 4279; x_wconf 52' lang='grc' dir='ltr'>οι</span> <span class='ocrx_word' id='word_1_384' title='bbox 707 4143 809 4260; x_wconf 57' lang='lat' dir='ltr'>th‘w</span> <span class='ocrx_word' id='word_1_385' title='bbox 828 4180 1003 4247; x_wconf 62' lang='lat' dir='ltr'>aleatorem</span> <span class='ocrx_word' id='word_1_386' title='bbox 1039 4194 1099 4243; x_wconf 86' lang='lat' dir='ltr'>ibid.</span> <span class='ocrx_word' id='word_1_387' title='bbox 1117 4188 1294 4243; x_wconf 72' lang='lat' dir='ltr'>xnlahesteb</span> 
     </span>
    </p>
   </div>
   <div class='ocr_carea' id='block_1_6' title="bbox 63 4264 948 4376">
    <p class='ocr_par' dir='ltr' id='par_1_11' title="bbox 63 4264 948 4376">
     <span class='ocr_line' id='line_1_40' title="bbox 63 4264 948 4376; baseline -0.037 -33"><span class='ocrx_word' id='word_1_388' title='bbox 63 4301 203 4350; x_wconf 66' lang='lat' dir='ltr'>fetcumt</span> <span class='ocrx_word' id='word_1_389' title='bbox 220 4291 417 4364; x_wconf 58' lang='grc' dir='ltr'>ἰωάμμηςγάρ</span> <span class='ocrx_word' id='word_1_390' title='bbox 436 4311 519 4376; x_wconf 62' lang='lat' dir='ltr'>W„</span> <span class='ocrx_word' id='word_1_391' title='bbox 518 4331 595 4345; x_wconf 35' lang='grc'><strong>.....</strong></span> <span class='ocrx_word' id='word_1_392' title='bbox 609 4290 671 4344; x_wconf 56' lang='grc' dir='ltr'>καὶ</span> <span class='ocrx_word' id='word_1_393' title='bbox 706 4265 812 4313; x_wconf 77' lang='lat' dir='ltr'>editione</span> <span class='ocrx_word' id='word_1_394' title='bbox 831 4264 948 4313; x_wconf 80' lang='lat' dir='ltr'>Comme!</span> 
     </span>
    </p>
   </div>
   <div class='ocr_carea' id='block_1_7' title="bbox 57 4351 1296 4568">
    <p class='ocr_par' dir='ltr' id='par_1_12' title="bbox 57 4351 1296 4568">
     <span class='ocr_line' id='line_1_41' title="bbox 57 4351 1295 4452; baseline -0.001 -38"><span class='ocrx_word' id='word_1_395' title='bbox 57 4359 122 4452; x_wconf 56' lang='grc' dir='ltr'><strong>μετ’</strong></span> <span class='ocrx_word' id='word_1_396' title='bbox 147 4359 235 4446; x_wconf 77' lang='grc' dir='ltr'><strong><em>ὀλίγα.</em></strong></span> <span class='ocrx_word' id='word_1_397' title='bbox 282 4368 327 4415; x_wconf 79' lang='lat' dir='ltr'>etti</span> <span class='ocrx_word' id='word_1_398' title='bbox 358 4376 381 4415; x_wconf 90' lang='lat' dir='ltr'>et</span> <span class='ocrx_word' id='word_1_399' title='bbox 405 4368 461 4415; x_wconf 86' lang='lat' dir='ltr'>editi</span> <span class='ocrx_word' id='word_1_400' title='bbox 488 4358 574 4418; x_wconf 78' lang='lat' dir='ltr'>ot&#39;rus</span> <span class='ocrx_word' id='word_1_401' title='bbox 599 4360 654 4432; x_wconf 80' lang='grc' dir='ltr'>γὰρ</span> <span class='ocrx_word' id='word_1_402' title='bbox 741 4367 763 4413; x_wconf 91' lang='lat' dir='ltr'>b.</span> <span class='ocrx_word' id='word_1_403' title='bbox 790 4365 904 4414; x_wconf 86' lang='lat' dir='ltr'>Ottobon</span> <span class='ocrx_word' id='word_1_404' title='bbox 928 4351 1052 4410; x_wconf 70' lang='lat' dir='ltr'>rdrxud&#39;</span> <span class='ocrx_word' id='word_1_405' title='bbox 1080 4355 1158 4428; x_wconf 72' lang='grc' dir='ltr'>ἡμᾶς</span> <span class='ocrx_word' id='word_1_406' title='bbox 1203 4363 1295 4413; x_wconf 83' lang='lat' dir='ltr'>ibidem</span> 
     </span>
     <span class='ocr_line' id='line_1_42' title="bbox 65 4423 1296 4500; baseline 0 -16"><span class='ocrx_word' id='word_1_407' title='bbox 65 4429 189 4495; x_wconf 75' lang='grc' dir='ltr'>ιυάννης</span> <span class='ocrx_word' id='word_1_408' title='bbox 206 4427 368 4500; x_wconf 77' lang='grc' dir='ltr'><strong>εἴρηκεν..</strong></span> <span class='ocrx_word' id='word_1_409' title='bbox 380 4428 452 4481; x_wconf 77' lang='grc' dir='ltr'>,καὶ</span> <span class='ocrx_word' id='word_1_410' title='bbox 468 4427 526 4500; x_wconf 84' lang='grc' dir='ltr'><strong>μετ’</strong></span> <span class='ocrx_word' id='word_1_411' title='bbox 547 4427 633 4498; x_wconf 75' lang='lat' dir='ltr'>dttya.</span> <span class='ocrx_word' id='word_1_412' title='bbox 706 4435 762 4496; x_wconf 66' lang='lat' dir='ltr'>lies.</span> <span class='ocrx_word' id='word_1_413' title='bbox 789 4441 812 4482; x_wconf 88' lang='lat' dir='ltr'>et</span> <span class='ocrx_word' id='word_1_414' title='bbox 829 4434 926 4493; x_wconf 80' lang='lat' dir='ltr'>Seguer.</span> <span class='ocrx_word' id='word_1_415' title='bbox 954 4423 1074 4489; x_wconf 71' lang='grc' dir='ltr'>κάθηται</span> <span class='ocrx_word' id='word_1_416' title='bbox 1096 4430 1146 4480; x_wconf 78' lang='grc' dir='ltr'>νῦν</span> <span class='ocrx_word' id='word_1_417' title='bbox 1164 4440 1209 4482; x_wconf 86' lang='grc' dir='ltr'><strong>ειε.</strong></span> <span class='ocrx_word' id='word_1_418' title='bbox 1248 4432 1296 4485; x_wconf 80' lang='lat' dir='ltr'>utu</span> 
     </span>
     <span class='ocr_line' id='line_1_43' title="bbox 96 4496 1162 4568; baseline -0.005 -12"><span class='ocrx_word' id='word_1_419' title='bbox 96 4507 115 4556; x_wconf 85' lang='lat' dir='ltr'>t</span> <span class='ocrx_word' id='word_1_420' title='bbox 134 4506 192 4568; x_wconf 64' lang='lat' dir='ltr'>iles.</span> <span class='ocrx_word' id='word_1_421' title='bbox 216 4506 316 4567; x_wconf 69' lang='lat' dir='ltr'>Seguer.</span> <span class='ocrx_word' id='word_1_422' title='bbox 340 4503 440 4554; x_wconf 84' lang='lat' dir='ltr'>Goblor.</span> <span class='ocrx_word' id='word_1_423' title='bbox 465 4512 488 4553; x_wconf 84' lang='lat' dir='ltr'>et</span> <span class='ocrx_word' id='word_1_424' title='bbox 505 4503 610 4553; x_wconf 81' lang='lat' dir='ltr'>Felclrm.</span> <span class='ocrx_word' id='word_1_425' title='bbox 631 4503 653 4552; x_wconf 91' lang='lat' dir='ltr'>l.</span> <span class='ocrx_word' id='word_1_426' title='bbox 705 4511 729 4552; x_wconf 87' lang='lat' dir='ltr'>et</span> <span class='ocrx_word' id='word_1_427' title='bbox 747 4501 820 4551; x_wconf 88' lang='lat' dir='ltr'>editio</span> <span class='ocrx_word' id='word_1_428' title='bbox 839 4500 957 4551; x_wconf 83' lang='lat' dir='ltr'>Commel.</span> <span class='ocrx_word' id='word_1_429' title='bbox 975 4496 1025 4547; x_wconf 82' lang='grc' dir='ltr'>νῦν</span> <span class='ocrx_word' id='word_1_430' title='bbox 1042 4502 1162 4551; x_wconf 78' lang='lat' dir='ltr'>omittunt.</span> 
     </span>
    </p>
   </div>
   <div class='ocr_carea' id='block_1_8' title="bbox 0 0 1482 5092">
    <p class='ocr_par' dir='ltr' id='par_1_13' title="bbox 0 0 1482 5092">
     <span class='ocr_line' id='line_1_44' title="bbox 0 0 1482 5092; baseline 0 0"><span class='ocrx_word' id='word_1_431' title='bbox 0 0 1482 5092; x_wconf 95' lang='lat' dir='ltr'> </span> 
     </span>
    </p>
   </div>
  </div>
 </body>
</html>
