2948 5092
515 260 622 305 amum
639 261 678 304 iv.
696 262 810 304 conani
826 261 959 305 emanas.
1267 245 1338 311 6³3

104 434 163 487 me,
187 417 221 476 in
243 415 372 476 tenebris
395 431 457 474 nou
478 422 607 474 maneat.
652 409 690 474 lit
712 410 826 497 siquis
848 414 979 474 audierit
999 414 1093 475 verda
1112 432 1194 490 meu,
1218 425 1248 478 et
1268 425 1415 477 tinum.

106 517 305 586 custodierit,
333 532 384 593 een
413 532 475 576 uun
503 515 601 576 iudice
631 534 707 578 eum.
751 514 820 577 Neu
842 519 921 576 euim
943 520 1014 578 veni
1031 527 1067 580 at
1088 517 1213 579 iudicem
1240 535 1331 578 muu-

107 620 191 688 dum,
214 619 314 679 sedat
338 616 456 677 saluum
477 617 588 694 faeiem
610 617 769 678 meandum:
793 617 844 678 sed
864 635 972 687 sermo,
995 636 1080 697 quem
1101 620 1194 689 audit,
1219 617 1331 680 illeiu-

108 720 223 782 dicabit
244 737 309 780 eum
331 721 363 778 in
385 721 548 780 novissimo
571 719 632 780 die:
662 722 732 800 quia
753 735 805 796 eya
829 717 868 778 ad
890 717 1011 780 Patrem
1032 720 1120 781 vado.
1164 719 1254 793 Eum,
1281 719 1331 798 qui

107 820 282 882 mandatum
320 837 380 880 nou
413 819 585 893 servaverit,
625 817 842 899 praedieatione
874 818 1061 881 iudicandum
1094 839 1162 882 esse
1195 821 1332 884 declarat.

111 922 186 985 Nisi
199 921 294 993 enim,
317 921 421 1001 inquil,
446 924 592 983 venissem
614 932 641 983 et
665 922 783 984 loeutus
803 922 932 999 fuissem
953 925 1004 994 eia,
1024 932 1179 1002 peceatum
1193 943 1256 986 nau
1276 924 1333 986 lu-

110 1024 228 1088 derent.
274 1021 360 1084 Nune
382 1034 481 1084 autem
503 1026 728 1084 exeusationem
748 1020 866 1085 nullum
888 1022 1046 1094 ludebant,
1069 1043 1136 1085 eum
1157 1024 1246 1086 verba
1267 1044 1332 1087 mea

108 1125 268 1198 audierint,
291 1123 398 1203 quibus
422 1124 545 1185 salutem
567 1123 735 1205 percipiunt
755 1124 803 1204 qui
827 1143 860 1185 ea
883 1124 1062 1186 custodiunt.

200 1227 249 1289 18.
293 1215 400 1286 Verum
430 1226 567 1287 fortassis
597 1245 632 1287 eo
659 1225 858 1306 impudentiae
879 1226 1049 1299 devenient,
1082 1235 1115 1288 ut
1142 1227 1332 1302 contendant,

109 1331 166 1392 luas
190 1345 278 1389 voces
300 1345 359 1388 non
383 1327 448 1388 Filii
470 1328 523 1389 sed
545 1327 632 1388 Verbi
655 1346 733 1389 esse.
777 1329 814 1389 m
829 1347 864 1389 ex
880 1328 1056 1408 supradictis
1071 1330 1261 1408 perspicuum
1277 1338 1332 1402 est,

107 1448 145 1494 ee
168 1429 234 1491 Filii
258 1448 326 1491 esse
348 1429 445 1491 verba.
491 1428 548 1502 Qui
571 1429 649 1490 enim
672 1429 722 1491 hle
743 1429 827 1491 dicit:
860 1428 927 1491 Neu
955 1432 1026 1491 veui
1051 1441 1086 1492 ut
1113 1431 1253 1502 iudicem,
1282 1431 1334 1492 sed

106 1541 148 1597 au
169 1532 289 1594 salmam
310 1533 421 1610 samam
442 1532 600 1601 muudum,
631 1530 704 1592 alius
727 1541 806 1593 eerte
829 1550 889 1592 nnn
912 1539 957 1592 est
978 1550 1065 1611 qnam
1087 1532 1257 1610 unigenitus
1280 1531 1333 1594 llei

106 1633 216 1697 mnus.
261 1632 311 1694 Sic
334 1632 412 1694 enim
434 1641 519 1694 antea
541 1631 671 1712 loquitur
692 1633 770 1694 idem
792 1632 933 1700 loannes:
956 1633 1007 1695 Sie
1028 1638 1105 1695 enim
1123 1633 1206 1695 Deus
1229 1633 1336 1696 dilexit

105 1736 265 1807 madum,
288 1744 324 1795 ut
341 1733 455 1818 ‘Filium
476 1753 565 1796 suum
586 1739 773 1815 uuiyenitum
794 1736 918 1806 dederit,
940 1747 975 1799 ut
997 1739 1104 1807 amuis,
1126 1740 1180 1828 qui
1192 1735 1288 1798 eredit
1302 1737 1335 1797 in

107 1856 187 1907 mm,
210 1855 273 1898 nen
292 1846 409 1916 pereat,
431 1836 485 1897 sed
506 1836 612 1898 ludent
632 1840 725 1898 vitum
747 1846 910 1899 ueternum.
955 1836 1024 1899 Neu
1046 1841 1125 1898 euim
1151 1840 1234 1899 misit
1255 1836 1335 1900 Deus

108 1938 225 2001 Filium
246 1941 278 1999 in
298 1938 451 2010 mundum,
474 1948 510 1999 ut
530 1939 638 2000 iudicet
658 1938 818 2010 mundum,
841 1939 894 2020 sed
913 1949 948 2000 ut
969 1937 1108 2000 salvetur
1129 1940 1258 2001 muudus
1276 1957 1336 2019 per

106 2043 221 2121 ipsum.
263 2040 326 2112 Qui
338 2040 434 2102 eredit
448 2042 480 2098 iu
503 2058 577 2110 eum,
600 2057 662 2101 aen
684 2039 855 2118 iudicauit,-
877 2044 929 2121 qui
948 2053 1050 2104 autem
1071 2059 1133 2101 nea
1150 2041 1253 2112 eredit,
1274 2045 1337 2103 iam

106 2143 264 2204 iudicatus
287 2151 346 2211 est,
375 2145 445 2222 qma
473 2159 535 2202 ann
564 2141 691 2202 eredidit
720 2143 753 2202 in
774 2159 883 2203 nemen
903 2145 1052 2223 aniyem‘ti
1073 2142 1145 2205 Filii
1164 2142 1229 2205 liei.
1273 2141 1338 2204 line

109 2254 159 2305 est
182 2252 281 2304 nutem
302 2244 459 2314 tudinium,
482 2247 551 2324 quia
573 2241 630 2303 lum
650 2246 733 2304 venit
753 2246 786 2304 in
807 2244 964 2316 muudum,
994 2253 1022 2304 et
1045 2244 1219 2306 dilexerunt
1241 2243 1339 2306 lemi-
1397 2292 1399 2299 .

108 2363 167 2407 nes
190 2349 284 2424 mauis
308 2344 448 2406 tenebras
470 2363 558 2424 quam
580 2342 692 2416 lueetm
717 2353 806 2406 eram
827 2349 904 2406 enim
919 2363 1023 2406 eorum
1037 2344 1118 2406 mula
1141 2363 1243 2425 opera.
1277 2345 1338 2406 lta-

107 2463 173 2526 que
189 2445 214 2505 si
232 2445 288 2518 ille,
312 2445 361 2524 qui
385 2446 470 2506 dicit:
493 2445 563 2508 Neu
585 2449 663 2507 enim
685 2448 755 2512 vem·
773 2457 809 2507 eet
831 2448 955 2508 iudicem
976 2448 1128 2518 meandum,
1152 2447 1203 2508 ted
1223 2457 1258 2509 att
1272 2447 1339 2509 sul-

106 2566 184 2608 mtm
206 2548 316 2625 [nciam
339 2565 417 2619 eum,
440 2546 505 2626 ipse
527 2554 581 2619 est,
604 2547 653 2624 qni
676 2547 764 2607 etiam
787 2546 870 2607 dicit:
897 2548 960 2620 Qui
979 2549 1059 2609 videt
1080 2566 1134 2617 me,
1161 2547 1240 2609 videt
1263 2567 1337 2619 eum,

109 2651 167 2730 qui
186 2653 268 2710 mint
288 2667 348 2719 me,
379 2649 405 2708 si
428 2648 498 2709 ilem
521 2647 584 2720 ille,
613 2647 663 2726 qui
686 2647 766 2709 venit
788 2656 820 2708 nt
842 2647 982 2708 mundum
1006 2647 1118 2708 salvum
1147 2649 1248 2723 iaciat,
1278 2666 1339 2711 non
1389 2665 1395 2684 “

108 2749 240 2822 iudicet,
263 2751 431 2829 unigenitus
454 2760 501 2812 est
522 2750 574 2811 llei
597 2749 705 2823 Filius3
734 2749 834 2829 utique
857 2750 1044 2811 manifestum
1067 2759 1128 2823 est,
1151 2751 1248 2829 ipsum
1270 2768 1341 2813 esse
1412 2737 1415 2744 ¹

110 2851 221 2913 filium
244 2852 293 2931 qui
315 2853 401 2913 dicit:
429 2854 491 2926 Qui
511 2855 664 2922 videtete,
688 2853 768 2915 videt
790 2871 869 2921 eum.
892 2855 945 2933 qui
963 2856 1045 2913 misit
1065 2871 1120 2914 me.
1164 2850 1340 2924 Etenimia,

110 2954 166 3033 qui
190 2952 273 3014 dicit:
306 2954 368 3027 Qui
390 2954 484 3016 credit
505 2959 538 3015 ia
559 2972 613 3024 me,
638 2963 668 3014 et
690 2957 719 3025 si
739 2958 805 3035 quis
828 2955 962 3015 audierit
984 2954 1077 3015 nerlu
1098 2973 1179 3025 mea,
1203 2971 1255 3034 eye
1277 2971 1341 3016 neu

112 3056 216 3117 iudice
240 3074 320 3131 eum,
349 3057 414 3136 ipse
436 3065 482 3117 est
503 3055 609 3127 Filius,
639 3055 675 3115 de
704 3073 762 3133 qun
791 3055 864 3115 haee
893 3054 978 3115 dicit:
1012 3055 1074 3127 Qui
1095 3056 1189 3117 credit
1210 3059 1243 3116 in
1265 3072 1340 3127 eum,

110 3175 180 3220 nen
203 3158 374 3234 iudicatum
408 3164 460 3238 qai
486 3169 585 3218 antem
612 3175 674 3219 unu
703 3155 901 3240 eredithinm
924 3158 1074 3219 iudicatus
1097 3169 1165 3232 ests
1188 3160 1258 3237 quia
1279 3174 1342 3219 anu

111 3258 247 3321 eredidit
271 3264 304 3320 in
331 3278 440 3320 nomen
468 3263 617 3338 uniyem'ti
643 3258 716 3319 Filii
735 3256 805 3328 liei,
835 3265 864 3317 et
893 3276 1015 3318 rursus:
1046 3258 1101 3320 lae
1129 3270 1173 3320 est
1199 3258 1342 3321 iuditium

113 3358 194 3430 eius,
217 3359 267 3437 qui
290 3378 349 3420 nou
373 3360 465 3421 eredit
487 3362 517 3421 in
539 3360 661 3433 Filium,
689 3362 760 3441 quia
783 3359 838 3421 luce
859 3364 940 3421 venit
961 3363 994 3420 in
1015 3362 1174 3432 mundum,
1197 3378 1252 3422 nee
1273 3377 1340 3422 ere-

113 3459 257 3522 diderunt
284 3461 326 3534 ei,
360 3479 468 3541 nempe
490 3462 575 3523 Filio.
619 3462 683 3523 Lux
711 3461 792 3523 enim
819 3471 898 3522 certe
925 3461 990 3540 ipse
1013 3470 1075 3535 esl,
1103 3481 1177 3540 quae
1199 3461 1428 3525 illuminatum.

113 3560 238 3622 omnem
259 3562 410 3623 hominem
434 3564 600 3625 venientem
623 3564 653 3624 in
676 3561 835 3637 mundum3
859 3564 909 3642 qui
931 3562 1048 3641 quidem
1070 3562 1210 3642 quamdiu
1232 3581 1341 3625 seeun-

112 3741 243 3804 δαῦτός,
263 3749 328 3813 quod
347 3750 414 3799 abest
432 3750 461 3798 ab
478 3750 531 3799 aliis
550 3758 573 3800 et
591 3750 669 3799 editis
791 3751 806 3800 i
831 3751 871 3798 Sie
893 3749 949 3812 lleg.
972 3750 1071 3809 Segner.
1090 3749 1160 3799 Basil.
1180 3756 1203 3797 et
1221 3749 1342 3828 ingilenn.

151 3835 172 3869 e.
199 3818 239 3866 Sic
266 3819 326 3894 lleg
347 3826 369 3867 et
388 3820 486 3879 Seguer.
523 3820 573 3866 Δι’
568 3833 591 3867 tn
610 3819 664 3866 aliis
683 3826 707 3867 et
757 3811 1099 3867 inaliiteteditiszaideest
1118 3814 1256 3866 lleidflasil.
1267 3807 1344 3895 αὐτή.

115 3886 190 3938 editis
200 3886 276 3934 deest
288 3899 373 3963 γαρ
792 3885 814 3934 l.
834 3884 891 3947 lleg.
910 3884 1009 3946 Segner.
1022 3885 1093 3934 Basil.
1105 3883 1227 3962 etlngtie
1246 3875 1345 3937 ὁυῖός

151 3956 169 4004 l
189 3953 253 4002 llaec
271 3956 342 4002 verbe
362 3945 375 3998 ὁ
394 3947 423 4000 di
440 3946 583 4002 iideiretc.
602 3948 706 4017 adnim-
758 3951 849 4002 ibidem
867 3952 939 4001 Basil.
958 3960 981 4000 el
998 3951 1088 4029 lngiic.
1107 3944 1222 4011 diiost
1207 3963 1258 4001 οτι,
1293 3951 1346 4000 ilex

112 4013 215 4087 ψαντά
229 4034 264 4085 με
282 4021 395 4070 inclusive
419 4022 529 4069 desunt
524 4036 547 4069 m
566 4020 664 4070 Gobler.
684 4029 708 4070 et
759 4020 814 4082 iles.
833 4028 857 4068 et
874 4019 972 4099 Sessuer
992 4014 1040 4067 τὸν
1057 4014 1214 4086 ἐρχόμενον.
1249 4018 1275 4067 ln
1292 4019 1345 4068 aliis

115 4090 257 4142 telesini.
293 4088 352 4137 ibid.
371 4103 415 4151 pro
434 4080 448 4133 d
465 4081 616 4154 μονογενής
632 4080 708 4135 ἔστιν
758 4096 783 4139 et
793 4088 864 4137 eduis
883 4101 931 4134 τον
949 4089 1023 4136 deest.

116 4158 191 4208 llasil
216 4157 306 4235 Anglie.
332 4165 354 4206 et
377 4157 456 4216 editio
476 4155 593 4206 Cemmel.
619 4157 707 4209 habent
792 4155 809 4204 l.
833 4156 905 4205 Basil.
923 4163 947 4205 et
965 4155 1054 4217 anglic.
1073 4147 1255 4215 ἐπὶτῆςγῆς
1293 4154 1346 4204 llox

115 4218 133 4274 i
132 4237 254 4292 ογενης
270 4236 352 4271 εστιν
389 4225 440 4272 illex
458 4223 558 4287 Seguer.
572 4216 706 4302 δηλονότι.
757 4223 829 4274 iidem
849 4232 872 4273 et
891 4225 945 4286 lleg
957 4226 1092 4303 acSeguer.
1112 4215 1148 4274 uic
1165 4215 1260 4302 φησίν.
1285 4222 1344 4272 ibid.

152 4292 574 4371 g.llegSe311erllasiletdnglic
593 4283 705 4358 ἀκούσῃ
758 4292 814 4353 Reg.
834 4301 857 4342 et
874 4293 973 4354 Seguer.
993 4284 1029 4344 ὥς
1045 4285 1078 4339 τὸ
1098 4288 1161 4354 φῶς
1177 4281 1257 4356 ἔχετε,
1285 4291 1345 4340 ltem

118 4363 199 4415 Ceteri
218 4370 242 4410 et
259 4362 316 4409 editi
335 4351 490 4419 ἇκοὺσηται
715 4404 718 4409 .
757 4354 845 4410 ibidem
872 4361 942 4408 iidem
968 4360 1022 4439 fleg.
1047 4359 1145 4421 Seguer.
1162 4358 1235 4408 nasu
1254 4359 1344 4421 Anglic.

150 4431 175 4481 h.
194 4429 251 4492 [leg.
266 4430 366 4492 Segner
385 4429 456 4477 Basil.
474 4437 497 4476 et
514 4428 604 4507 inglie.
621 4419 709 4478 ταῦτά
757 4419 896 4476 πιστεύετε
913 4420 950 4479 εἷς
967 4420 998 4473 td
997 4425 1086 4502 φῶς.
1123 4427 1186 4477 uum
1204 4435 1228 4478 et
1245 4427 1286 4478 alii
1302 4439 1345 4476 m·

115 4507 214 4567 ῃσιν.
249 4498 295 4548 liii
313 4505 337 4546 et
355 4498 412 4549 editi
431 4494 516 4544 ταῦτα
533 4489 628 4562 ἔφη.
759 4488 865 4546 eredere
881 4485 968 4548 εἷς’
937 4487 1013 4543 avrti.

424 4732 454 4803 ,Q
