2948 5092
472 281 581 327 onorio
595 282 617 326 1.
632 282 749 326 conrru
763 282 897 328 munos.
1224 267 1289 333 265

56 436 231 503 amnionis
251 452 342 498 eausa
363 432 538 497 vocabulum
555 437 768 515 praestantior
789 433 942 513 usurparit
962 434 1145 514 Apostolus,
1166 442 1375 515 proptereat.

57 539 224 603 disctinm
245 535 397 611 videlicet,
431 535 512 616 qnod
539 534 617 596 inter
642 542 778 597 naturam
798 534 864 596 Filii
893 543 924 597 et
949 543 1085 598 neturam
1110 536 1292 616 Angelorum

60 640 230 704 intercedit.
272 638 350 701 ilinc
368 637 607 719 ipsodpostolus
628 655 730 700 rocem
753 636 832 698 illam
850 643 1066 718 praestantior
1087 639 1235 719 explicans
1250 637 1291 712 id,

60 743 142 822 mod
160 745 198 805 el
218 741 411 822 significetis,
430 759 492 803 non
514 739 568 801 alia
591 738 628 801 de
650 757 684 801 re
705 739 859 820 intelligit,
883 759 969 820 quam
993 739 1031 802 de
1051 740 1118 802 Filii
1141 748 1170 802 et
1191 758 1292 802 rerum

62 845 206 906 neom
225 841 406 905 domna.
448 842 523 904 llam
552 842 631 903 huno
659 841 778 921 quidem
807 841 898 904 silium
927 841 1068 922 appellat,
1096 841 1165 904 illos
1194 852 1293 905 antem

62 963 176 1008 servos
220 941 298 1007 ilino
323 943 373 1007 illo
400 952 434 1005 ut
458 943 537 1005 lilius
559 960 626 1006 cnm
645 942 735 1005 Fntre
756 944 792 1005 ad
815 943 964 1006 dexteram
986 944 1088 1018 sedet,
1116 944 1167 1006 isti
1194 952 1293 1006 autem
1327 1010 1331 1023 ,

64 1054 153 1120 stant,
174 1046 335 1108 mittuntur
356 1064 391 1108 ao
411 1044 591 1107 ministrant.
1129 1037 1132 1043 ’

148 1150 202 1214 56.
248 1146 331 1218 Quae
353 1165 420 1208 cum
442 1147 482 1207 ita
504 1146 614 1226 scripta
637 1145 713 1218 sint,
737 1165 755 1206 o
777 1145 895 1220 Ariani,
918 1165 952 1207 ea
974 1164 1046 1208 sane
1068 1165 1129 1207 non
1151 1146 1292 1221 indicant,

64 1249 170 1312 Filium
192 1266 265 1311 esse
284 1248 403 1322 lactum,
426 1247 480 1309 sed
501 1247 601 1328 potius
623 1247 712 1309 alium
729 1266 828 1309 ossea
851 1247 942 1310 rebus
965 1247 1059 1322 lactis,
1081 1248 1293 1328 propriumque

64 1350 160 1413 Patris
181 1358 214 1413 et
233 1349 352 1412 ineius
374 1349 444 1410 sinu
465 1367 544 1410 ease.
589 1349 664 1410 Nam
685 1348 765 1428 quod
786 1349 836 1410 hic
857 1349 998 1411 scribitur
1018 1352 1138 1430 sortes,
1161 1366 1223 1409 non
1244 1346 1292 1408 id·

67 1451 144 1515 riroo
165 1452 276 1538 laetum
297 1469 368 1513 rere
388 1450 496 1513 Filium
518 1450 672 1530 signifieat,
696 1450 740 1512 uti
762 1469 816 1513 ros
836 1450 959 1530 putatis.
1002 1450 1120 1513 Etenim
1137 1451 1293 1530 sitantum

67 1553 193 1615 dixisset
212 1554 325 1633 foetet,
349 1552 487 1632 aliudque
509 1552 583 1614 nihil
604 1551 774 1626 addidisset,
797 1552 867 1614 iude
889 1552 1112 1632 aliquadrianis
1135 1559 1218 1613 esset
1231 1550 1293 1613 lin-

68 1653 152 1734 gandi
175 1653 305 1717 oeoosio.
349 1654 458 1715 Verum
480 1671 547 1715 eum
569 1661 655 1716 antea
675 1653 783 1715 Filium
804 1654 1017 1728 nominaverit,
1048 1672 1174 1733 eumque
1204 1653 1293 1715 alium

67 1773 132 1818 tote
153 1773 170 1816 a
191 1753 285 1817 rebus
306 1755 391 1817 lactis
414 1763 510 1816 totum
531 1773 585 1835 per
605 1763 773 1818 contextum
790 1755 965 1830 ostenderit,
987 1775 1048 1817 noo
1071 1755 1206 1818 absolute
1220 1772 1293 1818 voce

69 1857 167 1935 [omar
189 1874 264 1919 usus
285 1864 341 1928 est,
363 1855 416 1917 sed
439 1855 614 1919 vocabulum
632 1863 847 1938 praestantior
869 1875 934 1919 cum
956 1876 1028 1919 voce
1048 1859 1151 1937 sectos
1166 1856 1293 1920 coniun-

69 1957 123 2031 m,
143 1957 257 2037 quippe
277 1957 328 2036 qui
351 1975 416 2019 eam
438 1956 599 2020 dictionem
613 1959 831 2020 indifferentem
847 1958 1039 2021 existimaret.
1069 1958 1187 2020 Scilicet
1200 1957 1296 2038 probo

71 2056 257 2137 'nielligcbtt
278 2057 334 2119 hec
354 2077 428 2121 roco
449 2062 553 2140 sottus
575 2060 613 2122 de
631 2079 668 2122 eo
684 2060 769 2132 diota,
793 2053 880 2140 quent
896 2080 999 2123 rerum
1014 2079 1083 2122 esse
1097 2061 1203 2122 Filium
1219 2076 1285 2120 con·

72 2158 171 2233 sudat,
194 2159 269 2220 nihil
291 2159 369 2222 alind
390 2161 440 2223 hic
460 2161 630 2241 significari,
653 2182 740 2243 quam
756 2181 823 2224 eum
838 2164 947 2234 lactum
968 2164 1063 2225 luisse
1078 2171 1109 2224 et
1122 2181 1190 2224 esse
1204 2179 1293 2241 proe-

73 2261 252 2324 slantiorem.
295 2260 373 2325 Nihil
395 2263 474 2325 enim
497 2264 605 2339 relert,
637 2264 663 2325 si
690 2265 756 2343 quis
779 2264 816 2326 de
838 2283 871 2326 re
892 2265 990 2344 genita
1017 2264 1165 2326 interdum
1189 2261 1296 2324 dixerit

74 2362 142 2424 laeta
162 2370 212 2425 est
232 2361 279 2424 rel
300 2362 404 2424 eliceto
425 2372 483 2426 est.
526 2364 634 2426 Atros
656 2365 766 2438 laone,
796 2384 862 2427 oum
885 2367 947 2428 sint
968 2383 1076 2445 opera,
1098 2366 1214 2444 genitae
1237 2364 1295 2427 dici

76 2473 277 2543 torqueunt,
308 2463 368 2526 nisi
394 2465 472 2526 forte
500 2466 591 2544 geniti
613 2466 680 2528 Filii
708 2467 869 2546 participes
896 2476 1001 2546 postea
1031 2468 1151 2528 ellectae
1180 2465 1296 2546 genitae

76 2579 184 2644 qnoque
206 2575 237 2626 et
257 2564 340 2644 ipsae
361 2565 506 2639 dicantur,
529 2585 590 2627 non
613 2567 733 2646 qtridem
753 2569 904 2648 propriam
927 2568 966 2629 ob
989 2577 1134 2640 naturam,
1157 2566 1209 2628 scd
1228 2566 1297 2645 quia

76 2661 132 2725 Fdii
158 2666 252 2728 iactae
281 2665 343 2726 sint
368 2666 399 2727 in
422 2668 533 2745 Spiritu
561 2668 731 2747 participes.
776 2670 837 2730 Nec
865 2688 936 2730 vero
964 2669 994 2730 id
1023 2668 1168 2748 ignoravit
1199 2666 1379 2730 divinantes.

78 2763 235 2846 Scriptura,
261 2785 338 2847 quae
359 2767 396 2828 de
419 2768 509 2830 rebus
532 2768 617 2830 lactis
640 2769 696 2831 ait:
729 2771 836 2831 Omnia
854 2789 915 2851 per
936 2775 1034 2849 spanos
1056 2770 1141 2848 secto
1162 2778 1245 2839 aunt,
1268 2777 1297 2832 et

79 2869 133 2928 tiso
152 2871 218 2946 ipso
239 2867 358 2947 [notem
379 2870 532 2943 estnihil,
556 2879 599 2931 et:
626 2871 733 2932 Omnia
754 2875 787 2932 in
810 2875 958 2952 snpientia
979 2871 1090 2948 fecisti.
1125 2869 1168 2930 [le
1189 2868 1297 2948 genitis

81 2974 163 3029 anum
185 2968 256 3030 liliis
279 2969 324 3032 sio
344 2969 491 3050 loquitur:
514 2973 602 3034 Footr‘
622 2985 695 3036 tent
717 2973 771 3034 lod
793 2973 854 3052 filii
872 2983 985 3052 septem
1007 2984 1036 3036 et
1057 2973 1139 3052 filiae
1156 2978 1236 3040 tres,
1251 2978 1296 3031 et:

83 3067 220 3132 torota»
240 3090 315 3134 vero
338 3084 456 3135 centnm
478 3093 631 3136 annornm
653 3084 736 3145 erat,
767 3093 833 3136 cnm
854 3076 957 3152 foetos
980 3085 1026 3136 eat
1048 3078 1077 3136 ei
1103 3074 1191 3135 loono
1212 3072 1297 3152 filino

85 3171 143 3230 tina.
185 3170 304 3251 lloyses
325 3192 443 3254 quoque
465 3174 553 3238 dixit:
576 3176 613 3238 Si
632 3176 727 3239 alieni
746 3177 807 3257 filo·
825 3179 904 3255 scoti
922 3179 1052 3256 suerint.
1098 3176 1130 3237 Si
1152 3193 1223 3254 ergo
1245 3173 1296 3234 Fi-

86 3264 130 3329 llts
148 3270 221 3335 alins
243 3283 293 3336 est
313 3293 331 3336 a
352 3275 444 3338 rebus
466 3276 561 3352 lactis,
585 3277 726 3356 solusque
742 3279 881 3358 proprius
899 3287 945 3340 est
959 3286 1082 3340 naturae
1096 3278 1193 3340 Patris
1208 3278 1297 3351 tetus,

88 3367 177 3434 lustra
202 3374 304 3436 Amani
330 3375 502 3455 disputandi
530 3378 719 3439 occasionem
752 3399 787 3439 ex
821 3378 963 3441 vocabulo
997 3381 1099 3459 sectos
1133 3377 1297 3457 arripuere.

90 3465 143 3533 dtu
163 3474 188 3536 si
209 3475 260 3537 hic
278 3476 362 3539 fracti
384 3477 498 3558 pudore
520 3479 628 3541 iterum
651 3480 839 3554 contendant,
863 3480 912 3542 illa
933 3479 1022 3542 rerba
1038 3488 1205 3559 comparate
1220 3477 1298 3540 dicta

116 3636 132 3683 l·
151 3627 206 3706 dep.
231 3637 255 3679 et
273 3629 374 3691 Segner.
401 3629 440 3695 τῷ
463 3630 656 3696 γεγεννῆσθαι.
709 3624 793 3681 αὐτοῦ
817 3628 950 3698 λέγονται.
986 3631 1080 3710 Anplic.
1105 3629 1155 3679 roi
1182 3626 1299 3695 γενητοῦ

92 3684 128 3739 ¹⁰1
141 3693 210 3746 Bosrl.
227 3704 252 3747 et
270 3697 376 3747 Felelnn.
392 3699 416 3748 5.
433 3693 573 3763 γεννητόν.
611 3700 657 3750 nni
708 3694 769 3749 viad
786 3698 971 3765 γεγεννῆσθαι
992 3713 1040 3747 και
1062 3691 1147 3747 αὐτοῦ
1163 3694 1298 3762 λέγονται.

93 3760 166 3812 “edili
181 3758 305 3828 γενητόν.
708 3769 771 3884 digiti
789 3784 851 3847 vero
864 3777 886 3819 et
900 3769 945 3847 tolii
962 3760 1209 3881 percopiose-opi
1226 3761 1300 3846 γεγξ

237 3866 242 3876 -
611 3870 615 3879 .
709 3848 727 3884 o
749 3850 778 3883 ot
801 3849 850 3883 roo
878 3849 939 3884 otoo
967 3849 1014 3883 κατ
1041 3845 1175 3900 γεγεννησ
1196 3847 1226 3880 ατ
1248 3846 1286 3882 ort

93 3856 658 3998 ηηξῇξὲγεὲἱωῗοξιὸἶῗωξζῃῃεῗῑὶἳεῑῗ
709 3895 795 3952 αὐτοῦ
817 3899 952 3968 λέγονται.
993 3903 1097 3953 Felclrn.
1113 3903 1137 3952 5.
1164 3903 1236 3952 hahet
1259 3895 1301 3951 ii-

94 3986 174 4048 leltln.
187 4002 211 4051 5.
241 3993 471 4077 δημιουργήματα
496 3993 564 4051 ὄντα
586 3999 657 4069 λέγε·
707 3971 1066 4089 γοῖτῖῗῗηέηᾱῗῗ·παῐί

93 4055 142 4111 ⁴³⁸⁸
155 4079 277 4129 perrupto.
303 4069 395 4131 duplic.
414 4071 511 4121 Goltler.
531 4079 553 4120 et
571 4072 657 4122 Felclr-
760 4076 766 4087 '
805 4055 858 4089 ω’
888 4053 906 4086 ν
940 4053 961 4104 '¹'
1036 4052 1073 4104 ρ’

93 4132 168 4182 nro,1,
184 4137 274 4187 habent
291 4136 348 4186 itero
367 4126 434 4184 ὄντα
451 4133 586 4202 λέγεσθαι.
612 4140 657 4189 nlii

93 4198 182 4251 tuido
199 4203 318 4254 Commel.
340 4197 569 4319 diptetoopyiptoro
588 4194 659 4256 tiron
709 4244 829 4292 ominum·

93 4261 257 4380 “summ
274 4284 357 4335 rm
744 4324 776 4359 m.
795 4311 894 4372 Segoer.
913 4308 969 4359 τῶν
986 4308 1127 4375 γεννητῶν
1143 4299 1219 4356 υἱῶν.
1254 4305 1301 4356 ntit

117 4376 128 4411 ¹·
146 4366 257 4448 spolier.
276 4381 299 4423 et
314 4373 415 4436 Segoer.
451 4375 499 4424 Sed
518 4377 542 4425 in
555 4378 656 4439 Segoer.
708 4375 765 4425 τῶν
781 4369 851 4425 υἷῶν
867 4377 925 4426 τῶν
941 4377 1082 4443 γεννητῶν
1100 4383 1196 4441 praetor
1215 4373 1301 4425 Folek·

93 4436 126 4484 Ρη
138 4449 199 4486 W
210 4431 395 4503 Ῑθδῑῑΰῐᾱῦῐοὶ.
414 4443 623 4494 GoblerFelodno.
634 4445 656 4494 l.
708 4460 771 4495 mon.
785 4443 818 4505 2.,
837 4447 877 4511 qni
897 4456 924 4497 ot
941 4447 998 4496 editi
1016 4447 1089 4494 habet
1104 4440 1235 4509 γενητῶν.

94 4497 140 4552 ³⁵·
154 4505 200 4557 “i
214 4501 420 4573 νεννττοῦνῑνῦ
431 4508 600 4576 taetram
610 4505 657 4561 zat
741 4527 766 4565 n.
783 4512 889 4565 rernm.
899 4513 924 4564 o.
941 4509 1088 4580 γεννητῶν.

744 4107 759 4156 l.
784 4108 841 4168 lieo.
865 4107 963 4158 Gobler.
987 4115 1010 4156 et
1035 4107 1138 4156 Felclm.
1158 4106 1179 4154 l.
1210 4104 1301 4154 addunt
1354 4102 1358 4111 '

708 4168 754 4222 καὶ
766 4169 859 4240 χωρὶς
875 4164 960 4223 αὐτοῦ
978 4167 1084 4239 ἐγένετο
1104 4165 1166 4222 οὐδὲ
1183 4164 1219 4220 ἕν.
1255 4170 1301 4221 nni
