2948 5092
409 240 556 283 sererent
569 240 608 285 ns
623 240 767 285 nnensrrs
783 240 927 285 uiuamus
943 243 1060 287 ernonx.
1306 232 1346 295 67

118 390 405 455 consubstantialem
427 390 563 452 confiteri
585 411 617 453 se
638 390 810 453 affirmabat
854 391 935 454 llaec
956 401 1053 454 antem
1077 402 1147 456 snut
1165 396 1229 459 eius
1244 396 1432 459 verbmraao.

120 493 182 569 „lit
203 491 292 555 aliam
314 491 476 573 epistolam
499 491 620 571 scripsi,
649 490 699 553 nbi
722 491 857 566 ostendi,
885 492 987 555 tanam
1016 513 1086 559 esse
1107 515 1164 575 qua
1185 496 1228 558 illi
1248 497 1281 557 in
1301 516 1349 560 me

124 603 273 668 „utuntur
294 591 514 665 criminatione,
537 591 623 671 qnasi
644 592 758 655 scilicet
778 592 826 672 qni
845 611 1013 672 negassem,
1038 594 1186 658 Christum
1201 596 1264 658 Deo
1279 616 1349 659 esse

127 693 450 770 „consubstantialem
492 691 558 754 Etsi
581 692 661 755 enim
682 694 794 767 iateer,
821 710 871 755 me
898 693 928 754 id
957 695 1088 757 nominis
1117 697 1197 759 nullo
1229 699 1260 759 in
1281 698 1350 763 loco

129 805 319 870 „sanctarum
341 795 560 875 Scripturarnm
583 792 748 867 invenisse,
775 790 883 857 tumen
902 813 976 873 quae
1004 794 1227 877 subsequuntur
1258 776 1433 879 argnssrmi.

130 898 350 971 „tentationes
372 914 466 969 meae,
490 913 562 975 qnos
584 893 704 974 quidem
725 893 766 955 illi
787 894 980 967 reticuerunt,
1002 896 1038 957 ab
1057 899 1114 959 hac
1127 901 1273 962 sententia
1288 919 1350 963 non

132 998 331 1079 „discrepant
378 996 456 1069 Quin
480 996 568 1057 etiam
589 994 709 1057 hnmani
732 1005 835 1075 partus
857 996 1021 1074 exemplum
1037 998 1068 1061 in
1084 1000 1213 1061 medinm
1228 1001 1349 1080 protuh,

132 1118 237 1178 „quem
269 1117 380 1178 nempe
406 1097 596 1177 perspicuum
628 1105 675 1159 est
701 1095 835 1158 eiusdem
863 1115 932 1158 esse
959 1105 1096 1172 naturae,
1129 1100 1286 1180 addidique
1313 1121 1349 1165 eo

131 1201 250 1275 „solum
271 1207 413 1279 parentes
435 1198 511 1260 alios
533 1215 601 1260 esso
623 1216 639 1258 a
661 1197 725 1259 suis
745 1196 863 1272 liberis,
896 1197 976 1275 quod
1004 1198 1063 1277 ipsi
1091 1218 1151 1261 non
1174 1200 1234 1264 sint
1253 1201 1350 1276 liberi,

133 1320 208 1373 „nec
226 1300 301 1361 item
322 1318 450 1362 necesse
478 1317 547 1361 esse
569 1307 620 1360 ant
640 1306 778 1379 parentes
801 1315 870 1359 esse
892 1306 943 1358 aut
961 1297 1084 1361 liberos.
1104 1376 1108 1382 ι
1128 1300 1164 1362 Ει
1184 1300 1262 1365 hanc
1282 1302 1349 1382 qui-

134 1402 220 1476 „dem
240 1400 409 1479 epistolam,
432 1406 467 1460 ut
488 1398 556 1472 dixi,
579 1398 618 1459 eb
633 1406 821 1478 praesentem
835 1416 935 1461 rerum
956 1407 1066 1463 statum
1080 1401 1275 1464 exhibendam
1290 1421 1351 1467 non

135 1503 266 1576 „babe03
296 1500 429 1580 alioquin
449 1499 531 1578 ipsa,
560 1518 635 1579 quae
656 1507 726 1562 tune
746 1497 872 1581 scripsi,
900 1499 989 1561 verba
1017 1501 1062 1562 vel
1091 1501 1192 1581 potins
1219 1503 1351 1584 integrae

133 1603 299 1683 „epistolae
320 1600 471 1680 exemplar
492 1600 653 1675 misissem,
677 1600 767 1680 qnod,
789 1599 841 1661 ubi
862 1608 978 1679 potero,
1005 1602 1102 1663 lacere
1124 1622 1184 1665 non
1207 1604 1350 1668 emittam.

133 1703 271 1777 „llemini
294 1721 366 1764 sero
388 1702 542 1781 probeque
564 1701 643 1775 scio,
671 1720 720 1763 me
740 1701 868 1780 plurima
889 1719 1005 1776 rernm,
1039 1721 1115 1783 qnae
1136 1704 1270 1768 eiusdem
1292 1708 1353 1771 sint

134 1806 282 1885 „generis
306 1803 438 1882 exempla
459 1803 666 1883 proposuisse.
711 1802 843 1882 Namque
865 1801 940 1876 dixi,
962 1803 1092 1881 piantem
1114 1825 1150 1866 ex
1172 1808 1286 1871 semine
1307 1809 1353 1871 vel
1404 1868 1409 1883 ,

134 1926 190 1980 „ex
209 1907 310 1968 radice
333 1914 467 1966 exortam
489 1904 575 1975 aliam
596 1922 665 1965 esse
687 1903 723 1964 ab
747 1922 783 1965 ee
807 1903 885 1965 unde
906 1903 1049 1982 producta
1071 1914 1131 1980 est,
1166 1927 1232 1970 esse
1253 1919 1352 1975 tamen

135 2008 290 2081 „eiusdem
313 2016 453 2078 naturae,
476 2005 597 2067 fluvium
619 2004 756 2067 simihter
777 2023 812 2064 ex
833 2005 915 2066 iente
937 2014 1120 2068 emanantem
1143 2008 1221 2071 aliud
1242 2029 1352 2077 nomen

134 2109 273 2183 „habere
289 2125 387 2186 neque
402 2105 482 2169 enim
496 2108 608 2168 lenum
624 2104 681 2169 dici
695 2105 827 2179 durium,
849 2122 946 2184 neque
960 2106 1081 2168 fluvium
1096 2109 1220 2184 sentem,
1234 2118 1352 2173 unom-

135 2228 213 2288 „qne
234 2207 430 2271 nihilominus
454 2207 590 2280 existere,
613 2208 653 2268 ita
675 2214 709 2267 ut
729 2205 836 2268 lluvius
860 2205 899 2267 sit
920 2224 996 2285 aqna
1018 2225 1052 2268 ex
1070 2208 1152 2269 lente
1165 2210 1352 2288 profluens.“

210 2413 263 2475 26.
309 2408 397 2481 Quod
426 2416 523 2469 antem
545 2408 598 2469 llei
621 2407 749 2469 Verbum
776 2425 832 2468 nec
858 2409 966 2469 laetum
987 2426 1043 2469 neo
1064 2417 1193 2472 creatum
1216 2412 1271 2487 sit,
1300 2414 1354 2477 sed

134 2511 268 2591 proprius
292 2519 322 2571 et
343 2509 512 2571 individuus
533 2508 629 2570 Patris
650 2507 834 2571 substantiae
856 2509 948 2580 letus,
978 2518 1010 2570 ut
1031 2509 1150 2590 scripsit
1171 2530 1274 2592 magna
1297 2514 1353 2594 Sp-

134 2613 241 2685 nodns‚
268 2631 338 2674 ecce
360 2610 519 2691 Dionysius
551 2629 668 2690 qnoque
690 2610 802 2671 Romae
823 2608 990 2689 Episcopus
1013 2610 1147 2673 scribens
1170 2622 1274 2675 contra
1296 2615 1353 2677 Sa-

135 2713 273 2776 bellianos
296 2713 345 2774 his
366 2712 464 2775 verbis
486 2711 626 2774 adversus
649 2711 716 2772 illos
738 2709 923 2790 indignatur,
955 2710 1004 2789 qui
1026 2710 1093 2772 talia
1115 2712 1226 2774 audent
1245 2714 1354 2776 dicere.

136 2816 217 2889 „lam
239 2833 327 2887 rero,
352 2814 462 2892 inquit,
485 2831 611 2893 aequum
633 2811 722 2874 luerit
743 2811 883 2873 adversus
906 2809 973 2872 illos
996 2811 1166 2890 disputare,
1189 2813 1239 2892 qni
1260 2832 1354 2894 angu-

136 2917 321 2990 „stissimam
343 2915 396 2975 Ilei
411 2914 558 2976 Ecclesiae
573 2912 834 2993 praedicationem,
857 2911 1066 2986 Menarchiam,
1089 2913 1121 2973 in
1137 2921 1198 2975 tres
1214 2915 1356 2993 quasdam

136 3020 282 3091 „virtutes
304 3036 339 3077 ae
360 3023 511 3096 separatas
533 3016 712 3095 hypostases
735 3023 856 3092 tresque
878 3013 1044 3075 divinitates
1066 3013 1214 3089 dividunt,
1244 3017 1356 3079 discin-

137 3120 232 3192 „dnnt
252 3119 477 3196 destruuntqne.
520 3116 625 3178 Audivi
648 3116 727 3179 enim
749 3115 895 3194 quosdam
918 3133 953 3176 ex
975 3114 1040 3188 his,
1063 3116 1112 3194 qui
1134 3116 1211 3194 apud
1234 3137 1286 3179 vos
1309 3119 1356 3181 di-

138 3219 258 3292 „tinnm
280 3217 410 3280 l'erhnm
431 3217 604 3297 praedicent
625 3225 656 3281 et
676 3216 793 3289 docent,
816 3215 904 3277 huius
927 3214 1077 3294 opinionis
1098 3217 1256 3295 magistros
1279 3237 1358 3293 esse,

138 3321 207 3399 „qni
230 3320 350 3400 quidem
372 3339 409 3413 ex
430 3319 585 3394 diametro,
607 3325 642 3380 nt
662 3316 702 3379 ita
722 3316 845 3395 loquar,
868 3316 987 3377 Sabellii
1010 3318 1174 3379 sententiae
1196 3319 1358 3382 adversan-

138 3429 218 3494 „tnr.
260 3419 343 3482 lllins
373 3420 454 3480 enim
481 3420 512 3481 in
540 3438 577 3481 eo
605 3417 744 3481 consistit
772 3415 925 3497 impietas,
955 3416 1035 3496 qnod
1064 3416 1141 3479 dicat
1162 3418 1268 3480 Filium
1291 3440 1359 3484 esse

139 3522 279 3595 „Patrem
306 3530 337 3583 et
365 3519 511 3595 vicissim,
543 3520 585 3582 illi
614 3527 712 3581 autem
741 3525 802 3579 tres
824 3516 903 3579 Deos
933 3518 1150 3597 quedammodo
1179 3520 1359 3598 praedicant,

139 3642 227 3696 „cnm
254 3603 388 3686 sanctam
418 3623 558 3684 unitatem
588 3622 619 3682 in
641 3629 703 3683 tres
726 3620 859 3682 diversas
880 3619 1059 3698 hypostases
1081 3618 1160 3680 inter
1181 3639 1215 3681 se
1238 3621 1359 3685 omnino

139 3732 316 3805 ‚,separatas
339 3723 482 3785 diddunt.
524 3721 656 3785 Necesse
678 3728 726 3783 est
746 3719 835 3794 enim,
857 3718 990 3781 divinum
1011 3719 1140 3781 llerhnm
1154 3719 1216 3781 Deo
1239 3721 1360 3783 univer-

139 3844 265 3899 „sornm
288 3844 356 3887 esso
378 3826 503 3899 unitum,
527 3830 557 3885 et
577 3821 720 3904 Spiritum
741 3830 876 3885 sanetum
897 3820 928 3882 in
942 3820 1005 3882 nee
1025 3839 1145 3883 manere
1167 3829 1197 3882 et
1217 3821 1362 3895 hahitare,

138 3945 196 3998 „ac
214 3928 347 4007 denique
368 3926 496 3987 divinam
518 3925 693 3987 Trinitatem
715 3924 746 3984 in
769 3941 871 3996 unum,
894 3922 978 4002 quasi
992 3921 1023 3983 in
1045 3921 1200 4000 quemdam
1223 3921 1363 3983 verticem

140 4027 271 4102 ,tlleum
292 4028 503 4088 universorum
526 4027 761 4106 omnipotentem
783 4024 873 4101 heo),
895 4023 997 4084 reduci
1013 4030 1041 4084 et
1054 4023 1160 4100 colligi.
1183 4022 1255 4082 Nam
1272 4021 1363 4082 lutilis

138 4128 322 4200 ‚Marcionis
345 4127 496 4200 doctrina,
525 4146 601 4206 quae
628 4125 830 4188 monarchiam
858 4124 888 4184 in
911 4123 966 4184 tria
994 4123 1139 4202 principia
1160 4130 1241 4183 secat
1263 4130 1292 4181 et
1313 4120 1361 4181 di-

164 4317 184 4365 b.
200 4319 243 4367 Sic
263 4317 324 4377 Reg.
362 4314 441 4364 Ceteri
460 4322 539 4363 autem
559 4322 582 4363 et
599 4314 656 4364 editi
674 4312 725 4361 πᾶ·
812 4312 835 4360 d.
853 4309 902 4357 τοῦ
920 4311 988 4360 abest
1005 4326 1018 4359 a
1037 4311 1093 4371 lleg.

135 4395 181 4440 oo,
199 4396 227 4436 nt
245 4394 273 4435 et
289 4383 351 4444 legit
369 4383 480 4432 tmbros.
500 4382 607 4433 camald.
813 4394 833 4428 e.
853 4379 910 4441 lieg.
930 4372 992 4432 τοὺς
1008 4371 1262 4442 καταδιαιροῦντας,

164 4469 183 4505 e,
197 4454 262 4519 ¹⁸1·
282 4449 334 4510 τῆς
352 4450 451 4501 ominis
481 4505 484 4511 ,
1252 4506 1255 4513 ,

1121 4525 1158 4576 5*
