<?xml version="1.0" encoding="UTF-8"?>
<!DOCTYPE html PUBLIC "-//W3C//DTD XHTML 1.0 Transitional//EN"
    "http://www.w3.org/TR/xhtml1/DTD/xhtml1-transitional.dtd">
<html xmlns="http://www.w3.org/1999/xhtml" xml:lang="en" lang="en">
 <head>
  <title>
</title>
<meta http-equiv="Content-Type" content="text/html;charset=utf-8" />
  <meta name='ocr-system' content='tesseract 3.04.00' />
  <meta name='ocr-capabilities' content='ocr_page ocr_carea ocr_par ocr_line ocrx_word'/>
</head>
<body>
  <div class='ocr_page' id='page_1' title='image "./sanctiathanasii02athagoog_0705.png"; bbox 0 0 2948 5092; ppageno 0'>
   <div class='ocr_carea' id='block_1_1' title="bbox 48 207 1054 312">
    <p class='ocr_par' dir='ltr' id='par_1_1' title="bbox 48 207 1054 312">
     <span class='ocr_line' id='line_1_1' title="bbox 48 207 1054 312; baseline 0 -16"><span class='ocrx_word' id='word_1_1' title='bbox 48 207 53 223; x_wconf 44' lang='lat'>⁸</span> <span class='ocrx_word' id='word_1_2' title='bbox 139 220 141 224; x_wconf 34' lang='lat'>⁸</span> <span class='ocrx_word' id='word_1_3' title='bbox 211 248 276 312; x_wconf 70' lang='lat'><strong><em>506</em></strong></span> <span class='ocrx_word' id='word_1_4' title='bbox 423 281 425 287; x_wconf 82' lang='lat'><em>·</em></span> <span class='ocrx_word' id='word_1_5' title='bbox 614 258 643 300; x_wconf 84' lang='grc' dir='ltr'><strong><em>ι.</em></strong></span> <span class='ocrx_word' id='word_1_6' title='bbox 657 255 811 301; x_wconf 65' lang='lat' dir='ltr'><strong>Amnum</strong></span> <span class='ocrx_word' id='word_1_7' title='bbox 824 251 1054 299; x_wconf 73' lang='grc' dir='ltr'><strong><em>ιειιιενιιυιντ</em></strong></span> 
     </span>
    </p>
   </div>
   <div class='ocr_carea' id='block_1_2' title="bbox 126 395 1435 1314">
    <p class='ocr_par' dir='ltr' id='par_1_2' title="bbox 126 395 1434 1101">
     <span class='ocr_line' id='line_1_2' title="bbox 126 395 1432 492; baseline -0.007 -15"><span class='ocrx_word' id='word_1_8' title='bbox 126 431 204 477; x_wconf 76' lang='grc' dir='ltr'><strong><em>Μιι.</em></strong></span> <span class='ocrx_word' id='word_1_9' title='bbox 212 434 279 477; x_wconf 86' lang='grc' dir='ltr'><strong><em>των</em></strong></span> <span class='ocrx_word' id='word_1_10' title='bbox 299 407 383 486; x_wconf 84' lang='grc' dir='ltr'><strong><em>θεὸς</em></strong></span> <span class='ocrx_word' id='word_1_11' title='bbox 405 402 579 492; x_wconf 73' lang='grc' dir='ltr'><strong><em>εὐλογητὸς</em></strong></span> <span class='ocrx_word' id='word_1_12' title='bbox 602 403 650 481; x_wconf 86' lang='grc' dir='ltr'><strong><em>εἰς</em></strong></span> <span class='ocrx_word' id='word_1_13' title='bbox 671 402 749 479; x_wconf 88' lang='grc' dir='ltr'><strong><em>τοὺς</em></strong></span> <span class='ocrx_word' id='word_1_14' title='bbox 771 401 902 481; x_wconf 83' lang='grc' dir='ltr'><strong><em>αίιῦνας,</em></strong></span> <span class='ocrx_word' id='word_1_15' title='bbox 927 395 1052 487; x_wconf 76' lang='grc' dir='ltr'><strong><em>άμήν“).</em></strong></span> <span class='ocrx_word' id='word_1_16' title='bbox 1081 404 1155 468; x_wconf 73' lang='grc' dir='ltr'><strong><em>ικαὶ</em></strong></span> <span class='ocrx_word' id='word_1_17' title='bbox 1176 399 1300 485; x_wconf 76' lang='grc' dir='ltr'><strong><em>ἐπειδὴ</em></strong></span> <span class='ocrx_word' id='word_1_18' title='bbox 1314 399 1349 468; x_wconf 76' lang='grc' dir='ltr'><strong><em>ἐκ</em></strong></span> <span class='ocrx_word' id='word_1_19' title='bbox 1361 403 1432 468; x_wconf 90' lang='grc' dir='ltr'><strong><em>θεοῦ</em></strong></span> 
     </span>
     <span class='ocr_line' id='line_1_3' title="bbox 212 497 1433 589; baseline -0.007 -13"><span class='ocrx_word' id='word_1_20' title='bbox 212 509 295 587; x_wconf 85' lang='grc' dir='ltr'><strong><em>θεός</em></strong></span> <span class='ocrx_word' id='word_1_21' title='bbox 323 508 396 576; x_wconf 71' lang='grc' dir='ltr'><strong><em>ἐστι</em></strong></span> <span class='ocrx_word' id='word_1_22' title='bbox 423 511 477 574; x_wconf 79' lang='grc' dir='ltr'><strong><em>καί</em></strong></span> <span class='ocrx_word' id='word_1_23' title='bbox 506 509 565 572; x_wconf 87' lang='grc' dir='ltr'><strong><em>τοῦ</em></strong></span> <span class='ocrx_word' id='word_1_24' title='bbox 588 507 671 570; x_wconf 86' lang='grc' dir='ltr'><strong><em>θεοῦ</em></strong></span> <span class='ocrx_word' id='word_1_25' title='bbox 695 501 807 588; x_wconf 91' lang='grc' dir='ltr'><strong><em>λόγος,</em></strong></span> <span class='ocrx_word' id='word_1_26' title='bbox 829 508 949 589; x_wconf 90' lang='grc' dir='ltr'><strong><em>σοφία,</em></strong></span> <span class='ocrx_word' id='word_1_27' title='bbox 980 501 1051 580; x_wconf 86' lang='grc' dir='ltr'><strong><em>υίὸς</em></strong></span> <span class='ocrx_word' id='word_1_28' title='bbox 1071 501 1129 569; x_wconf 77' lang='grc' dir='ltr'><strong><em>καὶ</em></strong></span> <span class='ocrx_word' id='word_1_29' title='bbox 1150 500 1296 588; x_wconf 80' lang='grc' dir='ltr'><strong><em>ὑῦναμίς</em></strong></span> <span class='ocrx_word' id='word_1_30' title='bbox 1317 497 1433 568; x_wconf 75' lang='grc' dir='ltr'><strong><em>ἐστινὺ</em></strong></span> 
     </span>
     <span class='ocr_line' id='line_1_4' title="bbox 212 602 1435 729; baseline -0.006 -53"><span class='ocrx_word' id='word_1_31' title='bbox 212 609 376 729; x_wconf 65' lang='grc' dir='ltr'><strong><em>Χριστός,</em></strong></span> <span class='ocrx_word' id='word_1_32' title='bbox 401 608 459 675; x_wconf 83' lang='lat'><strong><em>666</em></strong></span> <span class='ocrx_word' id='word_1_33' title='bbox 481 611 579 673; x_wconf 83' lang='grc' dir='ltr'><strong><em>τοῦτο</em></strong></span> <span class='ocrx_word' id='word_1_34' title='bbox 603 602 650 683; x_wconf 80' lang='grc' dir='ltr'><strong><em>είς</em></strong></span> <span class='ocrx_word' id='word_1_35' title='bbox 671 603 792 723; x_wconf 72' lang='lat'>6669&#39;</span> <span class='ocrx_word' id='word_1_36' title='bbox 777 629 811 670; x_wconf 89' lang='grc' dir='ltr'><strong><em>εν</em></strong></span> <span class='ocrx_word' id='word_1_37' title='bbox 832 613 908 681; x_wconf 78' lang='grc' dir='ltr'><strong><em>ταῖς</em></strong></span> <span class='ocrx_word' id='word_1_38' title='bbox 929 609 1043 681; x_wconf 91' lang='grc' dir='ltr'><strong><em>θείαις</em></strong></span> <span class='ocrx_word' id='word_1_39' title='bbox 1062 614 1212 724; x_wconf 75' lang='grc' dir='ltr'><strong><em>γραφαῖς</em></strong></span> <span class='ocrx_word' id='word_1_40' title='bbox 1233 603 1435 689; x_wconf 75' lang='grc' dir='ltr'><strong><em>καταγγέλλι·</em></strong></span> 
     </span>
     <span class='ocr_line' id='line_1_5' title="bbox 213 693 1433 794; baseline -0.007 -16"><span class='ocrx_word' id='word_1_41' title='bbox 213 737 278 778; x_wconf 89' lang='grc' dir='ltr'><strong><em>ται.</em></strong></span> <span class='ocrx_word' id='word_1_42' title='bbox 316 714 375 777; x_wconf 86' lang='grc' dir='ltr'><strong><em>τοῦ</em></strong></span> <span class='ocrx_word' id='word_1_43' title='bbox 399 709 472 788; x_wconf 82' lang='grc' dir='ltr'><strong><em>ἑνὸς</em></strong></span> <span class='ocrx_word' id='word_1_44' title='bbox 492 709 554 794; x_wconf 85' lang='grc' dir='ltr'><strong><em>γὰρ</em></strong></span> <span class='ocrx_word' id='word_1_45' title='bbox 576 710 660 774; x_wconf 88' lang='grc' dir='ltr'><strong><em>θεοῦ</em></strong></span> <span class='ocrx_word' id='word_1_46' title='bbox 683 705 756 783; x_wconf 82' lang='grc' dir='ltr'><strong><em>υἱός</em></strong></span> <span class='ocrx_word' id='word_1_47' title='bbox 778 698 824 772; x_wconf 79' lang='grc' dir='ltr'><strong><em>ὢν</em></strong></span> <span class='ocrx_word' id='word_1_48' title='bbox 847 700 864 770; x_wconf 93' lang='lat'><strong><em>6</em></strong></span> <span class='ocrx_word' id='word_1_49' title='bbox 887 703 1034 789; x_wconf 84' lang='grc' dir='ltr'><strong><em>λόγος’</em></strong></span> <span class='ocrx_word' id='word_1_50' title='bbox 1005 729 1053 783; x_wconf 89' lang='grc' dir='ltr'><strong><em>εις</em></strong></span> <span class='ocrx_word' id='word_1_51' title='bbox 1073 699 1186 784; x_wconf 77' lang='grc' dir='ltr'><strong><em>αὐτόν,</em></strong></span> <span class='ocrx_word' id='word_1_52' title='bbox 1210 693 1254 770; x_wconf 87' lang='grc' dir='ltr'><strong><em>οὑ</em></strong></span> <span class='ocrx_word' id='word_1_53' title='bbox 1276 704 1364 770; x_wconf 78' lang='grc' dir='ltr'><strong><em>καὶ</em></strong></span> <span class='ocrx_word' id='word_1_54' title='bbox 1347 727 1433 783; x_wconf 87' lang='grc' dir='ltr'><strong><em>εστιν,</em></strong></span> 
     </span>
     <span class='ocr_line' id='line_1_6' title="bbox 215 802 1434 899; baseline -0.007 -19"><span class='ocrx_word' id='word_1_55' title='bbox 215 806 425 899; x_wconf 82' lang='grc' dir='ltr'><strong><em>άναφέρειαι,</em></strong></span> <span class='ocrx_word' id='word_1_56' title='bbox 449 806 531 887; x_wconf 82' lang='lat'>66966</span> <span class='ocrx_word' id='word_1_57' title='bbox 554 807 612 874; x_wconf 87' lang='lat'><strong><em>660</em></strong></span> <span class='ocrx_word' id='word_1_58' title='bbox 634 809 676 890; x_wconf 79' lang='grc' dir='ltr'><strong><em>μὲ</em></strong></span> <span class='ocrx_word' id='word_1_59' title='bbox 678 835 694 874; x_wconf 90' lang='grc' dir='ltr'><strong><em>ν</em></strong></span> <span class='ocrx_word' id='word_1_60' title='bbox 660 802 803 874; x_wconf 78' lang='grc' dir='ltr'><strong><em>ὲελναι</em></strong></span> <span class='ocrx_word' id='word_1_61' title='bbox 824 811 953 891; x_wconf 78' lang='grc' dir='ltr'><strong><em>πατέρα</em></strong></span> <span class='ocrx_word' id='word_1_62' title='bbox 975 810 1029 872; x_wconf 85' lang='grc' dir='ltr'><strong><em>καλ</em></strong></span> <span class='ocrx_word' id='word_1_63' title='bbox 1051 805 1133 885; x_wconf 78' lang='grc' dir='ltr'><strong><em>υἱόν,</em></strong></span> <span class='ocrx_word' id='word_1_64' title='bbox 1157 804 1294 890; x_wconf 81' lang='grc' dir='ltr'><strong><em>μονάδα</em></strong></span> <span class='ocrx_word' id='word_1_65' title='bbox 1316 805 1434 873; x_wconf 78' lang='grc' dir='ltr'><strong><em>όὲθεό</em></strong></span> 
     </span>
     <span class='ocr_line' id='line_1_7' title="bbox 212 901 1434 1003; baseline -0.006 -23"><span class='ocrx_word' id='word_1_66' title='bbox 212 936 313 1003; x_wconf 81' lang='grc' dir='ltr'><strong><em>ιητος</em></strong></span> <span class='ocrx_word' id='word_1_67' title='bbox 340 908 529 997; x_wconf 79' lang='grc' dir='ltr'><strong><em>ἀδιαίρετον</em></strong></span> <span class='ocrx_word' id='word_1_68' title='bbox 555 909 611 976; x_wconf 80' lang='grc' dir='ltr'><strong><em>καὶ</em></strong></span> <span class='ocrx_word' id='word_1_69' title='bbox 640 907 807 991; x_wconf 86' lang='grc' dir='ltr'><strong><em>άσχιστον.</em></strong></span> <span class='ocrx_word' id='word_1_70' title='bbox 855 909 988 993; x_wconf 82' lang='grc' dir='ltr'><strong><em>λεχθείη</em></strong></span> <span class='ocrx_word' id='word_1_71' title='bbox 1017 901 1097 973; x_wconf 72' lang='grc' dir='ltr'><strong><em>ό’”</em></strong></span> <span class='ocrx_word' id='word_1_72' title='bbox 1075 934 1116 973; x_wconf 89' lang='grc' dir='ltr'><strong><em>αν</em></strong></span> <span class='ocrx_word' id='word_1_73' title='bbox 1143 906 1222 974; x_wconf 64' lang='grc' dir='ltr'><strong><em>1’καὶ</em></strong></span> <span class='ocrx_word' id='word_1_74' title='bbox 1251 903 1361 986; x_wconf 81' lang='grc' dir='ltr'><strong><em>οὑτως</em></strong></span> <span class='ocrx_word' id='word_1_75' title='bbox 1383 912 1434 990; x_wconf 87' lang='grc' dir='ltr'><strong><em>μία</em></strong></span> 
     </span>
     <span class='ocr_line' id='line_1_8' title="bbox 214 1004 1433 1101; baseline -0.005 -22"><span class='ocrx_word' id='word_1_76' title='bbox 214 1010 294 1101; x_wconf 73' lang='grc' dir='ltr'><strong><em>ὀρχη</em></strong></span> <span class='ocrx_word' id='word_1_77' title='bbox 317 1013 480 1100; x_wconf 79' lang='grc' dir='ltr'><strong><em>θεότητος</em></strong></span> <span class='ocrx_word' id='word_1_78' title='bbox 500 1014 554 1078; x_wconf 86' lang='grc' dir='ltr'><strong><em>καὶ</em></strong></span> <span class='ocrx_word' id='word_1_79' title='bbox 577 1007 616 1077; x_wconf 90' lang='lat'><strong><em>06</em></strong></span> <span class='ocrx_word' id='word_1_80' title='bbox 639 1010 698 1077; x_wconf 85' lang='grc' dir='ltr'><strong><em>δύο</em></strong></span> <span class='ocrx_word' id='word_1_81' title='bbox 721 1004 827 1096; x_wconf 89' lang='grc' dir='ltr'><strong><em>άρχαί,</em></strong></span> <span class='ocrx_word' id='word_1_82' title='bbox 850 1004 933 1077; x_wconf 80' lang='grc' dir='ltr'><strong><em>ὅθεν</em></strong></span> <span class='ocrx_word' id='word_1_83' title='bbox 954 1015 1075 1094; x_wconf 92' lang='grc' dir='ltr'><strong><em>κυρίως</em></strong></span> <span class='ocrx_word' id='word_1_84' title='bbox 1094 1010 1149 1075; x_wconf 82' lang='grc' dir='ltr'><strong><em>καὶ</em></strong></span> <span class='ocrx_word' id='word_1_85' title='bbox 1164 1015 1334 1095; x_wconf 78' lang='grc' dir='ltr'><strong><em>μοναρχία</em></strong></span> <span class='ocrx_word' id='word_1_86' title='bbox 1347 1008 1433 1076; x_wconf 76' lang='grc' dir='ltr'><strong><em>ἐστίν.</em></strong></span> 
     </span>
    </p>

    <p class='ocr_par' dir='ltr' id='par_1_3' title="bbox 136 1105 1433 1233">
     <span class='ocr_line' id='line_1_9' title="bbox 136 1105 1433 1233; baseline -0.004 -50"><span class='ocrx_word' id='word_1_87' title='bbox 136 1138 139 1144; x_wconf 92' lang='grc'><em>·</em></span> <span class='ocrx_word' id='word_1_88' title='bbox 215 1115 251 1195; x_wconf 74' lang='grc' dir='ltr'><strong><em>ἐξ</em></strong></span> <span class='ocrx_word' id='word_1_89' title='bbox 272 1111 372 1201; x_wconf 83' lang='grc' dir='ltr'><strong><em>αὑτῆς</em></strong></span> <span class='ocrx_word' id='word_1_90' title='bbox 395 1117 431 1182; x_wconf 79' lang='lat'><strong><em>66</em></strong></span> <span class='ocrx_word' id='word_1_91' title='bbox 452 1118 511 1201; x_wconf 80' lang='grc' dir='ltr'><strong><em>τῆς</em></strong></span> <span class='ocrx_word' id='word_1_92' title='bbox 533 1109 632 1200; x_wconf 74' lang='grc' dir='ltr'><strong><em>ἀρχῆς</em></strong></span> <span class='ocrx_word' id='word_1_93' title='bbox 654 1110 848 1201; x_wconf 65' lang='grc' dir='ltr'><strong><em>έστινφόσει</em></strong></span> <span class='ocrx_word' id='word_1_94' title='bbox 868 1109 940 1189; x_wconf 77' lang='grc' dir='ltr'><strong><em>υἱὸς</em></strong></span> <span class='ocrx_word' id='word_1_95' title='bbox 955 1107 973 1176; x_wconf 88' lang='lat'>6</span> <span class='ocrx_word' id='word_1_96' title='bbox 988 1109 1093 1196; x_wconf 90' lang='grc' dir='ltr'><strong><em>λόγος,</em></strong></span> <span class='ocrx_word' id='word_1_97' title='bbox 1117 1105 1177 1194; x_wconf 84' lang='grc' dir='ltr'><strong><em>οὑχ</em></strong></span> <span class='ocrx_word' id='word_1_98' title='bbox 1191 1107 1240 1190; x_wconf 82' lang='lat'><strong><em>669</em></strong></span> <span class='ocrx_word' id='word_1_99' title='bbox 1255 1107 1338 1233; x_wconf 78' lang='grc' dir='ltr'><strong><em>ἁρχὴ</em></strong></span> <span class='ocrx_word' id='word_1_100' title='bbox 1353 1111 1433 1196; x_wconf 74' lang='grc' dir='ltr'><strong><em>ἑτέρα</em></strong></span> 
     </span>
    </p>

    <p class='ocr_par' dir='ltr' id='par_1_4' title="bbox 156 1208 1430 1314">
     <span class='ocr_line' id='line_1_10' title="bbox 156 1208 1430 1314; baseline -0.005 -30"><span class='ocrx_word' id='word_1_101' title='bbox 156 1300 166 1314; x_wconf 22' lang='lat' dir='ltr'>N</span> <span class='ocrx_word' id='word_1_102' title='bbox 214 1211 290 1284; x_wconf 87' lang='grc' dir='ltr'><strong><em>καθ</em></strong></span> <span class='ocrx_word' id='word_1_103' title='bbox 316 1215 434 1284; x_wconf 81' lang='grc' dir='ltr'><strong><em>ἑαυτὸν</em></strong></span> <span class='ocrx_word' id='word_1_104' title='bbox 455 1212 608 1303; x_wconf 86' lang='grc' dir='ltr'><strong><em>ὑφεστιὺς</em></strong></span> <span class='ocrx_word' id='word_1_105' title='bbox 631 1208 704 1279; x_wconf 89' lang='lat'><strong><em>066</em></strong></span> <span class='ocrx_word' id='word_1_106' title='bbox 730 1211 856 1292; x_wconf 68' lang='grc' dir='ltr'><strong><em>ἔξωθεν</em></strong></span> <span class='ocrx_word' id='word_1_107' title='bbox 877 1212 999 1299; x_wconf 84' lang='grc' dir='ltr'><strong><em>ταύτης</em></strong></span> <span class='ocrx_word' id='word_1_108' title='bbox 1012 1212 1161 1299; x_wconf 82' lang='grc' dir='ltr'><strong><em>γεγονώς,</em></strong></span> <span class='ocrx_word' id='word_1_109' title='bbox 1187 1212 1302 1279; x_wconf 79' lang='grc' dir='ltr'><strong><em>ἵνα</em></strong></span> <span class='ocrx_word' id='word_1_110' title='bbox 1261 1239 1308 1298; x_wconf 89' lang='grc' dir='ltr'><strong><em>μη</em></strong></span> <span class='ocrx_word' id='word_1_111' title='bbox 1322 1239 1362 1300; x_wconf 82' lang='grc' dir='ltr'><strong><em>ιη</em></strong></span> <span class='ocrx_word' id='word_1_112' title='bbox 1346 1213 1430 1279; x_wconf 76' lang='grc' dir='ltr'><strong><em>έιε</em></strong></span> 
     </span>
    </p>
   </div>
   <div class='ocr_carea' id='block_1_3' title="bbox 103 1364 1435 3325">
    <p class='ocr_par' dir='ltr' id='par_1_5' title="bbox 103 1364 1435 3234">
     <span class='ocr_line' id='line_1_11' title="bbox 218 1364 1431 1540; baseline -0.004 -54.933"><span class='ocrx_word' id='word_1_113' title='bbox 218 1416 320 1498; x_wconf 68' lang='grc' dir='ltr'><strong><em>ουίός,</em></strong></span> <span class='ocrx_word' id='word_1_114' title='bbox 346 1418 415 1485; x_wconf 81' lang='grc' dir='ltr'><strong><em>ἰδία</em></strong></span> <span class='ocrx_word' id='word_1_115' title='bbox 438 1427 560 1539; x_wconf 81' lang='grc' dir='ltr'><strong><em>σοφία,</em></strong></span> <span class='ocrx_word' id='word_1_116' title='bbox 584 1418 671 1495; x_wconf 82' lang='grc' dir='ltr'><strong><em>’ίόιος</em></strong></span> <span class='ocrx_word' id='word_1_117' title='bbox 693 1415 790 1540; x_wconf 88' lang='grc' dir='ltr'><strong><em>λόγος</em></strong></span> <span class='ocrx_word' id='word_1_118' title='bbox 812 1411 907 1495; x_wconf 79' lang='grc' dir='ltr'><strong><em>ἐξ</em></strong></span> <span class='ocrx_word' id='word_1_119' title='bbox 868 1364 969 1502; x_wconf 78' lang='lat'>66669</span> <span class='ocrx_word' id='word_1_120' title='bbox 990 1412 1160 1539; x_wconf 78' lang='grc' dir='ltr'><strong><em>ὑπάρχων.</em></strong></span> <span class='ocrx_word' id='word_1_121' title='bbox 1196 1415 1290 1483; x_wconf 83' lang='grc' dir='ltr'><strong><em>κατὰ</em></strong></span> <span class='ocrx_word' id='word_1_122' title='bbox 1306 1415 1368 1503; x_wconf 81' lang='grc' dir='ltr'><strong><em>γάρ</em></strong></span> <span class='ocrx_word' id='word_1_123' title='bbox 1387 1414 1431 1480; x_wconf 81' lang='grc' dir='ltr'><strong><em>τόν</em></strong></span> 
     </span>
     <span class='ocr_line' id='line_1_12' title="bbox 212 1509 1432 1639; baseline -0.003 -52.984"><span class='ocrx_word' id='word_1_124' title='bbox 212 1514 405 1606; x_wconf 77' lang='grc' dir='ltr'><strong><em>Ἰωάννην</em></strong></span> <span class='ocrx_word' id='word_1_125' title='bbox 391 1546 425 1586; x_wconf 87' lang='grc' dir='ltr'><strong><em>εν</em></strong></span> <span class='ocrx_word' id='word_1_126' title='bbox 447 1520 548 1606; x_wconf 79' lang='grc' dir='ltr'><strong><em>ταύτῃ</em></strong></span> <span class='ocrx_word' id='word_1_127' title='bbox 571 1522 610 1605; x_wconf 80' lang='lat'><strong><em>66</em></strong></span> <span class='ocrx_word' id='word_1_128' title='bbox 634 1514 714 1639; x_wconf 83' lang='grc' dir='ltr'><strong><em>ἆρχη</em></strong></span> <span class='ocrx_word' id='word_1_129' title='bbox 737 1521 776 1638; x_wconf 75' lang='grc' dir='ltr'><strong><em>ην</em></strong></span> <span class='ocrx_word' id='word_1_130' title='bbox 799 1542 818 1584; x_wconf 96' lang='grc' dir='ltr'><strong><em>ο</em></strong></span> <span class='ocrx_word' id='word_1_131' title='bbox 806 1513 952 1604; x_wconf 64' lang='grc' dir='ltr'><strong><em>ελόγος,</em></strong></span> <span class='ocrx_word' id='word_1_132' title='bbox 981 1517 1037 1584; x_wconf 90' lang='grc' dir='ltr'><strong><em>καὶ</em></strong></span> <span class='ocrx_word' id='word_1_133' title='bbox 1059 1515 1076 1584; x_wconf 92' lang='lat'><strong><em>6</em></strong></span> <span class='ocrx_word' id='word_1_134' title='bbox 1098 1509 1241 1604; x_wconf 73' lang='grc' dir='ltr'><strong><em>λόγοςῖ</em></strong></span> <span class='ocrx_word' id='word_1_135' title='bbox 1218 1545 1262 1605; x_wconf 91' lang='grc' dir='ltr'><strong><em>ην</em></strong></span> <span class='ocrx_word' id='word_1_136' title='bbox 1283 1518 1377 1605; x_wconf 91' lang='grc' dir='ltr'><strong><em>πρὸς</em></strong></span> <span class='ocrx_word' id='word_1_137' title='bbox 1387 1515 1432 1583; x_wconf 83' lang='grc' dir='ltr'><strong><em>τόν</em></strong></span> 
     </span>
     <span class='ocr_line' id='line_1_13' title="bbox 218 1614 1434 1742; baseline -0.002 -55"><span class='ocrx_word' id='word_1_138' title='bbox 218 1621 345 1701; x_wconf 51' lang='grc' dir='ltr'><strong><em>θεόνλ),</em></strong></span> <span class='ocrx_word' id='word_1_139' title='bbox 379 1621 462 1699; x_wconf 88' lang='grc' dir='ltr'><strong><em>θεὸς</em></strong></span> <span class='ocrx_word' id='word_1_140' title='bbox 489 1621 550 1707; x_wconf 88' lang='grc' dir='ltr'><strong><em>γάρ</em></strong></span> <span class='ocrx_word' id='word_1_141' title='bbox 581 1620 671 1687; x_wconf 77' lang='grc' dir='ltr'><strong><em>ἐστιν</em></strong></span> <span class='ocrx_word' id='word_1_142' title='bbox 695 1616 713 1704; x_wconf 83' lang='lat'><strong><em>6</em></strong></span> <span class='ocrx_word' id='word_1_143' title='bbox 739 1614 837 1742; x_wconf 84' lang='grc' dir='ltr'><strong><em>άρχη·</em></strong></span> <span class='ocrx_word' id='word_1_144' title='bbox 870 1622 925 1686; x_wconf 84' lang='grc' dir='ltr'><strong><em>καλ</em></strong></span> <span class='ocrx_word' id='word_1_145' title='bbox 948 1619 1064 1707; x_wconf 79' lang='grc' dir='ltr'><strong><em>ἐπειδὴ</em></strong></span> <span class='ocrx_word' id='word_1_146' title='bbox 1087 1615 1183 1700; x_wconf 79' lang='grc' dir='ltr'><strong><em>έξ’</em></strong></span> <span class='ocrx_word' id='word_1_147' title='bbox 1129 1646 1248 1742; x_wconf 88' lang='grc' dir='ltr'><strong><em>αντης</em></strong></span> <span class='ocrx_word' id='word_1_148' title='bbox 1271 1620 1359 1701; x_wconf 76' lang='grc' dir='ltr'><strong><em>ἐστι,</em></strong></span> <span class='ocrx_word' id='word_1_149' title='bbox 1389 1616 1434 1685; x_wconf 83' lang='grc' dir='ltr'><strong><em>όιὺ</em></strong></span> 
     </span>
     <span class='ocr_line' id='line_1_14' title="bbox 216 1658 1433 1810; baseline 0 -22"><span class='ocrx_word' id='word_1_150' title='bbox 216 1727 316 1790; x_wconf 88' lang='grc' dir='ltr'><strong><em>τοῦτο</em></strong></span> <span class='ocrx_word' id='word_1_151' title='bbox 344 1724 400 1790; x_wconf 88' lang='grc' dir='ltr'><strong><em>καὶ</em></strong></span> <span class='ocrx_word' id='word_1_152' title='bbox 428 1727 511 1802; x_wconf 87' lang='grc' dir='ltr'><strong><em>θεὸς</em></strong></span> <span class='ocrx_word' id='word_1_153' title='bbox 539 1713 617 1810; x_wconf 79' lang='grc' dir='ltr'><strong><em>ἦν</em></strong></span> <span class='ocrx_word' id='word_1_154' title='bbox 602 1748 620 1787; x_wconf 94' lang='grc' dir='ltr'><strong><em>ο</em></strong></span> <span class='ocrx_word' id='word_1_155' title='bbox 642 1658 748 1807; x_wconf 87' lang='grc' dir='ltr'><strong><em>λόγός.</em></strong></span> <span class='ocrx_word' id='word_1_156' title='bbox 788 1718 898 1806; x_wconf 81' lang='grc' dir='ltr'><strong><em>ιόςπερ</em></strong></span> <span class='ocrx_word' id='word_1_157' title='bbox 921 1723 956 1788; x_wconf 79' lang='grc' dir='ltr'><strong><em>δὲ</em></strong></span> <span class='ocrx_word' id='word_1_158' title='bbox 978 1729 1040 1804; x_wconf 92' lang='grc' dir='ltr'><strong><em>μία</em></strong></span> <span class='ocrx_word' id='word_1_159' title='bbox 1062 1715 1149 1808; x_wconf 83' lang='grc' dir='ltr'><strong><em>άρχὴ·</em></strong></span> <span class='ocrx_word' id='word_1_160' title='bbox 1164 1721 1222 1788; x_wconf 81' lang='grc' dir='ltr'><strong><em>καὶ</em></strong></span> <span class='ocrx_word' id='word_1_161' title='bbox 1244 1722 1332 1790; x_wconf 86' lang='grc' dir='ltr'><strong><em>κατὰ</em></strong></span> <span class='ocrx_word' id='word_1_162' title='bbox 1351 1725 1433 1789; x_wconf 79' lang='grc' dir='ltr'><strong><em>τοῦτο</em></strong></span> 
     </span>
     <span class='ocr_line' id='line_1_15' title="bbox 219 1813 1434 1910; baseline -0.002 -18"><span class='ocrx_word' id='word_1_163' title='bbox 219 1820 268 1903; x_wconf 79' lang='grc' dir='ltr'><strong><em>εἷς</em></strong></span> <span class='ocrx_word' id='word_1_164' title='bbox 288 1824 380 1903; x_wconf 88' lang='grc' dir='ltr'><strong><em>θεός,</em></strong></span> <span class='ocrx_word' id='word_1_165' title='bbox 405 1821 510 1902; x_wconf 78' lang='grc' dir='ltr'><strong><em>οὑτως</em></strong></span> <span class='ocrx_word' id='word_1_166' title='bbox 532 1819 552 1910; x_wconf 87' lang='lat'><strong><em>6</em></strong></span> <span class='ocrx_word' id='word_1_167' title='bbox 575 1826 621 1909; x_wconf 80' lang='grc' dir='ltr'><strong><em>τηῦ</em></strong></span> <span class='ocrx_word' id='word_1_168' title='bbox 645 1820 718 1888; x_wconf 89' lang='grc' dir='ltr'><strong><em>όντι</em></strong></span> <span class='ocrx_word' id='word_1_169' title='bbox 740 1821 796 1889; x_wconf 78' lang='grc' dir='ltr'><strong><em>καὶ</em></strong></span> <span class='ocrx_word' id='word_1_170' title='bbox 817 1817 954 1909; x_wconf 86' lang='grc' dir='ltr'><strong><em>άληθιῦς</em></strong></span> <span class='ocrx_word' id='word_1_171' title='bbox 975 1825 1030 1889; x_wconf 81' lang='grc' dir='ltr'><strong><em>καὶ</em></strong></span> <span class='ocrx_word' id='word_1_172' title='bbox 1053 1821 1156 1902; x_wconf 90' lang='grc' dir='ltr'><strong><em>όντως</em></strong></span> <span class='ocrx_word' id='word_1_173' title='bbox 1179 1813 1268 1891; x_wconf 80' lang='grc' dir='ltr'><strong><em>οὑσα</em></strong></span> <span class='ocrx_word' id='word_1_174' title='bbox 1282 1821 1434 1892; x_wconf 84' lang='grc' dir='ltr'><strong><em>οόσίακιό</em></strong></span> 
     </span>
     <span class='ocr_line' id='line_1_16' title="bbox 217 1920 1434 2010; baseline 0.001 -19"><span class='ocrx_word' id='word_1_175' title='bbox 217 1921 406 2003; x_wconf 76' lang='grc' dir='ltr'><strong><em>ὑπόστασις</em></strong></span> <span class='ocrx_word' id='word_1_176' title='bbox 427 1933 489 2010; x_wconf 92' lang='grc' dir='ltr'><strong><em>μία</em></strong></span> <span class='ocrx_word' id='word_1_177' title='bbox 512 1925 601 1991; x_wconf 78' lang='grc' dir='ltr'><strong><em>ἐστὶν</em></strong></span> <span class='ocrx_word' id='word_1_178' title='bbox 623 1921 642 2010; x_wconf 88' lang='lat'><strong><em>6</em></strong></span> <span class='ocrx_word' id='word_1_179' title='bbox 666 1926 821 2010; x_wconf 79' lang='grc' dir='ltr'><strong><em>λέγουσα·</em></strong></span> <span class='ocrx_word' id='word_1_180' title='bbox 844 1922 908 2008; x_wconf 74' lang='grc' dir='ltr'><strong><em>ἐγώ</em></strong></span> <span class='ocrx_word' id='word_1_181' title='bbox 931 1924 1000 2008; x_wconf 85' lang='grc' dir='ltr'><strong><em>είμι</em></strong></span> <span class='ocrx_word' id='word_1_182' title='bbox 1021 1921 1040 1989; x_wconf 91' lang='lat'><strong><em>6</em></strong></span> <span class='ocrx_word' id='word_1_183' title='bbox 1063 1922 1147 2005; x_wconf 62' lang='grc' dir='ltr'><strong><em>ὤν’),</em></strong></span> <span class='ocrx_word' id='word_1_184' title='bbox 1171 1920 1285 1992; x_wconf 84' lang='grc' dir='ltr'><strong><em>καλοῦ</em></strong></span> <span class='ocrx_word' id='word_1_185' title='bbox 1301 1926 1372 2007; x_wconf 85' lang='lat'>660,</span> <span class='ocrx_word' id='word_1_186' title='bbox 1391 1928 1434 1995; x_wconf 73' lang='grc' dir='ltr'><strong><em>ἵνα</em></strong></span> 
     </span>
     <span class='ocr_line' id='line_1_17' title="bbox 132 2022 1435 2116; baseline 0.002 -24"><span class='ocrx_word' id='word_1_187' title='bbox 132 2047 209 2092; x_wconf 71' lang='grc' dir='ltr'><strong><em>αιιε.</em></strong></span> <span class='ocrx_word' id='word_1_188' title='bbox 217 2028 261 2116; x_wconf 83' lang='grc' dir='ltr'><strong><em>μὴ</em></strong></span> <span class='ocrx_word' id='word_1_189' title='bbox 285 2026 343 2094; x_wconf 83' lang='grc' dir='ltr'><strong><em>δύο</em></strong></span> <span class='ocrx_word' id='word_1_190' title='bbox 367 2022 483 2112; x_wconf 81' lang='grc' dir='ltr'><strong><em>ἀρχαί,</em></strong></span> <span class='ocrx_word' id='word_1_191' title='bbox 516 2026 550 2093; x_wconf 75' lang='grc' dir='ltr'><strong><em>ἐκ</em></strong></span> <span class='ocrx_word' id='word_1_192' title='bbox 579 2028 615 2092; x_wconf 84' lang='lat'><strong><em>66</em></strong></span> <span class='ocrx_word' id='word_1_193' title='bbox 637 2030 695 2113; x_wconf 84' lang='grc' dir='ltr'><strong><em>τῆς</em></strong></span> <span class='ocrx_word' id='word_1_194' title='bbox 716 2030 797 2110; x_wconf 86' lang='grc' dir='ltr'><strong><em>μιᾶς</em></strong></span> <span class='ocrx_word' id='word_1_195' title='bbox 819 2024 919 2113; x_wconf 88' lang='grc' dir='ltr'><strong><em>φόσει</em></strong></span> <span class='ocrx_word' id='word_1_196' title='bbox 941 2030 995 2093; x_wconf 87' lang='grc' dir='ltr'><strong><em>καί</em></strong></span> <span class='ocrx_word' id='word_1_197' title='bbox 1018 2022 1157 2113; x_wconf 82' lang='grc' dir='ltr'><strong><em>άληθῶς</em></strong></span> <span class='ocrx_word' id='word_1_198' title='bbox 1178 2027 1268 2109; x_wconf 84' lang='grc' dir='ltr'><strong><em>υίός,</em></strong></span> <span class='ocrx_word' id='word_1_199' title='bbox 1301 2025 1321 2095; x_wconf 90' lang='lat'><strong><em>6</em></strong></span> <span class='ocrx_word' id='word_1_200' title='bbox 1342 2029 1435 2115; x_wconf 82' lang='grc' dir='ltr'><strong><em>λόγος,</em></strong></span> 
     </span>
     <span class='ocr_line' id='line_1_18' title="bbox 103 2123 1435 2220; baseline 0.002 -25"><span class='ocrx_word' id='word_1_201' title='bbox 103 2162 106 2166; x_wconf 51' lang='lat'><strong><em>⁴</em></strong></span> <span class='ocrx_word' id='word_1_202' title='bbox 217 2126 237 2217; x_wconf 89' lang='lat'><strong><em>6</em></strong></span> <span class='ocrx_word' id='word_1_203' title='bbox 261 2137 381 2217; x_wconf 87' lang='grc' dir='ltr'><strong><em>σοφία,</em></strong></span> <span class='ocrx_word' id='word_1_204' title='bbox 411 2125 431 2214; x_wconf 85' lang='lat'><strong><em>6</em></strong></span> <span class='ocrx_word' id='word_1_205' title='bbox 460 2128 598 2212; x_wconf 80' lang='grc' dir='ltr'><strong><em>δύναμις</em></strong></span> <span class='ocrx_word' id='word_1_206' title='bbox 628 2129 697 2194; x_wconf 85' lang='grc' dir='ltr'><strong><em>ίόία</em></strong></span> <span class='ocrx_word' id='word_1_207' title='bbox 725 2123 921 2213; x_wconf 79' lang='grc' dir='ltr'><strong><em>ὑπάρχουσα</em></strong></span> <span class='ocrx_word' id='word_1_208' title='bbox 948 2124 1049 2214; x_wconf 81' lang='grc' dir='ltr'><strong><em>αὑτῆς</em></strong></span> <span class='ocrx_word' id='word_1_209' title='bbox 1070 2132 1128 2195; x_wconf 80' lang='grc' dir='ltr'><strong><em>καὶ</em></strong></span> <span class='ocrx_word' id='word_1_210' title='bbox 1146 2130 1183 2210; x_wconf 76' lang='grc' dir='ltr'><strong><em>ἐξ</em></strong></span> <span class='ocrx_word' id='word_1_211' title='bbox 1204 2126 1309 2220; x_wconf 75' lang='grc' dir='ltr'><strong><em>αὐτῆς</em></strong></span> <span class='ocrx_word' id='word_1_212' title='bbox 1331 2127 1435 2217; x_wconf 78' lang='grc' dir='ltr'><strong><em>άχιόρι·</em></strong></span> 
     </span>
     <span class='ocr_line' id='line_1_19' title="bbox 221 2226 1435 2322; baseline 0.002 -25"><span class='ocrx_word' id='word_1_213' title='bbox 221 2255 308 2309; x_wconf 90' lang='grc' dir='ltr'><strong><em>στος.</em></strong></span> <span class='ocrx_word' id='word_1_214' title='bbox 347 2228 456 2314; x_wconf 76' lang='grc' dir='ltr'><strong><em>ὥςπερ</em></strong></span> <span class='ocrx_word' id='word_1_215' title='bbox 480 2232 517 2296; x_wconf 78' lang='grc' dir='ltr'><strong><em>’δέ</em></strong></span> <span class='ocrx_word' id='word_1_216' title='bbox 539 2226 597 2296; x_wconf 87' lang='grc' dir='ltr'><strong><em>οόκ</em></strong></span> <span class='ocrx_word' id='word_1_217' title='bbox 620 2227 712 2313; x_wconf 87' lang='grc' dir='ltr'><strong><em>άλλη,</em></strong></span> <span class='ocrx_word' id='word_1_218' title='bbox 737 2230 793 2295; x_wconf 80' lang='grc' dir='ltr'><strong><em>ἵνα</em></strong></span> <span class='ocrx_word' id='word_1_219' title='bbox 814 2229 859 2316; x_wconf 83' lang='grc' dir='ltr'><strong><em>μὴ</em></strong></span> <span class='ocrx_word' id='word_1_220' title='bbox 883 2229 943 2295; x_wconf 86' lang='lat'><strong><em>660</em></strong></span> <span class='ocrx_word' id='word_1_221' title='bbox 966 2227 1074 2316; x_wconf 88' lang='grc' dir='ltr'><strong><em>άρχαί,</em></strong></span> <span class='ocrx_word' id='word_1_222' title='bbox 1090 2227 1197 2311; x_wconf 84' lang='grc' dir='ltr'><strong><em>οὑτως</em></strong></span> <span class='ocrx_word' id='word_1_223' title='bbox 1212 2230 1232 2298; x_wconf 93' lang='lat'><strong><em>6</em></strong></span> <span class='ocrx_word' id='word_1_224' title='bbox 1249 2234 1285 2301; x_wconf 73' lang='grc' dir='ltr'><strong><em>ἐκ</em></strong></span> <span class='ocrx_word' id='word_1_225' title='bbox 1299 2238 1359 2322; x_wconf 80' lang='grc' dir='ltr'><strong><em>τῆς</em></strong></span> <span class='ocrx_word' id='word_1_226' title='bbox 1370 2237 1435 2318; x_wconf 85' lang='grc' dir='ltr'><strong><em>μιᾶς</em></strong></span> 
     </span>
     <span class='ocr_line' id='line_1_20' title="bbox 219 2327 1435 2422; baseline 0.004 -24"><span class='ocrx_word' id='word_1_227' title='bbox 219 2332 316 2419; x_wconf 82' lang='grc' dir='ltr'><strong><em>λόγος</em></strong></span> <span class='ocrx_word' id='word_1_228' title='bbox 339 2327 377 2399; x_wconf 88' lang='lat'><strong><em>06</em></strong></span> <span class='ocrx_word' id='word_1_229' title='bbox 400 2333 654 2416; x_wconf 72' lang='lat' dir='ltr'><strong><em>d666666666609</em></strong></span> <span class='ocrx_word' id='word_1_230' title='bbox 675 2327 696 2418; x_wconf 84' lang='lat'><strong><em>6</em></strong></span> <span class='ocrx_word' id='word_1_231' title='bbox 719 2327 836 2410; x_wconf 83' lang='grc' dir='ltr'><strong><em>ἁπλοῦς</em></strong></span> <span class='ocrx_word' id='word_1_232' title='bbox 858 2333 952 2418; x_wconf 78' lang='grc' dir='ltr'><strong><em>φωνὴ</em></strong></span> <span class='ocrx_word' id='word_1_233' title='bbox 968 2332 1159 2421; x_wconf 83' lang='grc' dir='ltr'><strong><em>σημαντική,</em></strong></span> <span class='ocrx_word' id='word_1_234' title='bbox 1185 2331 1273 2402; x_wconf 83' lang='grc' dir='ltr'><strong><em>ἀλλὰ</em></strong></span> <span class='ocrx_word' id='word_1_235' title='bbox 1288 2331 1435 2422; x_wconf 80' lang='grc' dir='ltr'><strong><em>οὖσιάόης</em></strong></span> 
     </span>
     <span class='ocr_line' id='line_1_21' title="bbox 220 2428 1434 2524; baseline 0.003 -24"><span class='ocrx_word' id='word_1_236' title='bbox 220 2435 317 2521; x_wconf 91' lang='grc' dir='ltr'><strong><em>λόγος</em></strong></span> <span class='ocrx_word' id='word_1_237' title='bbox 339 2433 395 2500; x_wconf 84' lang='grc' dir='ltr'><strong><em>καὶ</em></strong></span> <span class='ocrx_word' id='word_1_238' title='bbox 418 2429 583 2521; x_wconf 83' lang='grc' dir='ltr'><strong><em>οόσιιόόης</em></strong></span> <span class='ocrx_word' id='word_1_239' title='bbox 606 2441 720 2520; x_wconf 81' lang='grc' dir='ltr'><strong><em>σοφία,</em></strong></span> <span class='ocrx_word' id='word_1_240' title='bbox 743 2430 817 2518; x_wconf 78' lang='grc' dir='ltr'><strong><em>ἥτις</em></strong></span> <span class='ocrx_word' id='word_1_241' title='bbox 839 2432 928 2499; x_wconf 72' lang='grc' dir='ltr'><strong><em>ἐστὶν</em></strong></span> <span class='ocrx_word' id='word_1_242' title='bbox 952 2428 970 2498; x_wconf 90' lang='lat'><strong><em>6</em></strong></span> <span class='ocrx_word' id='word_1_243' title='bbox 992 2433 1064 2512; x_wconf 78' lang='grc' dir='ltr'><strong><em>υίὸς</em></strong></span> <span class='ocrx_word' id='word_1_244' title='bbox 1087 2429 1234 2521; x_wconf 85' lang='grc' dir='ltr'><strong><em>άληθῶς.</em></strong></span> <span class='ocrx_word' id='word_1_245' title='bbox 1275 2437 1307 2504; x_wconf 82' lang='grc' dir='ltr'><strong><em>εί</em></strong></span> <span class='ocrx_word' id='word_1_246' title='bbox 1328 2433 1434 2524; x_wconf 69' lang='grc' dir='ltr'><strong><em>γὰρόή</em></strong></span> 
     </span>
     <span class='ocr_line' id='line_1_22' title="bbox 219 2530 1435 2623; baseline 0 -20"><span class='ocrx_word' id='word_1_247' title='bbox 219 2537 264 2622; x_wconf 82' lang='grc' dir='ltr'><strong><em>μὴ</em></strong></span> <span class='ocrx_word' id='word_1_248' title='bbox 288 2532 453 2623; x_wconf 87' lang='grc' dir='ltr'><strong><em>οόσιιόόης</em></strong></span> <span class='ocrx_word' id='word_1_249' title='bbox 477 2536 543 2623; x_wconf 74' lang='grc' dir='ltr'><strong><em>εἴη,</em></strong></span> <span class='ocrx_word' id='word_1_250' title='bbox 576 2537 671 2603; x_wconf 76' lang='grc' dir='ltr'><strong><em>ἔσται</em></strong></span> <span class='ocrx_word' id='word_1_251' title='bbox 699 2532 717 2599; x_wconf 93' lang='lat'><strong><em>6</em></strong></span> <span class='ocrx_word' id='word_1_252' title='bbox 746 2533 830 2613; x_wconf 87' lang='grc' dir='ltr'><strong><em>θεὸς</em></strong></span> <span class='ocrx_word' id='word_1_253' title='bbox 852 2536 962 2602; x_wconf 88' lang='grc' dir='ltr'><strong><em>λαλιῦν</em></strong></span> <span class='ocrx_word' id='word_1_254' title='bbox 984 2536 1030 2613; x_wconf 83' lang='grc' dir='ltr'><strong><em>εἷς</em></strong></span> <span class='ocrx_word' id='word_1_255' title='bbox 1053 2530 1135 2621; x_wconf 87' lang='grc' dir='ltr'><strong><em>άέρα</em></strong></span> <span class='ocrx_word' id='word_1_256' title='bbox 1156 2540 1210 2602; x_wconf 83' lang='grc' dir='ltr'><strong><em>καλ</em></strong></span> <span class='ocrx_word' id='word_1_257' title='bbox 1235 2543 1336 2623; x_wconf 83' lang='grc' dir='ltr'><strong><em>σῶμα</em></strong></span> <span class='ocrx_word' id='word_1_258' title='bbox 1356 2534 1435 2605; x_wconf 79' lang='grc' dir='ltr'><strong><em>οόόὲν</em></strong></span> 
     </span>
     <span class='ocr_line' id='line_1_23' title="bbox 219 2632 1435 2725; baseline 0.001 -22"><span class='ocrx_word' id='word_1_259' title='bbox 219 2635 322 2705; x_wconf 83' lang='grc' dir='ltr'><strong><em>πλέον</em></strong></span> <span class='ocrx_word' id='word_1_260' title='bbox 346 2639 427 2720; x_wconf 80' lang='grc' dir='ltr'><strong><em>’έχων</em></strong></span> <span class='ocrx_word' id='word_1_261' title='bbox 447 2642 516 2704; x_wconf 85' lang='grc' dir='ltr'><strong><em>τῶν</em></strong></span> <span class='ocrx_word' id='word_1_262' title='bbox 540 2634 742 2724; x_wconf 83' lang='grc' dir='ltr'><strong><em>ἀνθρώπων.</em></strong></span> <span class='ocrx_word' id='word_1_263' title='bbox 782 2635 898 2721; x_wconf 83' lang='grc' dir='ltr'><strong><em>έπειόὴ</em></strong></span> <span class='ocrx_word' id='word_1_264' title='bbox 922 2639 959 2703; x_wconf 79' lang='grc' dir='ltr'><strong><em>ὑὲ</em></strong></span> <span class='ocrx_word' id='word_1_265' title='bbox 981 2632 1039 2702; x_wconf 86' lang='grc' dir='ltr'><strong><em>οὑκ</em></strong></span> <span class='ocrx_word' id='word_1_266' title='bbox 1061 2638 1150 2704; x_wconf 73' lang='grc' dir='ltr'><strong><em>ἔστιν</em></strong></span> <span class='ocrx_word' id='word_1_267' title='bbox 1174 2636 1371 2725; x_wconf 85' lang='grc' dir='ltr'><strong><em>άνθρωπος,</em></strong></span> <span class='ocrx_word' id='word_1_268' title='bbox 1392 2633 1435 2704; x_wconf 78' lang='lat'><strong><em>666</em></strong></span> 
     </span>
     <span class='ocr_line' id='line_1_24' title="bbox 153 2735 1433 2826; baseline 0.002 -20"><span class='ocrx_word' id='word_1_269' title='bbox 153 2772 156 2779; x_wconf 92' lang='grc'>·</span> <span class='ocrx_word' id='word_1_270' title='bbox 219 2735 259 2806; x_wconf 84' lang='grc' dir='ltr'><strong><em>άν</em></strong></span> <span class='ocrx_word' id='word_1_271' title='bbox 289 2742 337 2825; x_wconf 86' lang='grc' dir='ltr'><strong><em>εἰἠ</em></strong></span> <span class='ocrx_word' id='word_1_272' title='bbox 367 2736 443 2806; x_wconf 80' lang='lat'>0666</span> <span class='ocrx_word' id='word_1_273' title='bbox 472 2736 490 2804; x_wconf 93' lang='lat'><strong><em>6</em></strong></span> <span class='ocrx_word' id='word_1_274' title='bbox 522 2741 619 2826; x_wconf 91' lang='grc' dir='ltr'><strong><em>λόγος</em></strong></span> <span class='ocrx_word' id='word_1_275' title='bbox 641 2735 741 2805; x_wconf 87' lang='grc' dir='ltr'><strong><em>αὑτοῦ</em></strong></span> <span class='ocrx_word' id='word_1_276' title='bbox 764 2737 848 2805; x_wconf 87' lang='grc' dir='ltr'><strong><em>κατὰ</em></strong></span> <span class='ocrx_word' id='word_1_277' title='bbox 868 2737 928 2825; x_wconf 87' lang='grc' dir='ltr'><strong><em>τὴν</em></strong></span> <span class='ocrx_word' id='word_1_278' title='bbox 949 2742 1015 2806; x_wconf 84' lang='grc' dir='ltr'><strong><em>τῶν</em></strong></span> <span class='ocrx_word' id='word_1_279' title='bbox 1038 2735 1236 2824; x_wconf 82' lang='grc' dir='ltr'><strong><em>ἀνθρώπων</em></strong></span> <span class='ocrx_word' id='word_1_280' title='bbox 1261 2736 1433 2809; x_wconf 73' lang='grc' dir='ltr'><strong><em>ἀσθένειαν-</em></strong></span> 
     </span>
     <span class='ocr_line' id='line_1_25' title="bbox 219 2836 1434 2932; baseline -0.001 -25"><span class='ocrx_word' id='word_1_281' title='bbox 219 2838 346 2927; x_wconf 61' lang='grc' dir='ltr'><strong><em>ἰόςπερ</em></strong></span> <span class='ocrx_word' id='word_1_282' title='bbox 369 2842 429 2927; x_wconf 85' lang='grc' dir='ltr'><strong><em>γάρ</em></strong></span> <span class='ocrx_word' id='word_1_283' title='bbox 451 2849 513 2926; x_wconf 89' lang='grc' dir='ltr'><strong><em>μία</em></strong></span> <span class='ocrx_word' id='word_1_284' title='bbox 537 2837 634 2908; x_wconf 87' lang='grc' dir='ltr'><strong><em>οόσία</em></strong></span> <span class='ocrx_word' id='word_1_285' title='bbox 656 2839 675 2929; x_wconf 85' lang='lat'><strong><em>6</em></strong></span> <span class='ocrx_word' id='word_1_286' title='bbox 700 2838 789 2927; x_wconf 80' lang='grc' dir='ltr'><strong><em>άρχή,</em></strong></span> <span class='ocrx_word' id='word_1_287' title='bbox 814 2837 920 2920; x_wconf 84' lang='grc' dir='ltr'><strong><em>οὑτως</em></strong></span> <span class='ocrx_word' id='word_1_288' title='bbox 943 2836 990 2919; x_wconf 82' lang='grc' dir='ltr'><strong><em>είς</em></strong></span> <span class='ocrx_word' id='word_1_289' title='bbox 1014 2836 1178 2927; x_wconf 82' lang='grc' dir='ltr'><strong><em>οὑσιιόόης</em></strong></span> <span class='ocrx_word' id='word_1_290' title='bbox 1193 2845 1249 2909; x_wconf 83' lang='grc' dir='ltr'><strong><em>καὶ</em></strong></span> <span class='ocrx_word' id='word_1_291' title='bbox 1264 2836 1434 2932; x_wconf 84' lang='grc' dir='ltr'><strong><em>ὑφεστώςό</em></strong></span> 
     </span>
     <span class='ocr_line' id='line_1_26' title="bbox 110 2940 1433 3035; baseline 0 -26"><span class='ocrx_word' id='word_1_292' title='bbox 110 3031 112 3035; x_wconf 23' lang='grc' dir='ltr'>Ι</span> <span class='ocrx_word' id='word_1_293' title='bbox 219 2944 339 3031; x_wconf 76' lang='grc' dir='ltr'><strong><em>ταύτης</em></strong></span> <span class='ocrx_word' id='word_1_294' title='bbox 361 2944 458 3029; x_wconf 87' lang='grc' dir='ltr'><strong><em>λόγος</em></strong></span> <span class='ocrx_word' id='word_1_295' title='bbox 479 2944 535 3010; x_wconf 80' lang='grc' dir='ltr'><strong><em>καὶ</em></strong></span> <span class='ocrx_word' id='word_1_296' title='bbox 556 2941 576 3031; x_wconf 83' lang='lat'><strong><em>6</em></strong></span> <span class='ocrx_word' id='word_1_297' title='bbox 600 2951 713 3031; x_wconf 88' lang='grc' dir='ltr'><strong><em>σοφία.</em></strong></span> <span class='ocrx_word' id='word_1_298' title='bbox 753 2940 798 3021; x_wconf 86' lang='grc' dir='ltr'><strong><em>ιὺς</em></strong></span> <span class='ocrx_word' id='word_1_299' title='bbox 819 2943 881 3029; x_wconf 83' lang='grc' dir='ltr'><strong><em>γὰρ</em></strong></span> <span class='ocrx_word' id='word_1_300' title='bbox 905 2943 938 3009; x_wconf 75' lang='grc' dir='ltr'><strong><em>ἐκ</em></strong></span> <span class='ocrx_word' id='word_1_301' title='bbox 960 2947 1043 3009; x_wconf 85' lang='grc' dir='ltr'><strong><em>θεοῦ</em></strong></span> <span class='ocrx_word' id='word_1_302' title='bbox 1066 2943 1148 3021; x_wconf 86' lang='grc' dir='ltr'><strong><em>θεός</em></strong></span> <span class='ocrx_word' id='word_1_303' title='bbox 1170 2944 1246 3010; x_wconf 76' lang='grc' dir='ltr'><strong><em>’ἐστι</em></strong></span> <span class='ocrx_word' id='word_1_304' title='bbox 1267 2946 1324 3012; x_wconf 78' lang='grc' dir='ltr'><strong><em>καί</em></strong></span> <span class='ocrx_word' id='word_1_305' title='bbox 1346 2946 1378 3012; x_wconf 78' lang='grc' dir='ltr'><strong><em>ἐκ</em></strong></span> <span class='ocrx_word' id='word_1_306' title='bbox 1391 2967 1433 3010; x_wconf 83' lang='grc' dir='ltr'><strong><em>σο</em></strong></span> 
     </span>
     <span class='ocr_line' id='line_1_27' title="bbox 222 3044 1435 3132; baseline 0.002 -21"><span class='ocrx_word' id='word_1_307' title='bbox 222 3050 287 3132; x_wconf 89' lang='grc' dir='ltr'><strong><em>φοῦ</em></strong></span> <span class='ocrx_word' id='word_1_308' title='bbox 322 3054 427 3132; x_wconf 88' lang='grc' dir='ltr'><strong><em>σοφία</em></strong></span> <span class='ocrx_word' id='word_1_309' title='bbox 457 3049 509 3110; x_wconf 86' lang='grc' dir='ltr'><strong><em>καλ</em></strong></span> <span class='ocrx_word' id='word_1_310' title='bbox 540 3046 573 3112; x_wconf 76' lang='grc' dir='ltr'><strong><em>ἐκ</em></strong></span> <span class='ocrx_word' id='word_1_311' title='bbox 603 3049 734 3131; x_wconf 85' lang='grc' dir='ltr'><strong><em>λογικοῦ</em></strong></span> <span class='ocrx_word' id='word_1_312' title='bbox 764 3046 860 3131; x_wconf 91' lang='grc' dir='ltr'><strong><em>λόγος</em></strong></span> <span class='ocrx_word' id='word_1_313' title='bbox 882 3045 937 3111; x_wconf 86' lang='grc' dir='ltr'><strong><em>καὶ</em></strong></span> <span class='ocrx_word' id='word_1_314' title='bbox 959 3044 993 3111; x_wconf 72' lang='lat'><strong><em>6</em></strong></span> <span class='ocrx_word' id='word_1_315' title='bbox 1016 3046 1144 3131; x_wconf 86' lang='grc' dir='ltr'><strong><em>πατρὸς</em></strong></span> <span class='ocrx_word' id='word_1_316' title='bbox 1167 3045 1255 3126; x_wconf 76' lang='grc' dir='ltr'><strong><em>υἱός,</em></strong></span> <span class='ocrx_word' id='word_1_317' title='bbox 1291 3044 1435 3127; x_wconf 79' lang='grc' dir='ltr'><strong><em>οὑτωςὲξ</em></strong></span> 
     </span>
     <span class='ocr_line' id='line_1_28' title="bbox 220 3139 1433 3234; baseline -0.001 -23"><span class='ocrx_word' id='word_1_318' title='bbox 220 3142 437 3224; x_wconf 86' lang='grc' dir='ltr'><strong><em>ὑποστάσεως</em></strong></span> <span class='ocrx_word' id='word_1_319' title='bbox 459 3143 666 3225; x_wconf 55' lang='grc' dir='ltr'><strong><em>ίὺπόστατος</em></strong></span> <span class='ocrx_word' id='word_1_320' title='bbox 688 3150 742 3214; x_wconf 85' lang='grc' dir='ltr'><strong><em>καὶ</em></strong></span> <span class='ocrx_word' id='word_1_321' title='bbox 766 3147 801 3226; x_wconf 75' lang='grc' dir='ltr'><strong><em>ἐξ</em></strong></span> <span class='ocrx_word' id='word_1_322' title='bbox 821 3141 939 3226; x_wconf 86' lang='grc' dir='ltr'><strong><em>οὑσίας</em></strong></span> <span class='ocrx_word' id='word_1_323' title='bbox 961 3139 1125 3234; x_wconf 81' lang='grc' dir='ltr'><strong><em>οόσιιόόης</em></strong></span> <span class='ocrx_word' id='word_1_324' title='bbox 1147 3147 1204 3214; x_wconf 85' lang='grc' dir='ltr'><strong><em>καὶ</em></strong></span> <span class='ocrx_word' id='word_1_325' title='bbox 1226 3149 1376 3228; x_wconf 80' lang='grc' dir='ltr'><strong><em>ἐνοόσιος</em></strong></span> <span class='ocrx_word' id='word_1_326' title='bbox 1393 3148 1433 3213; x_wconf 82' lang='grc' dir='ltr'><strong><em>καί</em></strong></span> 
     </span>
    </p>

    <p class='ocr_par' dir='ltr' id='par_1_6' title="bbox 221 3245 450 3325">
     <span class='ocr_line' id='line_1_29' title="bbox 221 3245 450 3325; baseline 0.004 -13"><span class='ocrx_word' id='word_1_327' title='bbox 221 3247 256 3324; x_wconf 75' lang='grc' dir='ltr'><strong><em>ἐξ</em></strong></span> <span class='ocrx_word' id='word_1_328' title='bbox 278 3245 372 3325; x_wconf 75' lang='grc' dir='ltr'><strong><em>ὄντος</em></strong></span> <span class='ocrx_word' id='word_1_329' title='bbox 396 3245 450 3313; x_wconf 81' lang='grc' dir='ltr'><strong><em>ιόν.</em></strong></span> 
     </span>
    </p>
   </div>
   <div class='ocr_carea' id='block_1_4' title="bbox 114 3500 1441 4255">
    <p class='ocr_par' dir='ltr' id='par_1_7' title="bbox 114 3500 1441 4255">
     <span class='ocr_line' id='line_1_30' title="bbox 114 3500 1441 3676; baseline 0.005 -64"><span class='ocrx_word' id='word_1_330' title='bbox 114 3549 115 3554; x_wconf 68' lang='grc'>’</span> <span class='ocrx_word' id='word_1_331' title='bbox 221 3548 301 3627; x_wconf 75' lang='grc' dir='ltr'><strong><em>υἱός,</em></strong></span> <span class='ocrx_word' id='word_1_332' title='bbox 326 3500 410 3617; x_wconf 85' lang='grc' dir='ltr'><strong><em>άλλά</em></strong></span> <span class='ocrx_word' id='word_1_333' title='bbox 433 3546 550 3629; x_wconf 85' lang='grc' dir='ltr'><strong><em>άπλιῦς</em></strong></span> <span class='ocrx_word' id='word_1_334' title='bbox 574 3558 679 3639; x_wconf 90' lang='grc' dir='ltr'><strong><em>σοφία</em></strong></span> <span class='ocrx_word' id='word_1_335' title='bbox 700 3555 754 3619; x_wconf 79' lang='grc' dir='ltr'><strong><em>καί</em></strong></span> <span class='ocrx_word' id='word_1_336' title='bbox 777 3551 875 3638; x_wconf 91' lang='grc' dir='ltr'><strong><em>λόγος</em></strong></span> <span class='ocrx_word' id='word_1_337' title='bbox 896 3555 951 3618; x_wconf 85' lang='grc' dir='ltr'><strong><em>καὶ</em></strong></span> <span class='ocrx_word' id='word_1_338' title='bbox 974 3552 1045 3631; x_wconf 81' lang='grc' dir='ltr'><strong><em>υἱὸς</em></strong></span> <span class='ocrx_word' id='word_1_339' title='bbox 1067 3552 1100 3618; x_wconf 75' lang='grc' dir='ltr'><strong><em>ἓν</em></strong></span> <span class='ocrx_word' id='word_1_340' title='bbox 1122 3557 1171 3639; x_wconf 77' lang='grc' dir='ltr'><strong><em>τῷ</em></strong></span> <span class='ocrx_word' id='word_1_341' title='bbox 1194 3564 1316 3643; x_wconf 89' lang='grc' dir='ltr'><strong><em>πατρί,</em></strong></span> <span class='ocrx_word' id='word_1_342' title='bbox 1341 3557 1391 3676; x_wconf 78' lang='grc' dir='ltr'><strong><em>εἴη</em></strong></span> <span class='ocrx_word' id='word_1_343' title='bbox 1406 3546 1441 3646; x_wconf 77' lang='grc' dir='ltr'><strong><em>όν</em></strong></span> 
     </span>
     <span class='ocr_line' id='line_1_31' title="bbox 222 3646 1436 3742; baseline 0.003 -24"><span class='ocrx_word' id='word_1_344' title='bbox 222 3646 321 3730; x_wconf 84' lang='grc' dir='ltr'><strong><em>αὑτὸς</em></strong></span> <span class='ocrx_word' id='word_1_345' title='bbox 344 3648 362 3717; x_wconf 92' lang='lat'><strong><em>6</em></strong></span> <span class='ocrx_word' id='word_1_346' title='bbox 385 3653 495 3739; x_wconf 81' lang='grc' dir='ltr'><strong><em>πατὴρ</em></strong></span> <span class='ocrx_word' id='word_1_347' title='bbox 520 3653 718 3732; x_wconf 82' lang='grc' dir='ltr'><strong><em>σύνθετος&gt;</em></strong></span> <span class='ocrx_word' id='word_1_348' title='bbox 705 3681 738 3720; x_wconf 76' lang='grc' dir='ltr'><strong><em>εκ</em></strong></span> <span class='ocrx_word' id='word_1_349' title='bbox 761 3660 885 3742; x_wconf 88' lang='grc' dir='ltr'><strong><em>σοφίας</em></strong></span> <span class='ocrx_word' id='word_1_350' title='bbox 906 3658 960 3721; x_wconf 87' lang='grc' dir='ltr'><strong><em>καὶ</em></strong></span> <span class='ocrx_word' id='word_1_351' title='bbox 984 3654 1091 3739; x_wconf 89' lang='grc' dir='ltr'><strong><em>λόγου.</em></strong></span> <span class='ocrx_word' id='word_1_352' title='bbox 1131 3655 1160 3722; x_wconf 81' lang='grc' dir='ltr'><strong><em>εἰ</em></strong></span> <span class='ocrx_word' id='word_1_353' title='bbox 1184 3658 1220 3723; x_wconf 79' lang='grc' dir='ltr'><strong><em>δὲ</em></strong></span> <span class='ocrx_word' id='word_1_354' title='bbox 1242 3662 1352 3738; x_wconf 87' lang='grc' dir='ltr'><strong><em>τοῦτο,</em></strong></span> <span class='ocrx_word' id='word_1_355' title='bbox 1375 3652 1436 3722; x_wconf 77' lang='grc' dir='ltr'><strong><em>όκν</em></strong></span> 
     </span>
     <span class='ocr_line' id='line_1_32' title="bbox 221 3751 1436 3882; baseline 0.004 -65"><span class='ocrx_word' id='word_1_356' title='bbox 221 3754 440 3839; x_wconf 82' lang='grc' dir='ltr'><strong><em>λονθησει</em></strong></span> <span class='ocrx_word' id='word_1_357' title='bbox 404 3780 446 3820; x_wconf 91' lang='grc' dir='ltr'><strong><em>τα</em></strong></span> <span class='ocrx_word' id='word_1_358' title='bbox 452 3756 731 3882; x_wconf 71' lang='grc' dir='ltr'><strong><em>προειρημένα’</em></strong></span> <span class='ocrx_word' id='word_1_359' title='bbox 717 3754 839 3835; x_wconf 85' lang='grc' dir='ltr'><strong><em>άτοπα,</em></strong></span> <span class='ocrx_word' id='word_1_360' title='bbox 865 3756 960 3822; x_wconf 74' lang='grc' dir='ltr'><strong><em>ἕσται</em></strong></span> <span class='ocrx_word' id='word_1_361' title='bbox 985 3757 1020 3822; x_wconf 79' lang='grc' dir='ltr'><strong><em>δὲ</em></strong></span> <span class='ocrx_word' id='word_1_362' title='bbox 1043 3754 1099 3821; x_wconf 86' lang='grc' dir='ltr'><strong><em>καὶ</em></strong></span> <span class='ocrx_word' id='word_1_363' title='bbox 1122 3751 1223 3836; x_wconf 82' lang='grc' dir='ltr'><strong><em>αὐτὸς</em></strong></span> <span class='ocrx_word' id='word_1_364' title='bbox 1246 3760 1364 3826; x_wconf 85' lang='grc' dir='ltr'><strong><em>ἑαυτοῦ</em></strong></span> <span class='ocrx_word' id='word_1_365' title='bbox 1384 3782 1436 3823; x_wconf 76' lang='grc' dir='ltr'><strong><em>πυ</em></strong></span> 
     </span>
     <span class='ocr_line' id='line_1_33' title="bbox 220 3853 1434 3984; baseline 0.002 -62"><span class='ocrx_word' id='word_1_366' title='bbox 220 3855 295 3979; x_wconf 41' lang='grc' dir='ltr'><strong><em>τηρ),</em></strong></span> <span class='ocrx_word' id='word_1_367' title='bbox 313 3860 367 3922; x_wconf 80' lang='grc' dir='ltr'><strong><em>καί</em></strong></span> <span class='ocrx_word' id='word_1_368' title='bbox 391 3853 409 3921; x_wconf 91' lang='lat'><strong><em>6</em></strong></span> <span class='ocrx_word' id='word_1_369' title='bbox 432 3856 504 3935; x_wconf 84' lang='lat'>6669</span> <span class='ocrx_word' id='word_1_370' title='bbox 526 3853 625 3984; x_wconf 63' lang='grc' dir='ltr'><strong><em>αὑτὸς</em></strong></span> <span class='ocrx_word' id='word_1_371' title='bbox 648 3857 764 3924; x_wconf 83' lang='grc' dir='ltr'><strong><em>ἑαυτὸν</em></strong></span> <span class='ocrx_word' id='word_1_372' title='bbox 786 3862 907 3944; x_wconf 81' lang='grc' dir='ltr'><strong><em>γεννῶν</em></strong></span> <span class='ocrx_word' id='word_1_373' title='bbox 928 3857 986 3925; x_wconf 82' lang='grc' dir='ltr'><strong><em>καὶ</em></strong></span> <span class='ocrx_word' id='word_1_374' title='bbox 1007 3857 1210 3944; x_wconf 87' lang='grc' dir='ltr'><strong><em>γεννώμενος</em></strong></span> <span class='ocrx_word' id='word_1_375' title='bbox 1240 3856 1296 3948; x_wconf 87' lang='grc' dir='ltr'><strong><em>ὑφ</em></strong></span> <span class='ocrx_word' id='word_1_376' title='bbox 1326 3860 1434 3935; x_wconf 77' lang='grc' dir='ltr'><strong><em>ἑαυτοῦ,</em></strong></span> 
     </span>
     <span class='ocr_line' id='line_1_34' title="bbox 220 3949 1437 4050; baseline 0.006 -28"><span class='ocrx_word' id='word_1_377' title='bbox 220 3949 243 4045; x_wconf 84' lang='lat'><strong><em>6</em></strong></span> <span class='ocrx_word' id='word_1_378' title='bbox 276 3954 380 4042; x_wconf 81' lang='grc' dir='ltr'><strong><em>ὄνομα</em></strong></span> <span class='ocrx_word' id='word_1_379' title='bbox 411 3959 515 4043; x_wconf 89' lang='grc' dir='ltr'><strong><em>μόνον</em></strong></span> <span class='ocrx_word' id='word_1_380' title='bbox 550 3959 620 4026; x_wconf 75' lang='grc' dir='ltr'><strong><em>ἐστὶ</em></strong></span> <span class='ocrx_word' id='word_1_381' title='bbox 653 3958 749 4045; x_wconf 91' lang='grc' dir='ltr'><strong><em>λόγος</em></strong></span> <span class='ocrx_word' id='word_1_382' title='bbox 781 3961 835 4025; x_wconf 82' lang='grc' dir='ltr'><strong><em>καὶ</em></strong></span> <span class='ocrx_word' id='word_1_383' title='bbox 871 3968 977 4047; x_wconf 89' lang='grc' dir='ltr'><strong><em>σοφία</em></strong></span> <span class='ocrx_word' id='word_1_384' title='bbox 1009 3962 1063 4025; x_wconf 83' lang='grc' dir='ltr'><strong><em>καὶ</em></strong></span> <span class='ocrx_word' id='word_1_385' title='bbox 1098 3960 1185 4040; x_wconf 83' lang='lat'>6669,</span> <span class='ocrx_word' id='word_1_386' title='bbox 1211 3954 1272 4045; x_wconf 82' lang='grc' dir='ltr'><strong><em>οὑχ</em></strong></span> <span class='ocrx_word' id='word_1_387' title='bbox 1294 3957 1437 4050; x_wconf 70' lang='grc' dir='ltr'><strong><em>ὑφέστηκε</em></strong></span> 
     </span>
     <span class='ocr_line' id='line_1_35' title="bbox 222 4049 1437 4145; baseline 0.004 -22"><span class='ocrx_word' id='word_1_388' title='bbox 222 4059 258 4124; x_wconf 84' lang='lat'><strong><em>66</em></strong></span> <span class='ocrx_word' id='word_1_389' title='bbox 280 4053 356 4124; x_wconf 88' lang='grc' dir='ltr'><strong><em>καθ</em></strong></span> <span class='ocrx_word' id='word_1_390' title='bbox 382 4049 421 4124; x_wconf 88' lang='grc' dir='ltr'><strong><em>οὑ</em></strong></span> <span class='ocrx_word' id='word_1_391' title='bbox 444 4061 572 4145; x_wconf 86' lang='grc' dir='ltr'><strong><em>λέγεται</em></strong></span> <span class='ocrx_word' id='word_1_392' title='bbox 594 4064 713 4140; x_wconf 89' lang='grc' dir='ltr'><strong><em>ταῦτα,</em></strong></span> <span class='ocrx_word' id='word_1_393' title='bbox 742 4062 868 4144; x_wconf 89' lang='grc' dir='ltr'><strong><em>μᾶλλον</em></strong></span> <span class='ocrx_word' id='word_1_394' title='bbox 898 4058 976 4128; x_wconf 77' lang='lat'><strong><em>66⁰</em></strong></span> <span class='ocrx_word' id='word_1_395' title='bbox 957 4086 994 4140; x_wconf 95' lang='grc' dir='ltr'><strong><em>ος</em></strong></span> <span class='ocrx_word' id='word_1_396' title='bbox 1017 4060 1088 4127; x_wconf 76' lang='grc' dir='ltr'><strong><em>ἔστι</em></strong></span> <span class='ocrx_word' id='word_1_397' title='bbox 1110 4064 1225 4128; x_wconf 88' lang='grc' dir='ltr'><strong><em>ταῦτα.</em></strong></span> <span class='ocrx_word' id='word_1_398' title='bbox 1266 4063 1297 4131; x_wconf 84' lang='grc' dir='ltr'><strong><em>εί</em></strong></span> <span class='ocrx_word' id='word_1_399' title='bbox 1317 4067 1374 4130; x_wconf 87' lang='grc' dir='ltr'><strong><em>οὐν</em></strong></span> <span class='ocrx_word' id='word_1_400' title='bbox 1393 4054 1437 4140; x_wconf 77' lang='grc' dir='ltr'><strong><em>οὑχ</em></strong></span> 
     </span>
     <span class='ocr_line' id='line_1_36' title="bbox 221 4154 1438 4255; baseline 0.005 -31"><span class='ocrx_word' id='word_1_401' title='bbox 221 4154 456 4248; x_wconf 82' lang='grc' dir='ltr'><strong><em>ὑφέστηκεν,</em></strong></span> <span class='ocrx_word' id='word_1_402' title='bbox 438 4161 522 4247; x_wconf 85' lang='grc' dir='ltr'><strong><em>αργόι</em></strong></span> <span class='ocrx_word' id='word_1_403' title='bbox 545 4156 584 4227; x_wconf 86' lang='grc' dir='ltr'><strong><em>άν</em></strong></span> <span class='ocrx_word' id='word_1_404' title='bbox 609 4163 659 4248; x_wconf 80' lang='grc' dir='ltr'><strong><em>εἰη</em></strong></span> <span class='ocrx_word' id='word_1_405' title='bbox 682 4162 737 4228; x_wconf 83' lang='grc' dir='ltr'><strong><em>καὶ</em></strong></span> <span class='ocrx_word' id='word_1_406' title='bbox 758 4163 835 4230; x_wconf 83' lang='grc' dir='ltr'><strong><em>κενὰ</em></strong></span> <span class='ocrx_word' id='word_1_407' title='bbox 856 4164 898 4231; x_wconf 86' lang='grc' dir='ltr'><strong><em>τὰ</em></strong></span> <span class='ocrx_word' id='word_1_408' title='bbox 922 4159 1079 4248; x_wconf 85' lang='grc' dir='ltr'><strong><em>ὀνόματα,</em></strong></span> <span class='ocrx_word' id='word_1_409' title='bbox 1105 4162 1199 4243; x_wconf 77' lang='grc' dir='ltr'><strong><em>ἐκτὸς</em></strong></span> <span class='ocrx_word' id='word_1_410' title='bbox 1223 4165 1314 4232; x_wconf 84' lang='grc' dir='ltr'><strong><em>εί</em></strong></span> <span class='ocrx_word' id='word_1_411' title='bbox 1273 4193 1320 4255; x_wconf 88' lang='grc' dir='ltr'><strong><em>μη</em></strong></span> <span class='ocrx_word' id='word_1_412' title='bbox 1343 4165 1381 4235; x_wconf 86' lang='grc' dir='ltr'><strong><em>άν</em></strong></span> <span class='ocrx_word' id='word_1_413' title='bbox 1399 4185 1438 4239; x_wconf 81' lang='grc' dir='ltr'><strong><em>τις</em></strong></span> 
     </span>
    </p>
   </div>
   <div class='ocr_carea' id='block_1_5' title="bbox 291 4316 1048 4381">
    <p class='ocr_par' dir='ltr' id='par_1_8' title="bbox 291 4316 1048 4381">
     <span class='ocr_line' id='line_1_37' title="bbox 291 4316 1048 4381; baseline 0.008 -16"><span class='ocrx_word' id='word_1_414' title='bbox 291 4316 315 4376; x_wconf 83' lang='grc'><strong><em>1)</em></strong></span> <span class='ocrx_word' id='word_1_415' title='bbox 335 4319 401 4366; x_wconf 81' lang='lat' dir='ltr'>Rom.</span> <span class='ocrx_word' id='word_1_416' title='bbox 422 4317 447 4378; x_wconf 80' lang='grc' dir='ltr'><strong><em>θ,</em></strong></span> <span class='ocrx_word' id='word_1_417' title='bbox 466 4317 489 4366; x_wconf 83' lang='grc'><strong><em>5.</em></strong></span> <span class='ocrx_word' id='word_1_418' title='bbox 560 4316 585 4377; x_wconf 78' lang='grc'><strong><em>2)</em></strong></span> <span class='ocrx_word' id='word_1_419' title='bbox 604 4319 669 4368; x_wconf 80' lang='grc' dir='ltr'><strong><em>Ιουο.</em></strong></span> <span class='ocrx_word' id='word_1_420' title='bbox 692 4320 714 4380; x_wconf 86' lang='grc'><strong><em>1,</em></strong></span> <span class='ocrx_word' id='word_1_421' title='bbox 736 4320 756 4368; x_wconf 89' lang='grc'><strong><em>1.</em></strong></span> <span class='ocrx_word' id='word_1_422' title='bbox 828 4320 853 4380; x_wconf 80' lang='lat'><strong><em>3)</em></strong></span> <span class='ocrx_word' id='word_1_423' title='bbox 871 4321 944 4370; x_wconf 83' lang='lat' dir='ltr'>Exod.</span> <span class='ocrx_word' id='word_1_424' title='bbox 964 4320 988 4381; x_wconf 86' lang='grc'><strong><em>3,</em></strong></span> <span class='ocrx_word' id='word_1_425' title='bbox 1009 4321 1048 4371; x_wconf 78' lang='grc'><strong><em>14.</em></strong></span> 
     </span>
    </p>
   </div>
   <div class='ocr_carea' id='block_1_6' title="bbox 147 4416 1441 4550">
    <p class='ocr_par' dir='ltr' id='par_1_9' title="bbox 147 4416 1441 4550">
     <span class='ocr_line' id='line_1_38' title="bbox 255 4416 1441 4478; baseline 0.008 -14"><span class='ocrx_word' id='word_1_426' title='bbox 255 4431 276 4464; x_wconf 80' lang='lat' dir='ltr'><strong><em>a.</em></strong></span> <span class='ocrx_word' id='word_1_427' title='bbox 295 4418 393 4468; x_wconf 83' lang='lat' dir='ltr'>Gobler.</span> <span class='ocrx_word' id='word_1_428' title='bbox 412 4427 436 4467; x_wconf 82' lang='grc' dir='ltr'><strong><em>ει</em></strong></span> <span class='ocrx_word' id='word_1_429' title='bbox 453 4418 558 4468; x_wconf 72' lang='lat' dir='ltr'><strong>Folckm.</strong></span> <span class='ocrx_word' id='word_1_430' title='bbox 575 4420 596 4470; x_wconf 89' lang='lat'><strong><em>1.</em></strong></span> <span class='ocrx_word' id='word_1_431' title='bbox 614 4416 662 4468; x_wconf 84' lang='grc' dir='ltr'><strong><em>καί</em></strong></span> <span class='ocrx_word' id='word_1_432' title='bbox 679 4423 800 4473; x_wconf 69' lang='lat' dir='ltr'><strong>omittunt.</strong></span> <span class='ocrx_word' id='word_1_433' title='bbox 896 4438 917 4471; x_wconf 83' lang='lat'><strong><em>6.</em></strong></span> <span class='ocrx_word' id='word_1_434' title='bbox 936 4422 976 4471; x_wconf 84' lang='lat' dir='ltr'><strong><em>Sic</em></strong></span> <span class='ocrx_word' id='word_1_435' title='bbox 993 4437 1052 4471; x_wconf 80' lang='lat' dir='ltr'>mss.</span> <span class='ocrx_word' id='word_1_436' title='bbox 1088 4424 1115 4472; x_wconf 81' lang='grc' dir='ltr'><strong><em>λι</em></strong></span> <span class='ocrx_word' id='word_1_437' title='bbox 1139 4424 1214 4475; x_wconf 74' lang='lat' dir='ltr'>editio</span> <span class='ocrx_word' id='word_1_438' title='bbox 1235 4426 1379 4478; x_wconf 82' lang='lat' dir='ltr'><strong>Commelin.</strong></span> <span class='ocrx_word' id='word_1_439' title='bbox 1394 4416 1441 4475; x_wconf 71' lang='grc' dir='ltr'><strong><em>υἱός</em></strong></span> 
     </span>
     <span class='ocr_line' id='line_1_39' title="bbox 147 4478 1156 4550; baseline 0.01 -21"><span class='ocrx_word' id='word_1_440' title='bbox 147 4506 156 4519; x_wconf 71' lang='lat'>=</span> <span class='ocrx_word' id='word_1_441' title='bbox 255 4483 278 4531; x_wconf 89' lang='lat' dir='ltr'><strong><em>b.</em></strong></span> <span class='ocrx_word' id='word_1_442' title='bbox 294 4478 344 4531; x_wconf 83' lang='grc' dir='ltr'><strong><em>καί</em></strong></span> <span class='ocrx_word' id='word_1_443' title='bbox 363 4485 431 4536; x_wconf 69' lang='lat' dir='ltr'><strong><em>uben</em></strong></span> <span class='ocrx_word' id='word_1_444' title='bbox 449 4489 478 4537; x_wconf 72' lang='lat' dir='ltr'><strong><em>ab</em></strong></span> <span class='ocrx_word' id='word_1_445' title='bbox 496 4488 587 4550; x_wconf 75' lang='grc' dir='ltr'><strong><em>λυςίίυ.</em></strong></span> <span class='ocrx_word' id='word_1_446' title='bbox 862 4481 932 4543; x_wconf 72' lang='grc' dir='ltr'><strong><em>ἴδιος</em></strong></span> <span class='ocrx_word' id='word_1_447' title='bbox 947 4482 1093 4546; x_wconf 67' lang='grc' dir='ltr'><strong><em>υίὸς,.ίόία</em></strong></span> <span class='ocrx_word' id='word_1_448' title='bbox 1110 4499 1156 4544; x_wconf 80' lang='grc' dir='ltr'><strong><em>ιιι.</em></strong></span> 
     </span>
    </p>
   </div>
   <div class='ocr_carea' id='block_1_7' title="bbox 0 0 1485 5092">
    <p class='ocr_par' dir='ltr' id='par_1_10' title="bbox 0 0 1485 5092">
     <span class='ocr_line' id='line_1_40' title="bbox 0 0 1485 5092; baseline 0 0"><span class='ocrx_word' id='word_1_449' title='bbox 0 0 1485 5092; x_wconf 95' lang='lat' dir='ltr'><strong><em> </em></strong></span> 
     </span>
    </p>
   </div>
  </div>
 </body>
</html>
