2948 5092
468 256 579 303 curso
593 257 615 302 r.
631 250 747 302 coum
760 257 897 303 nmmos.
1223 243 1287 311 223
1378 319 1388 338 ι

67 409 147 473 idde
166 427 204 471 se
225 415 381 471 asseverat
402 415 431 470 et
449 413 487 469 s'e
509 408 575 488 ipse
597 408 808 471 immutabilem
831 417 957 472 testatur
979 429 1055 484 esse,
1078 409 1215 491 idemque
1237 412 1374 474 di-r.tn.

66 511 194 574 dicerunt
214 516 247 572 et
267 510 444 572 conlirrnant
465 509 576 585 sancti,
605 509 666 572 imo
695 510 760 590 ipsa
782 509 835 572 nei
864 510 947 573 notio
970 511 1028 573 hoc
1048 511 1150 591 pietati
1172 532 1286 575 conso·
1334 592 1337 596 A

65 632 126 676 num
148 631 220 674 csse
240 611 354 685 innuit,
387 610 467 674 unde
494 631 607 692 quaeso
635 612 691 675 ista
720 612 880 675 commenti
908 620 979 674 sunt
999 611 1106 693 impii?
1149 614 1287 678 Prolecto
1329 671 1332 674 Δ

65 715 105 777 illa
125 734 162 777 ex
183 714 277 777 corde
298 724 437 794 unquam
460 732 496 776 ex
518 713 710 794 corruptione
731 723 917 777 vomuerunt.

139 1023 194 1086 37.
240 1019 367 1095 Quando
388 1037 460 1081 vero
482 1017 589 1080 divinis
612 1018 739 1081 oraculis
757 1019 917 1081 abutuntur
939 1037 1032 1098 eaque
1046 1019 1083 1081 ad
1098 1039 1183 1083 suam
1198 1038 1285 1083 men·

60 1133 111 1187 tun
132 1123 302 1186 adulterare
324 1122 396 1184 totis
417 1119 580 1183 moliuntur
601 1119 722 1194 viribus,
746 1139 871 1182 necesse
885 1130 932 1184 est
949 1121 1007 1183 illis
1029 1123 1068 1184 ita
1091 1122 1286 1202 respondere,

60 1236 87 1288 ut
105 1226 281 1305 Scripturas
309 1224 492 1286 vindicemus
521 1222 609 1284 verba
638 1223 791 1302 palamque
814 1224 969 1298 laniamus,
999 1243 1032 1285 ea
1059 1224 1177 1304 quidem
1206 1233 1287 1287 recte

56 1346 145 1408 posse
167 1325 304 1405 intelligi,
327 1326 380 1388 sed
403 1325 470 1386 illos
492 1342 582 1404 prave
604 1324 726 1386 sentire.
769 1325 859 1387 Aiunt
880 1325 969 1404 igitur
990 1325 1026 1387 ab
1040 1326 1185 1406 Apostolo
1207 1325 1286 1388 sori-

55 1438 137 1511 ptnm
159 1447 246 1492 esse:
270 1427 404 1508 Propter
425 1427 505 1508 prod
526 1436 554 1488 ct
575 1426 659 1489 Deus
682 1427 831 1489 enullavit
851 1427 940 1490 iilum
961 1437 989 1490 et
1012 1429 1139 1493 donauit
1160 1429 1209 1491 illi
1227 1447 1286 1492 uc·
1309 1490 1312 1495 4

54 1551 135 1604 m,
163 1512 249 1613 p‘rtcd
276 1541 320 1592 ert
343 1548 437 1610 super
459 1547 546 1591 omne
574 1547 697 1600 nomen,
727 1542 763 1592 ut
790 1535 822 1590 irc
849 1535 969 1592 nomine
996 1529 1066 1593 Ictu
1095 1549 1180 1593 omne
1207 1550 1287 1611 ports

54 1636 201 1714 plectatur
223 1631 405 1703 credentum,
430 1634 627 1693 terrestrium
649 1642 678 1693 et
697 1631 903 1710 infernorum,
927 1639 957 1693 et
978 1632 1055 1712 apud
1077 1631 1184 1694 David:
1205 1633 1287 1696 Pro-

52 1750 160 1817 ptrrcn
179 1739 275 1797 uruit
296 1743 325 1796 te
346 1732 437 1804 Deus,
459 1732 542 1795 Deus
562 1745 647 1804 ¹tricas,
672 1732 738 1795 olco
762 1733 893 1796 laetitiae
908 1753 986 1814 proc
1005 1736 1199 1798 contortiones
1213 1738 1286 1798 tuis.
1357 1756 1359 1761 ⁸

55 1835 167 1899 Deinde
189 1845 225 1897 nt
245 1844 362 1897 acutum
384 1834 493 1913 aliquid
515 1841 685 1896 assumunt:
709 1834 764 1908 „Si
785 1835 894 1897 idoirco
912 1835 1054 1898 exaltatus
1076 1844 1124 1898 est
1145 1837 1287 1916 gratiam·

57 1958 140 2020 ,qne
161 1938 278 2017 accepit
299 1946 329 1999 et
349 1945 456 1999 unctus
479 1946 540 2011 est,
570 1929 739 1998 mercedem
767 1937 856 2016 igitur
883 1938 994 2016 recepit
1022 1941 1093 2001 sude
1116 1938 1286 2002 voluntatis.

56 2040 171 2115 „Quod
196 2039 223 2100 si
247 2039 397 2100 voluntate
419 2038 489 2118 egit,
512 2057 585 2099 sane
607 2038 756 2100 mutabilis
780 2047 826 2100 est
847 2045 1002 2101 naturae.“
1047 2040 1127 2101 llaec
1147 2059 1208 2102 non
1231 2059 1286 2102 so·

56 2143 114 2205 lnnr
135 2141 238 2205 dicere
260 2139 314 2201 sed
337 2140 425 2201 etiam
448 2138 581 2201 scribere
603 2141 667 2201 ausi
690 2147 760 2201 sunt
782 2139 928 2202 Eusebius
950 2149 981 2202 et
1001 2141 1101 2216 llrius,
1124 2141 1287 2222 eademque

57 2263 108 2324 per
130 2242 263 2305 medium
285 2242 383 2303 lorum
405 2239 555 2320 divulgare
577 2259 638 2301 non
660 2249 801 2302 verentur
822 2260 925 2302 eorum
948 2242 1089 2312 asseclae,
1112 2262 1172 2304 non
1188 2250 1285 2304 atten-

59 2347 159 2408 dentes
181 2351 323 2426 quanlam
344 2342 477 2425 rpdolral
504 2343 651 2404 insaniam
673 2342 845 2403 huiusmodi
867 2342 986 2404 illorum
1009 2363 1119 2405 sermo.
1145 2344 1237 2405 ·Nam
1259 2345 1286 2407 si
1350 2387 1354 2394 .

59 2449 136 2528 ipsa,
164 2465 242 2527 quae
263 2445 382 2518 habuit,
413 2463 529 2507 meroes
558 2454 605 2507 est
626 2463 697 2507 suae
719 2444 896 2519 voluntatis,
926 2464 1018 2525 eaque
1040 2464 1100 2506 non
1123 2446 1286 2519 habuisset,

60 2549 112 2610 nisi
133 2546 294 2627 indigentis
318 2553 395 2626 opus
417 2547 616 2621 exhibuisset3
639 2546 727 2625 igitur
749 2546 816 2625 quia
840 2546 877 2607 oh
899 2566 982 2608 suam
999 2548 1136 2608 virtutem
1153 2549 1287 2624 vitaeque

60 2648 281 2712 sanctimoniam
301 2649 349 2711 illa
371 2658 419 2710 est
439 2655 637 2722 consecutus,
661 2667 694 2708 ea
717 2657 840 2728 propter
861 2656 891 2709 et
911 2648 1003 2709 Filius
1025 2658 1056 2709 et
1075 2648 1155 2709 Deus
1178 2647 1371 2717 meritonam.

62 2751 148 2813 dictus
170 2760 229 2823 est,
252 2769 313 2812 non
328 2759 432 2812 autum
456 2769 542 2812 verus
565 2759 613 2811 est
632 2750 724 2831 licus.
770 2749 857 2821 Quod
883 2750 960 2810 enim
985 2758 1032 2811 est
1053 2768 1089 2811 er
1111 2750 1208 2829 aliquo
1233 2767 1284 2810 se·

64 2845 182 2915 crudum
206 2861 356 2927 naturam,
384 2871 474 2914 verus
502 2861 548 2912 est
570 2854 657 2914 lotus.
702 2851 751 2912 Sic
772 2851 855 2912 lsauc
875 2851 1026 2923 Abrahae,
1055 2851 1164 2931 loseph
1188 2851 1287 2913 iacobi

65 2961 90 3014 ct
107 2953 252 3034 splendor
273 2953 347 3015 solis
369 2962 418 3016 est
438 2955 528 3015 letus.
573 2953 632 3025 Qui
653 2972 724 3015 vero
748 2953 786 3013 ob
808 2953 945 3014 virtutem
970 2963 999 3014 et
1025 2953 1148 3031 gratiam
1176 2970 1287 3016 nomen

66 3054 108 3115 ilii
129 3065 368 3136 consequuntur,
397 3073 458 3123 non
487 3059 591 3117 naturt
619 3056 674 3117 sed
703 3055 906 3117 tantummodo
929 3056 1023 3133 gratia
1050 3056 1126 3116 hanc
1147 3073 1287 3134 accepere

67 3155 244 3236 dignitatem,
273 3157 379 3237 aliique
403 3158 526 3219 omnino
549 3166 618 3219 sunl
641 3157 677 3219 ab
700 3177 753 3231 eo,
782 3157 862 3237 quod
884 3157 959 3236 ipsis
989 3157 1091 3231 datur3
1120 3155 1288 3219 cuiusmodi
1416 3238 1420 3247 Ι

68 3268 126 3320 tunt
144 3259 294 3334 homines,
318 3261 369 3338 qui
384 3260 512 3339 Spiritus
535 3260 629 3321 sancti
652 3260 813 3338 participes
836 3261 903 3320 lacti
920 3267 999 3332 sunt,
1023 3258 1183 3337 dequibus
1200 3259 1288 3320 etiam
1395 3262 1401 3268 '

10 3380 12 3411 ÷
69 3357 140 3420 licit:
162 3360 258 3422 Filios
279 3365 376 3440 penul
391 3371 419 3424 ct
441 3361 587 3433 multari,
610 3364 673 3442 ipsi
691 3372 791 3423 nutem
812 3381 858 3423 mc
880 3361 1072 3442 repulerunt.
1118 3359 1205 3421 Certo
1220 3359 1289 3438 quia

71 3476 117 3521 uon
136 3465 242 3523 natura
264 3461 315 3522 lilii
339 3470 432 3536 crant,
455 3439 566 3525 idolico
589 3461 619 3523 in
634 3463 727 3543 ‚peius
743 3449 870 3523 ¹mutatis
893 3460 1007 3523 ablatus
1031 3469 1079 3522 est
1095 3462 1235 3540 Spiritus,
1258 3469 1289 3522 et
1367 3529 1379 3546 ι

72 3559 179 3625 abdicati
207 3571 294 3635 suut3
327 3583 404 3644 quos
435 3572 531 3626 tamon
562 3565 657 3639 idem,
690 3564 740 3643 qni
768 3564 853 3624 initio
883 3565 940 3625 illis
969 3563 1141 3624 huiusmodi
1164 3564 1288 3643 gratiam

73 3660 176 3741 largitus
199 3666 351 3738 estlleus,
373 3668 561 3746 poenitentes
583 3667 690 3728 iterum
714 3667 858 3745 suscipiet
879 3666 1002 3744 luceque
1018 3665 1166 3746 impertita
1180 3682 1287 3728 rursus

74 3762 132 3826 llius
153 3787 209 3828 eos
231 3767 400 3847 appellabit.

15 3858 20 3895 ¹
98 3885 116 3933 d.
132 3889 170 3935 Sic
188 3888 289 3947 sepner.
324 3887 352 3937 tr
376 3889 417 3938 ulii
441 3896 465 3939 ct
489 3889 546 3938 editi
570 3882 646 3954 παρὰ
732 3889 755 3937 l1.
781 3888 880 3950 Seguor.
905 3877 975 3933 αὐτὰ
993 3872 1034 3945 ἦν.
1073 3886 1131 3935 ibid.
1152 3886 1214 3934 idem
1234 3899 1288 3936 cunt

13 4008 19 4017 ⁸
75 3948 102 4012 tp
117 3944 264 4019 ἇποστόλῳ.
698 3957 844 4007 Gohleriano
864 3963 888 4003 et
906 3955 1011 4003 Fololrm.
1024 3955 1045 4003 t.
1065 3952 1114 4000 rori
1133 3948 1287 4019 διδομένου.

13 4048 17 4073 e
98 4024 233 4073 cielclm.
256 4024 277 4072 l.
303 4014 392 4081 ’tucos
409 4022 534 4090 χριστοῦ.
572 4025 644 4074 Panlo
699 4025 754 4087 lteg.
775 4015 980 4087 τοῦέσομένου.

12 4100 16 4113 ’·
73 4096 113 4143 l⁰³l
135 4091 231 4140 Gohlcr.
257 4100 280 4139 et
306 4092 409 4141 Felclrm.
431 4093 451 4141 l.
478 4085 524 4139 deri
549 4086 579 4141 dt
597 4090 646 4141 τοῦ
732 4093 747 4140 i.
777 4093 817 4140 Sic
838 4093 936 4151 Seguer.
957 4089 1029 4138 liasil.
1047 4088 1169 4149 luplicnn.
1190 4088 1287 4138 Gobler.

10 4124 16 4209 i
71 4150 149 4217 lapid,
168 4152 215 4206 διὰ
235 4157 325 4207 roriro.
698 4159 754 4221 ltsg.
774 4168 796 4208 et
816 4160 918 4207 Felclrm.
938 4159 962 4206 5.
998 4159 1025 4206 tt
1043 4158 1099 4207 editi
1117 4149 1219 4222 ἔσχηκε.

96 4225 109 4270 l.
131 4230 228 4289 ὁρμεῖ.
249 4226 348 4277 Guliler.
373 4235 396 4276 et
420 4228 525 4276 Felclrm.
547 4227 568 4277 l.
587 4220 646 4275 ἔστι
731 4229 753 4275 l.
773 4227 869 4276 Goblsr.
894 4233 917 4274 et
941 4225 1044 4273 Felclm.
1067 4225 1088 4273 1.
1107 4219 1176 4287 περί.
1214 4221 1289 4271 Paulo

71 4283 202 4346 'linwert
223 4310 277 4343 mur
298 4286 425 4344 ἀλλὰκαὶ
456 4288 553 4374 primur.
584 4296 643 4344 Editi
698 4302 753 4358 post
771 4296 870 4354 Sepnor.
890 4285 918 4339 οἱ
935 4283 1081 4356 ἄνθρωποι
1098 4283 1168 4337 κατά
1186 4300 1230 4339 sto.
1259 4288 1289 4340 Et

69 4353 427 4414 recoctaliiicrirrirrcorer'
460 4357 646 4427 ακαὶπρᾶξαι.
700 4378 753 4410 mor
770 4357 833 4430 περὶ
852 4345 891 4407 ὦν
907 4355 953 4407 καὶ
970 4353 1066 4422 ἔλεγεν.
1109 4359 1171 4408 Editi
1198 4366 1221 4407 st
1247 4357 1288 4407 olii
1367 4403 1369 4408 ,

93 4442 112 4488 g.
134 4431 233 4493 Segner.
258 4425 349 4496 μέσην
365 4424 416 4490 τὴν
430 4418 547 4499 ῗιγοράν.
583 4432 646 4481 fidili
698 4425 761 4494 περὶ
779 4412 819 4477 nir
834 4424 933 4493 ἔλεγεν.

67 4501 85 4540 tt
99 4498 134 4547 alii
148 4495 238 4566 μέσιίν
252 4491 373 4565 ἀγοράν.
733 4499 749 4547 Ι.
768 4499 867 4561 Segner.
887 4488 962 4549 υἱοὺς
979 4487 1084 4547 αὐτούς.
