2948 5092
470 280 587 328 ‚omnm
602 264 634 325 ir.
650 280 768 325 eonrm
780 278 915 325 munde.
1240 266 1307 338 ,347

80 433 301 498 emolumenti
321 416 484 495 camelos
508 436 574 513 qula
597 428 739 495 realstit?
762 430 794 492 Si
815 448 908 510 porro
931 430 994 492 sola
1013 431 1077 493 eius
1092 431 1227 494 voluntas
1243 434 1394 503 cul-naar,

79 537 133 599 licit
154 536 194 599 ad
217 554 269 598 res
292 552 398 596 omnes
422 533 645 614 producendas,¹
662 531 776 594 inutilis
798 532 962 594 seeundum
984 551 1039 594 voa
1062 533 1120 594 erit
1141 533 1309 601 intermedii

77 637 152 701 illius
174 635 322 699 adiutoria
346 652 447 715 opera.
490 634 541 696 illa
565 635 644 696 enim
666 634 792 714 Moysis,
823 633 897 695 eolis
919 643 950 695 et
971 634 1057 697 lunae
1078 636 1212 716 exempla
1227 655 1309 716 quae

74 737 249 812 adduxistis,
272 737 367 800 nautia
388 755 457 798 esee
478 737 636 816 probatum
657 743 714 799 eat.
759 737 964 798 Verumtamen
988 736 1032 798 sio
1053 736 1141 799 etiarn
1157 756 1210 799 ros
1231 757 1308 818 poe·

75 860 178 904 sumne
208 839 355 902 refellere.
400 838 433 900 Si
461 839 567 901 laetam
597 845 731 900 nattrram
760 838 865 898 volens
893 838 971 899 lleus
1001 857 1102 900 creare
1124 840 1220 918 deque
1242 839 1319 929 ipoa‘

75 931 225 1006 lacienda‘
240 940 408 1003 deliberans
435 938 541 1001 Filium
568 940 732 1002 secundum
758 958 814 1017 ¹roa
841 939 987 1018 excogitat
1014 949 1043 1001 et
1064 948 1160 1014 creat,
1194 949 1227 1002 ut
1249 958 1325 1017 nos,

73 1043 251 1125 peripsum
274 1050 378 1123 postea
399 1042 560 1122 producat,
583 1050 721 1122 quantam
743 1041 878 1120 prolerre
900 1040 1014 1102 audetis
1037 1040 1217 1122 impietatem
1240 1041 1306 1104 ani-

73 1144 261 1208 madvertite.

158 1333 214 1395 30.
259 1327 368 1390 Primo·
383 1328 462 1389 enim
483 1328 553 1390 inde
574 1327 718 1406 sequitur,
741 1335 774 1388 nt
796 1327 861 1407 ipse
882 1327 974 1390 Filius
989 1328 1087 1390 nostri
1101 1327 1202 1408 potius
1218 1347 1306 1392 cauea

74 1435 169 1496 lactus
193 1430 302 1505 luerit,
331 1447 418 1509 quam
446 1447 503 1491 nos
532 1437 656 1509 propter
677 1428 786 1508 ipsum.
830 1428 891 1490 Neo
913 1429 992 1490 enim
1014 1448 1071 1491 nos
1094 1437 1216 1509 propter
1237 1447 1306 1493 eum

73 1534 163 1598 creati
187 1549 306 1605 snmus,
330 1531 384 1594 aed
406 1531 470 1611 ipae
492 1538 617 1610 propter
638 1548 696 1592 nos
718 1532 814 1592 lactus
837 1540 893 1605 eat,
917 1530 956 1592 ita
978 1539 1011 1592 ut
1033 1530 1082 1592 ille
1097 1530 1185 1592 nobis
1203 1530 1305 1610 potius

73 1635 181 1698 habeat
209 1633 351 1714 gadam,
380 1651 468 1712 quam
497 1650 553 1694 nos
581 1631 639 1706 illi,
668 1641 700 1695 ut
726 1640 757 1694 et
782 1631 890 1694 mulier
918 1632 993 1716 niro.
1046 1633 1176 1705 lltem'm,
1205 1641 1238 1694 nt
1266 1631 1308 1695 ait

74 1737 240 1818 Scriptura,
263 1753 327 1797 noo
348 1747 394 1798 eat
416 1746 538 1797 creatus
561 1739 611 1795 vir
630 1745 762 1814 propter
782 1735 949 1804 moliorem,
973 1737 1026 1797 aed
1046 1735 1158 1797 molier
1176 1745 1306 1814 propter

74 1845 185 1902 oimm.
232 1836 326 1915 igitur
354 1835 602 1916 quemadmodum
630 1840 681 1897 vic
709 1840 805 1915 dungo
835 1847 864 1897 et
892 1838 993 1916 glorio
1020 1836 1081 1898 Dea·
1105 1847 1165 1906 eal,
1194 1836 1306 1898 mulier

74 1951 174 2003 autern
203 1937 305 2018 glorio
334 1943 398 2000 oiri
422 1947 483 2012 eat3
511 1937 550 1999 ita
581 1957 636 1999 nos
665 1933 718 1998 lloi
747 1937 843 2017 imago
872 1945 901 2000 el
928 1938 964 2021 ad
992 1936 1057 2017 ojus
1085 1937 1208 2016 gloriam
1238 1936 1307 2001 laeli

68 2060 197 2112 snmus,
228 2038 321 2101 Filius
350 2048 448 2101 autem
477 2039 573 2101 nostri
602 2040 699 2118 imago
730 2039 817 2101 etad
839 2047 973 2101 nostram
996 2039 1119 2119 gloriam
1142 2041 1235 2102 lactus
1257 2038 1305 2101 di-

15 2171 19 2181 *
72 2143 185 2206 modus
210 2140 277 2201 erit.
321 2140 433 2202 lleinde
456 2159 513 2200 nos
536 2141 654 2219 quidem
677 2141 744 2224 lacti
767 2127 887 2216 sumtis,
910 2152 943 2204 ut
965 2142 1178 2228 existeremus,
1201 2148 1232 2201 at
1252 2139 1305 2202 llei

71 2232 204 2306 lechum
230 2260 293 2303 non
314 2250 348 2303 ut
370 2243 526 2315 existeret,
556 2243 608 2303 sed
632 2244 727 2305 nostri
751 2243 844 2322 gratia
867 2243 960 2305 instar
983 2243 1174 2305 instrumenti
1196 2245 1305 2304 lactum

68 2354 127 2420 est,
151 2343 338 2424 proindeque
361 2361 422 2405 non
445 2362 502 2404 nos
525 2352 649 2423 propter
671 2344 753 2417 illud,
776 2345 830 2407 sod
853 2345 953 2426 ipsum
975 2355 1097 2426 propter
1113 2363 1169 2406 nos
1192 2344 1304 2406 existit.

65 2450 112 2510 An
137 2465 202 2508 non
222 2464 296 2507 vero
318 2446 368 2525 qni
391 2445 464 2506 haec
486 2446 532 2507 rel
554 2454 665 2507 tantum
689 2446 829 2525 cogitant,
853 2447 984 2509 omnium
1005 2444 1307 2527 dementiasimiount

63 2546 225 2611 habendi?
268 2548 341 2608 Nam
366 2547 391 2607 si
407 2555 538 2626 'propter
560 2566 616 2608 nos
640 2552 746 2609 lactum
770 2557 815 2610 est
838 2548 984 2618 Verbum,
1008 2548 1095 2609 nobis
1118 2554 1197 2608 certe
1219 2546 1304 2625 prius

63 2670 131 2712 non
156 2657 206 2712 est
227 2650 304 2729 apud
327 2649 431 2711 Deum.
476 2650 577 2730 Neque
607 2651 686 2712 enirn
710 2669 776 2712 cnm
799 2651 869 2711 illud
893 2652 922 2711 in
946 2669 979 2711 se
1006 2649 1072 2730 ipse
1101 2648 1238 2722 haberet,
1268 2647 1305 2708 de

62 2753 160 2814 nobis
184 2752 321 2814 creandis
345 2752 519 2814 deliberarit
545 2753 642 2824 neus,
675 2753 729 2815 scd
759 2753 859 2834 potius
883 2772 948 2813 curn
971 2771 1027 2812 noa
1051 2751 1081 2812 in
1104 2770 1137 2812 se
1159 2750 1224 2829 ipse
1246 2750 1301 2810 laa-

64 2853 174 2926 beret,
199 2853 236 2913 de
258 2872 314 2914 eno
337 2853 452 2925 Verbo,
476 2863 508 2915 ut
530 2854 570 2915 illi
593 2855 743 2927 dictitant,
771 2845 964 2933 producendo
987 2853 1169 2935 deliberarit.
1216 2851 1302 2924 Quod

67 2957 96 3016 si
121 2973 228 3017 cecum
250 2964 306 3026 est,
330 2957 407 3016 lorte
430 2957 630 3017 nee'omnino
646 2957 733 3017 Pater
754 2955 858 3017 Filium
881 2955 985 3015 voluit.
1030 2955 1102 3014 Nam
1126 2953 1389 3032 onninamente

67 3058 177 3118 rolens
201 3057 327 3129 crearit,
356 3058 408 3118 sed
432 3076 488 3118 nos
511 3059 615 3119 volens
638 3058 738 3137 ipsum
759 3067 882 3137 propter
905 3076 961 3117 nos
985 3057 1104 3119 meavit.
1150 3055 1303 3135 Siquidem

70 3179 141 3221 eum
170 3168 243 3239 post
271 3178 326 3220 nos
357 3160 546 3238 excogitavit,
577 3161 651 3221 adeo
681 3168 713 3220 nt
737 3161 798 3240 jam
829 3178 865 3220 ex
893 3158 983 3239 impia
1012 3158 1130 3219 illorum
1158 3156 1305 3218 sententia
1377 3214 1380 3220 .

72 3262 187 3323 inutilis
211 3261 249 3322 sit
272 3261 379 3333 Filius,
403 3280 490 3340 quern
513 3263 610 3323 instar
632 3262 821 3323 instrumenti
845 3261 953 3323 lactum
977 3280 1045 3323 esse
1068 3260 1184 3332 volunt,
1208 3276 1303 3338 quan-

72 3364 236 3442 doquidem
264 3382 298 3424 ea
331 3373 402 3424 sunt
423 3365 543 3437 ellectu,
574 3383 701 3444 quorum
725 3383 813 3425 causa
837 3372 954 3425 creatus
978 3364 1043 3442 ipse
1067 3370 1123 3423 est.
1168 3359 1307 3436 Quodsi

63 3465 165 3525 filius
195 3484 210 3524 a
240 3465 305 3525 solo
335 3465 421 3525 Patre
451 3467 545 3525 laetus
576 3475 638 3538 est,
667 3465 736 3545 quia
765 3465 848 3527 solus
876 3466 973 3545 potuit
1002 3464 1037 3525 ab
1061 3464 1110 3525 illo
1134 3463 1214 3533 fieri,
1247 3480 1304 3522 nos

72 3683 205 3733 termediis.
242 3683 292 3733 lior
303 3685 402 3745 Segner.
414 3685 511 3736 Gobler.
523 3693 545 3733 et
555 3685 661 3734 Felelarn.
676 3674 684 3691 ¹
749 3701 769 3735 e.
788 3685 893 3735 Felclm.
904 3679 929 3734 4.
943 3677 1143 3750 παρίστασθαι.
1163 3682 1236 3731 Pacilo
1251 3689 1306 3744 nott

75 3753 96 3802 i.
113 3743 407 3834 xdgavnitdrrjgauir.
442 3755 487 3802 llil
507 3761 529 3801 et
549 3744 662 3817 editixci-
714 3755 815 3815 Segner.
833 3744 885 3814 κᾷν
900 3743 997 3817 μόνον.
1024 3753 1068 3800 llll
1089 3760 1112 3800 et
1130 3741 1305 3814 editixalpci·

72 3834 116 3883 ριν
135 3813 222 3869 αυτὸν
239 3810 312 3884 ἡμῖν.
338 3820 661 3881 lonlsqnernegnasit.
713 3821 770 3869 νόν.
807 3821 898 3871 ibidem
917 3819 1006 3880 dnglic.
1025 3812 1070 3865 uoci
1089 3811 1114 3867 ti
1132 3810 1165 3865 δι’
1186 3809 1264 3882 ἡμᾶς.

72 3889 162 3949 anglic.
183 3887 287 3936 Fclclm.
306 3887 330 3937 4.
350 3897 373 3937 et
391 3888 414 3937 5.
431 3881 469 3954 μὴ
490 3880 561 3952 ἡμᾶς
579 3878 660 3952 αὐτῷ.
748 3890 763 3937 l.
790 3888 862 3938 llaail.
888 3896 911 3936 et
935 3887 1039 3937 l'elclm.
1059 3886 1082 3935 2.
1107 3888 1220 3935 omittunt
1243 3877 1306 3951 uagi

72 3956 134 4005 Editi
150 3949 190 4023 μὴ
210 3947 288 4020 ἡμεῖς
305 3945 387 4020 αὐτῷ.
713 3949 800 4021 ἡμῶν.
841 3956 900 4005 lbid.
920 3957 1019 4015 Segner.
1039 3954 1137 4004 Gobler.
1158 3953 1261 4002 Felclcm.
1283 3952 1304 4000 1.

104 4025 127 4073 d.
146 4024 288 4085 Seguerian.
313 4025 411 4075 Gobler.
430 4023 534 4074 Fclclrm.
555 4023 576 4072 1.
596 4032 619 4072 et
636 4023 660 4073 t.
713 4033 737 4074 ot
754 4024 777 4073 d.
796 4013 850 4070 ἀλλ’
871 4013 1122 4104 lfancflovtednaa

71 4088 203 4157 καθάπερ.
248 4092 311 4141 Editi
341 4101 364 4141 et
394 4092 434 4142 alii
461 4083 555 4157 ὥςπερ.
609 4091 662 4140 ldox
747 4107 769 4153 g.
789 4080 922 4152 Regood’
943 4085 1030 4149 roras.

71 4160 171 4220 Segnec.
190 4159 290 4210 Gobler.
309 4166 331 4209 el
351 4160 454 4209 Felcltm.
477 4160 497 4207 i.
517 4149 532 4217 iz
551 4151 659 4224 γραφή,
748 4161 770 4208 lr.
790 4160 890 4219 Seguer.
909 4150 933 4206 ai
950 4151 980 4205 δὲ
998 4151 1044 4204 καὶ
1062 4149 1106 4209 ὥς.
1143 4155 1194 4203 llox
1206 4154 1268 4202 idern
1281 4161 1306 4203 et

71 4217 139 4293 ἆνὴρ
165 4221 212 4275 διὰ
230 4220 282 4285 τὴν
298 4226 423 4290 γυναῖκα,
444 4219 511 4274 ἀλλὰ
527 4218 597 4289 γυνή
615 4235 660 4275 etc.
712 4228 770 4285 neg.
799 4227 938 4277 Gablrcian.
958 4235 981 4274 et
999 4225 1104 4274 Felcltm.
1126 4223 1146 4272 l.
1174 4213 1250 4286 ἡμεῖς
1267 4214 1304 4270 δέ.

71 4296 131 4346 Editi
151 4286 400 4376 etaliiriyqacpq',
426 4285 676 4358 iciriqucciriw,
711 4297 755 4344 llil
775 4304 798 4344 et
816 4295 889 4343 editio
909 4294 1027 4343 Commel.
1046 4285 1122 4356 ὑμεῖς
1141 4284 1178 4337 δέ.
1213 4288 1303 4347 laralia

70 4364 200 4427 γυναῖκα,
228 4354 282 4411 ἀλλ’
303 4378 317 4421 η
336 4356 413 4427 γυνή,
450 4364 540 4412 lbidrin
560 4366 660 4424 Segner.
712 4364 841 4412 etFelcltm
861 4355 1083 4427 lihiddnroroi
1105 4357 1304 4432 liegetllelcltm.

70 4432 251 4495 Basildnglie.
272 4432 343 4482 Gobl.
362 4414 657 4498 erelctm.1.dq’olu.
712 4430 735 4480 5.
755 4424 882 4479 δυνατοῦ.
919 4430 978 4479 lbld.
1004 4430 1077 4489 Sego.
1097 4440 1136 4474 πα
1157 4419 1174 4472 ὰ
1193 4419 1304 4472 τοῦλυ-

70 4499 148 4552 Ceteri
166 4509 190 4551 et
208 4499 266 4550 editi
284 4489 327 4566 ἄρ’
348 4484 405 4550 οὖν.
710 4511 770 4564 roo.
805 4499 852 4548 tlii
870 4506 894 4548 et
912 4498 970 4548 editi
987 4488 1035 4543 διὰ
1053 4492 1102 4543 τοῦ
1119 4439 1213 4559 tiron.
1293 4524 1297 4530 -
