2948 5092
117 255 181 320 884
520 256 548 302 ε.
561 250 716 299 ιπιιιιειι
730 242 973 297 mmmm·

30 438 108 486 5552
116 440 229 507 γοντες
256 410 438 537 όμομυσίαν
465 399 551 473 εἶναι
579 404 619 488 τῇ
649 397 823 485 τριάδι
789 424 848 484 την
865 397 1005 522 ,σάρκας
1036 406 1161 468 τοίνυν
1189 399 1344 489 ματαίαῆ

116 526 233 596 πίστις
253 511 346 600 ῦμῶν
368 508 508 589 ἐστιν,
494 529 552 574 ισα
572 502 634 590 γὰρ
660 510 814 589 φρονεῖτε
834 502 901 566 τῶν
924 495 1062 588 ἀσεβῶν
1082 497 1282 590 Ἆρειανῶν,
1301 528 1348 571 κα·

17 636 21 643 ’
115 623 182 699 κῶς
211 613 470 741 ἐκλαμβάνοντες
497 606 537 674 τὸ
559 601 597 672 ·ό
625 603 723 690 λόγος
751 602 836 689 σὰρξ
862 601 1000 689 ἐγένετο
1051 600 1204 693 όλόγος
1226 608 1262 674 55
1281 606 1348 692 σὰρξ

117 722 243 810 ἐγένετο
271 713 330 801 οάχ
357 717 414 783 ἱνα
442 708 461 779 5
489 709 589 836 λόγος
609 693 766 794 μηκίτι’
745 730 766 794 η
789 703 901 790 λόγος,
936 699 1009 772 ἀλλ’
1035 705 1099 774 ἳνα
1124 709 1163 774 ἐν
1185 699 1316 794 σαρκὶς
1298 703 1348 796 ηό

117 823 216 909 λόγος
237 819 300 905 σὰρ
302 817 484 941 ξέγίνπο,
515 812 572 878 ἵνα
515 804 691 878 5‘555
673 831 693 874 ο
714 807 812 893 λόγος
833 796 927 874 555³
906 834 927 895 ῃ
950 806 1070 895 λόγος,
1097 813 1160 878 καὶ
1184 811 1287 898 σάρκα
1290 812 1348 932 „5³5

118 950 138 992 0
124 921 265 1010 *λόγος
289 909 367 988 ἐν
345 946 366 1007 η
388 917 427 984 τό
449 914 569 992 πάθος
590 913 643 978 καλ
666 909 725 977 τόν
745 909 898 977 θάνατον
920 906 1153 991 ἀνεῦέξατο’
1136 939 1174 981 εν
1197 916 1348 1037 μορφῇτῇ

117 1020 329 1112 ἀνθρωπίνη,
351 1025 447 1106 μέχρι
467 1016 579 1104 τάφου
600 1017 655 1080 καὶ
678 1008 762 1101 ᾅδου
785 1011 922 1098 ἐπιβάς,
947 1003 1028 1080 ἐν’
1003 1040 1027 1101 ῃ
1051 1013 1114 1081 555
1137 1014 1203 1103 n),
1225 1011 1349 1083 ἂγάσω.

118 1125 253 1214 σίντην
276 1124 311 1192 ἐκ
332 1123 453 1241 νεκρῶν
476 1123 677 1204 πεποίηται,
701 1114 822 1201 σαρκὸς
842 1117 896 1182 καὶ
920 1115 1084 1200 αἳματος
1092 1119 1155 1184 καὶ
1179 1121 1332 1204 ψυχῆς
1303 1118 1349 1182 τόν

118 1229 282 1307 ἐπίδειξιν
304 1222 532 1312 ποιησάμενος
554 1215 572 1283 5
594 1217 678 1296 θεὸς
699 1215 797 1304 λόγος
811 1216 868 1285 διὰ
884 1216 972 1297 ἰδίας
985 1220 1045 1285 καί
1064 1213 1270 1306 ἀδιαιρέτου
1286 1242 1349 1303 ουρ-

74 1357 81 1370 ·
117 1331 184 1411 κός,
209 1325 255 1408 ῶς
275 1333 468 1414 γέγραπται,
493 1322 528 1389 ἐκ
550 1325 742 1407 σπέρματος
755 1320 875 1405 Δαβίά.
913 1325 948 1386 τί
968 1319 1034 1405 γὰρ
1051 1320 1176 1407 ἕτερον
1192 1317 1270 1407 παρ’
1282 1317 1350 1407 ῦμῦς

119 1433 228 1518 εἴρηκε
239 1435 421 1516 Μαρκίων,
451 1419 521 1507 οῦχὶ
545 1417 772 1510 οῦρανοφανλς
791 1421 831 1488 τὸ
853 1425 951 1506 σῶμα
965 1409 1000 1489 ἐν
1013 1417 1192 1507 ὁμοιώσει
1213 1419 1350 1509 ιοἰνθριν

118 1541 200 1622 τείνῃ
149 1535 278 1602 5555
301 1526 359 1599 οῦκ
380 1526 544 1616 ἀληθείας
574 1530 609 1591 τί
637 1525 672 1591 δὲ
657 1521 777 1590 ὲάλλο
789 1524 907 1647 εἴρηκε
928 1529 1156 1609 Μανιχαῖος,·
1195 1521 1236 1593 οῦ
1256 1533 1351 1593 θεοει-

120 1637 175 1716 ῦὲς
195 1634 235 1701 τό
258 1630 412 1718 σῶμαέν
435 1626 597 1714 ὁμοιώσει
617 1651 657 1713 τη
641 1619 800 1693 καθΗ
781 1629 868 1712 ημᾶς
887 1625 989 1713 μόνη,
1014 1620 1208 1715 ἀλλότριον
1231 1630 1267 1696 55
1281 1651 1351 1751 μορ·

118 1737 176 1816 κός
197 1732 425 1822 ἀνθρωπίνης,
448 1756 488 1820 ης
509 1730 569 1818 τὴν
592 1728 694 1852 φύσιν
717 1723 881 1815 ἁμαρτίαν
903 1729 991 1814 λέγει
1014 1722 1160 1815 ἀσεβῶν
1183 1725 1291 1798 καλ’
1255 1728 1351 1817 ουτηι

118 1839 260 1924 πρᾶξιν,·
289 1834 425 1921 τοιαύτη
447 1832 575 1898 τούτων
597 1827 617 1918 ἦ
641 1825 786 1916 ἀσέβεια.

208 1944 257 2007 13.
302 1936 369 2004 Διό
392 1930 429 2003 55
454 1935 506 2001 δεῖ
526 1933 585 1999 τόν
608 1927 805 2018 εὐσεβοῦντα
825 1931 996 2011 τοιαύταις
1008 1934 1175 2020 χρῆσθαι
1189 1934 1350 2012 ἐπινοίαις,

119 2035 188 2109 ἀλλ’
214 2035 267 2107 ὅτι
295 2032 314 2103 5
342 2037 410 2124 πρό
438 2039 507 2102 τῶν
535 2033 667 2102 αἰώνων
696 2030 875 2120 όμοοόσιος
904 2027 949 2100 ῶν
978 2033 1081 2119 λόγος
1104 2039 1160 2123 τῷ
1184 2040 1286 2124 πατρὶ
1306 2031 1348 2102 ἐπ’

119 2141 266 2227 ἐσχάτων
299 2139 334 2208 ἐκ
363 2142 424 2227 τῆς
451 2133 551 2224 άγίας
579 2139 634 2203 καὶ
663 2133 826 2203 θεοτόκου
848 2139 1042 2221 επαρθένου
1071 2135 1140 2222 τὴν
1168 2142 1232 2205 τοῦ
1257 2134 1348 2220 Ἀόάμ

118 2245 245 2312 πλάσιν
267 2245 321 2309 καί
345 2247 486 2329 ποίησιν
500 2237 617 2326 καινὴν
633 2233 847 2326 ἀνεστήσατε,
866 2235 1175 2359 ἰδιοποιησάμενος
1188 2237 1268 2308 καθ
1283 2241 1349 2309 5⁷5·

119 2369 192 2428 σιν,
214 2348 269 2412 καί
292 2339 399 2421 οῦτως
422 2340 526 2431 ῶφθη
552 2339 739 2426 ἀνθρωπος
760 2335 779 2405 5
800 2334 989 2425 Χριστὸς“
973 2362 991 2404 ο
1012 2338 1085 2425 πρὸ
1111 2342 1252 2410 αἰώνων
1271 2339 1348 2420 θεός,

118 2455 177 2517 καί
197 2447 295 2532 ἐσμεν
316 2441 412 2534 ημεῖς
432 2445 513 2531 μίλη
536 2445 698 2566 Χριστοῦ,
722 2436 768 2520 ῶς
788 2445 1008 2528 γίγραπταιᾎ)
1033 2439 1131 2508 ἐκ
1084 2467 1152 2529 της
1167 2443 1289 2531 σαρκός
1302 2438 1349 2510 55·

118 2553 179 2618 τοῦ
201 2551 255 2617 καί
279 2549 313 2617 ἐκ
334 2551 401 2614 τῶν
424 2542 549 2614 ὀστέων
572 2542 683 2610 αὐτοῦ.
720 2549 772 2623 τίς
801 2533 858 2610 οῦν
880 2570 899 2628 η
921 2542 1067 2666 τοσαύτη
1090 2539 1193 2628 ῦμῶν
1216 2548 1349 2634 φιλονει-

119 2659 176 2720 κία
196 2654 263 2718 τῶν
286 2644 545 2739 ἐφευρέσεων,ί
524 2645 608 2726 ιόςτε
630 2641 829 2733 ἀνθρωπίνῃ
853 2645 1011 2733 φρονήσει
1035 2642 1126 2731 ὑπὲρ
1151 2649 1214 2738 τὴν
1230 2645 1348 2768 ἀνθρμ·

119 2760 220 2842 πίνην
243 2753 356 2840 νόησιν
380 2748 567 2838 ὁρίζεσθαι,
591 2750 757 2834 λέγοντες
784 2742 858 2815 ἀντὶ
879 2750 939 2813 τοῦ
962 2748 1094 2815 ἔσωθεν
1119 2748 1223 2818 ‘zv‘
1203 2761 1282 2874 ημῖν
1301 2744 1347 2815 ἀν·

118 2802 264 2978 θριόπου
287 2857 363 2933 νοῦς
385 2851 624 2939 ἐπουράνιος’
610 2877 644 2917 εν
659 2853 817 2936 Χριστῷς
848 2839 874 2915 ῶ
896 2852 954 2936 τῆς
975 2844 1136 2935 ἀθέσμου
1160 2851 1345 2940 γνώμηςκά

117 2962 185 3026 τῶν
219 2953 374 3026 ἀσθενῶν
406 2958 460 3021 καὶ
483 2949 659 3072 ἀπρεπῶν
689 2951 844 3039 ῥημάτων
871 2955 938 3018 τῶν
960 2951 1004 3038 μὴ
1027 2953 1202 3020 νοοῦντων
1226 2957 1346 3076 πρῶτφ

117 3063 226 3141 τοῦτο,
251 3056 304 3125 ότι
325 3056 476 3144 Χριστός
497 3053 717 3142 μονοτρόπως
739 3049 776 3120 οῦ
800 3055 937 3139 λέγεται,
962 3047 1030 3119 ἀλλ’
1057 3050 1154 3120 ἐν’
1110 3060 1207 3142 αυτῷ
1223 3060 1270 3144 τῷ
1284 3050 1345 3121 555

116 3187 199 3247 ματι
227 3160 274 3228 55
298 3158 370 3226 όντι
392 3159 556 3243 ἑκατέρων
578 3158 645 3222 τῶν
667 3155 871 3242 πραγμάτων
894 3156 1060 3221 δείκνυται
1082 3165 1255 3244 σημασία,
1277 3155 1345 3223 θεό·

116 3261 215 3349 τητός
235 3270 288 3328 ’τε
309 3262 363 3327 καί
387 3255 664 3346 ἀνθρωπότητος.
704 3256 758 3324 διό
786 3261 840 3324 καὶ
864 3255 1050 3343 άνθρωπος
1073 3259 1211 3344 λέγεται
1234 3256 1252 3325 5
1273 3265 1345 3343 Χρι-

116 3364 196 3446 στός
224 3364 277 3428 καὶ
300 3361 383 3441 θεὸς
404 3364 536 3447 λέγεται
559 3356 577 3425 ό
599 3357 763 3444 Χριστός,
793 3362 847 3426 καὶ
870 3357 952 3437 θεὸς
972 3361 1026 3425 καὶ
1051 3358 1248 3447 ἅνθρωπός
1270 3361 1345 3428 ἔστιν

117 3461 136 3530 5
158 3462 307 3550 Χριστός
328 3465 382 3528 καὶ
406 3457 454 3540 εἷς
476 3461 569 3528 ἐστιν
592 3457 610 3526 ό
633 3460 789 3546 Χριστός.
827 3461 970 3545 μάταιον
992 3449 1051 3526 οῦν
1072 3457 1173 3545 ὑμῶν
1196 3465 1236 3530 τό
1260 3463 1345 3550 σόφι·

117 3587 187 3652 σμα
209 3562 463 3650 ἐπιχειρούντων
487 3563 601 3648 ἕτερόν
623 3589 658 3630 τι
679 3562 773 3649 παρὰ
794 3562 851 3628 τὸν
866 3562 1014 3649 Χριστόν
1038 3562 1073 3629 ἐν
1090 3561 1188 3652 αὐτῷ
1203 3572 1343 3651 θεωρεῖν.

31 3668 154 3735 Μολοῑ
180 3669 241 3753 μὲν
262 3666 324 3753 γάρ
347 3669 612 3753 καταχρηστικῶς
634 3665 804 3751 λεγόμενοι
826 3668 969 3750 Χριστοὶ
992 3665 1077 3743 ἴσως
1099 3664 1184 3734 καθ’
1209 3665 1293 3753 ὑμᾶς
1312 3659 1344 3732 ἀι

117 3775 321 3857 θεωροῖντο,
356 3765 374 3833 ό
405 3770 441 3835 55
468 3768 552 3834 κατὰ
580 3768 682 3856 φύσιν
709 3768 811 3853 μόνος
828 3760 1002 3853 Ιἀληθινός
1023 3768 1183 3854 Χριστὸς
1212 3765 1270 3853 οῦχ
1290 3764 1345 3833 555

116 3863 336 3957 ἀνθρωπίνου
365 3872 526 3956 λογισμοῦ
558 3869 835 3957 όιαγραφήσεται,
860 3865 970 3955 ῶςπερ
992 3863 1092 3952 ὑμεῖς
1113 3872 1279 3956 ’τολμᾶτε
1298 3866 1345 3934 καὶ

186 4043 289 4103 11111
273 4042 436 4103 11.,.οιῦ15

149 4161 289 4240 58555.
309 4161 577 4212 50555551551.
597 4154 705 4224 όλόγος
790 4161 813 4209 b.
834 4151 1342 4237 Prius551115155551555957555555

114 4221 262 4307 σάρξέγίν
246 4242 324 4284 ν,ετο
351 4218 586 4307 οῦχῖναησὰρξ
607 4226 690 4308 μηκέτ
694 4244 704 4276 ι
756 4221 888 4293 εοάμόνη
908 4229 1342 4291 abestetquidemrectensegm

110 4280 325 4376 μλογοςωοῦΙ
344 4305 367 4345 et
386 4290 700 4359 1ε1ε1ιιο.1.λόυιιγο)ἀ’λλ
756 4297 854 4347 Gobler.
874 4304 896 4343 et
915 4295 1021 4344 5555.
1041 4296 1063 4345 1.
1103 4300 1184 4349 Paulo
1199 4309 1270 4379 ηοεῖ
1296 4296 1342 4344 edili

114 4377 159 4410 ινα
178 4379 248 4421 ηα
213 4376 248 4410 σα
236 4348 419 4443 ρξῇλόγος
441 4355 494 4411 ἀλλ’
508 4356 669 4428 όλόγοςσά
689 4362 705 4420 ξ
755 4356 1093 4446 λιιῦυοῖένόμοιῶσειτη
1113 4359 1209 4414 καθ’“
1194 4360 1341 4433 ημάςμόνμ,

112 4423 175 4494 ἀγόν
159 4443 220 4479 κετο
240 4423 285 4479 ἵνα
302 4426 348 4479 καὶ
366 4425 380 4478 ό
398 4425 457 4497 λόγ
495 4432 569 4482 Paulo
592 4441 649 4498 post
653 4380 704 4482 “55
755 4440 779 4482 υῑ
796 4446 828 4498 τη
817 4423 900 4479 καθ
920 4427 993 4497 ημᾶς
1011 4434 1128 4484 desunt
1122 4451 1148 4485 ιο
1169 4437 1269 4501 Seguer.
1283 4433 1341 4485 5555

112 4504 169 4548 εοῑε
186 4511 284 4566 μσρφη
270 4501 394 4550 ι’ᾱιειι
388 4514 413 4550 ιιι
431 4501 532 4562 θεςσει.
755 4509 779 4550 ει
795 4501 901 4551 1ι1ι1ιυ.
921 4501 943 4550 1.
