2948 5092
351 263 496 309 nrrsrom
510 266 548 309 nr
562 266 707 310 nncnrrrs
723 267 868 313 morsm
882 268 1000 315 ersom.
1247 259 1290 323 53

55 435 144 496 supra
167 415 342 488 retulimus,
365 415 464 476 lutilos
488 425 518 477 et
538 436 628 478 vanae
650 417 771 479 voculae
794 420 874 480 omni
897 437 1022 498 prorsus
1045 432 1115 486 sunt
1135 424 1365 505 impietatem

55 520 172 598 plenae,
204 517 250 578 nti
281 527 368 578 antea
397 527 427 578 et
449 518 539 579 modo
562 528 663 580 nostra
688 520 822 582 oratione
846 522 1041 584 ostendimus.
1087 525 1118 586 Si
1141 527 1208 604 quis
1231 545 1286 590 au·

56 630 110 680 tem
133 637 179 690 ea,
204 637 284 697 quac
307 628 410 680 contra
433 619 499 681 illos
521 639 536 680 a
559 621 678 699 Synodo
701 622 808 700 scripta
833 631 863 682 et
885 623 1002 684 decreta
1025 635 1108 698 sunt,
1131 626 1290 705 diligenter

57 720 268 800 perpenderit,
303 720 375 783 nibil
399 721 457 782 nisi
481 740 592 782 meram
614 723 768 783 veritatem
791 723 821 783 in
843 723 903 784 illis
927 725 1072 786 contineri
1094 728 1172 790 band
1195 728 1285 791 dubie

57 823 198 902 reperiet,
231 823 359 884 maxime
388 823 414 882 si
444 823 579 885 studiose
601 825 699 884 velit'
692 824 863 903 roquirere,
897 844 985 903 quam
1006 828 1175 890 necessaria
1196 830 1288 893 luerit

57 945 139 987 cansa
162 927 220 986 has
245 944 335 987 voces
358 924 525 995 adhibendi,
549 944 624 1004 quae
646 925 764 1005 quidem
786 927 858 987 baec
879 926 943 989 luit.

139 1132 191 1193 19.
240 1128 313 1190 Cum
336 1128 424 1189 veltet
445 1128 580 1208 synodus
603 1129 692 1208 impia
713 1128 889 1190 Arianorum
911 1129 1051 1192 vocabula
1085 1130 1227 1211 abrogare
1254 1142 1286 1196 et

58 1244 146 1291 certas
178 1250 214 1291 ac
242 1232 398 1291 consessas
422 1231 639 1309 Scripturarum
667 1249 755 1291 voces
777 1231 932 1305 adbibere,
962 1251 1068 1312 nempe
1089 1233 1168 1311 quod
1188 1233 1284 1297 Filius

59 1351 113 1392 non
135 1332 179 1392 sit
201 1350 240 1392 ex
261 1331 354 1392 nihilo
377 1331 439 1392 sive
462 1351 498 1393 ex
520 1349 580 1392 non
605 1331 810 1405 existentibus,
833 1333 886 1393 scd
908 1353 943 1395 ex
965 1334 1038 1408 Deo,
1061 1334 1139 1414 quod
1152 1334 1282 1396 Verbum

59 1434 122 1493 item
145 1434 189 1494 sit
211 1441 243 1494 et
265 1431 427 1511 Sapientia,
450 1450 509 1492 non
532 1451 603 1493 vero
626 1451 675 1493 res
699 1443 794 1494 creata
818 1442 868 1495 aut
890 1437 974 1508 lacta,
998 1436 1051 1497 sed
1066 1436 1207 1516 proprius
1221 1436 1281 1497 Pa·

59 1535 105 1594 tris
129 1536 230 1604 ictus;
260 1533 419 1594 Eusebiani
447 1552 536 1612 prava
565 1552 617 1594 sua
640 1534 798 1596 inveterata
821 1535 961 1613 opinione
983 1536 1117 1615 impulsi,
1140 1537 1221 1599 istud
1244 1555 1284 1600 em

59 1636 114 1698 lleo
137 1634 231 1696 nobis
254 1652 412 1695 commune
435 1653 512 1707 esse,
535 1634 666 1714 nihilque
688 1635 743 1696 bac
765 1635 793 1695 in
815 1654 849 1696 re
871 1656 888 1697 a
910 1637 996 1698 nobis
1019 1638 1139 1699 differre
1154 1638 1281 1700 Verbum

59 1737 103 1797 [tei
125 1735 280 1808 volebant,
303 1735 413 1798 idcirco
437 1735 564 1808 scilicet,
588 1735 666 1813 qnod
689 1736 831 1815 scriptum
853 1737 907 1798 sit:
936 1738 1018 1800 Uotis
1042 1737 1138 1810 Deus,
1162 1758 1201 1801 ecc
1223 1757 1282 1819 poto

58 1843 169 1914 manin,
200 1836 376 1898 etiterum:
411 1836 514 1899 Vetere
544 1841 753 1909 transierum
785 1857 848 1899 cccc
869 1841 953 1917 scoto
975 1848 1048 1900 sunt
1070 1844 1170 1901 omnin
1190 1857 1282 1902 noan.

60 1940 163 2000 Omnia
185 1949 289 2000 arctam
312 1957 350 1999 ec
372 1936 442 2000 lieo.
489 1938 552 2012 Qua
574 1939 691 1998 illorum
713 1938 819 2001 astutia
832 1948 861 1999 et
871 1941 959 2019 impia
973 1939 1105 2001 callidate
1116 1949 1281 2020 perspecta,

56 2041 154 2101 Patres
172 2039 282 2100 clarius
306 2040 450 2118 explicare
473 2040 564 2101 coacti
589 2047 667 2111 sunt,
691 2039 758 2117 quid
781 2059 835 2120 per
856 2058 958 2101 vocem
981 2059 1020 2102 em
1034 2041 1097 2103 Deo
1112 2041 1281 2120 intelligen-

58 2143 120 2203 dnm
155 2149 250 2202 essct
297 2141 441 2213 Quocirca
476 2140 639 2218 scripsere,
668 2140 775 2202 Filium
804 2160 871 2202 esse
901 2161 938 2202 cx
959 2141 1010 2202 Dei
1035 2141 1215 2214 substantia,
1248 2148 1284 2203 ut

58 2263 159 2323 nempe
190 2242 263 2304 illud
293 2261 331 2304 ear
351 2242 415 2304 Deo
437 2261 497 2302 non
520 2259 676 2303 commune
699 2242 764 2302 Filii
788 2250 816 2303 et
840 2261 937 2304 rerum
960 2245 1101 2304 laetarum
1124 2260 1193 2302 esse
1216 2241 1281 2303 exi-

59 2347 237 2414 stimaretur,
261 2343 315 2403 sed
337 2351 370 2404 ut
392 2343 571 2415 crederetur,
595 2352 691 2404 cetera
715 2343 833 2422 quidem
856 2344 954 2404 omnia
973 2352 1159 2416 creataesse,
1182 2342 1281 2404 solum
1325 2419 1329 2430 ‘

58 2457 148 2507 antem
161 2445 293 2505 Verbum
317 2463 383 2505 esse
406 2463 441 2505 cx
463 2444 559 2505 Patre.
603 2445 675 2504 Nam
696 2444 766 2505 licet
785 2433 886 2506 'omnia
909 2445 1021 2506 exDoo
1044 2464 1111 2506 csse
1134 2444 1281 2518 dicantur,
1356 2481 1359 2493 .
1418 2478 1421 2485 =

59 2567 153 2608 mrum
178 2547 238 2607 alio
262 2545 383 2606 omnino
407 2547 496 2606 modo
519 2565 604 2624 quam
628 2546 667 2605 sit
688 2545 788 2606 Filius.
834 2546 909 2618 Quia
932 2547 1008 2606 enim
1024 2565 1074 2606 res
1090 2554 1203 2607 creatae
1220 2563 1283 2606 non

59 2669 120 2710 casu
145 2659 177 2710 et
200 2657 310 2727 sponte
334 2666 387 2707 seu
412 2667 447 2706 ox
468 2647 575 2725 seipsis
600 2647 743 2718 existunt,
767 2665 822 2707 nec
844 2648 996 2708 fortuitum
1021 2656 1117 2707 ortum
1136 2647 1280 2720 habuere,

59 2760 84 2809 nt
104 2751 228 2829 quidem
252 2749 402 2827 putabant,
426 2749 475 2826 qui
497 2768 530 2808 ex
555 2757 720 2809 atomorum
744 2749 952 2808 coniunctione
975 2757 1005 2807 et
1025 2767 1058 2808 ex
1075 2747 1282 2808 consimilibus

59 2853 151 2912 omnia
175 2869 245 2911 esse
270 2851 372 2910 edecta
395 2849 554 2922 docebant,
584 2850 649 2927 quia
672 2848 758 2909 etiam
781 2849 869 2910 alium
892 2868 952 2910 non
976 2849 1084 2909 babent
1106 2857 1280 2920 creatorem,

59 2964 86 3012 nt
106 2953 229 3032 quidam
253 2970 376 3011 sensere
398 2950 554 3023 baeretici,
585 2950 710 3028 denique
738 2950 805 3027 qttia
828 2969 898 3023 nec,
926 2958 960 3011 ut
981 2950 1046 3011 aliis
1068 2948 1216 3029 placebat,
1244 2948 1281 3010 ab

61 3055 174 3132 ¹ingelis
206 3052 383 3131 quibusdam
413 3052 509 3112 omnia
533 3053 605 3112 lacta
629 3059 699 3112 sunt
721 3059 750 3110 ot
772 3052 948 3122 constituta;
977 3051 1029 3112 sed
1052 3051 1120 3130 quia
1142 3051 1241 3111 omnia
1264 3068 1370 3118 annm.

60 3154 122 3229 lteo,
148 3155 201 3234 qui
225 3173 294 3214 rere
317 3163 374 3225 est,
397 3173 462 3213 cum
485 3163 570 3214 antea
593 3171 654 3213 non
678 3161 794 3224 essent,
817 3171 871 3231 per
893 3152 1019 3213 Verbum
1043 3155 1116 3214 lacta
1139 3161 1224 3227 sunt,
1247 3160 1282 3213 ut

58 3266 169 3318 essent:
193 3257 306 3317 idcirco
331 3274 365 3314 ex
382 3254 442 3314 llco
466 3255 511 3316 illa
534 3273 601 3315 esse
624 3254 733 3314 dictum
757 3263 811 3314 est.
855 3254 892 3314 dt
907 3254 1045 3327 Verbum,
1069 3255 1136 3333 quia
1158 3261 1284 3329 nonest

58 3359 120 3436 quid
151 3365 302 3430 creatum,
333 3355 428 3416 solum
460 3356 559 3434 titique
589 3363 618 3416 ot
646 3373 713 3415 esso
741 3355 847 3416 dicitur
876 3363 905 3416 et
926 3373 1027 3416 revera
1051 3363 1098 3416 cst
1119 3374 1155 3416 ex
1176 3356 1283 3430 Patre;

59 3470 141 3539 amne
169 3459 201 3519 id
231 3458 329 3537 ipsum
359 3457 551 3535 significatur,
582 3475 648 3518 cum
679 3457 800 3528 dicitur,
830 3455 935 3517 Filium
967 3475 1034 3517 esse
1057 3474 1090 3517 ex
1115 3456 1282 3518 substantia

58 3561 164 3628 Patris:
199 3560 229 3620 id
258 3560 337 3620 enim
360 3559 430 3620 nulli
452 3560 495 3620 rei
519 3562 610 3620 lectae
633 3565 731 3636 potest
753 3577 925 3636 congruere.
972 3558 1049 3619 Sane
1071 3558 1196 3630 Paulus,
1231 3557 1282 3637 qui

57 3665 152 3724 omnia
175 3681 212 3723 ex
236 3661 298 3722 llco
322 3679 389 3721 esse
412 3661 491 3731 dicit,
514 3680 582 3721 mox
607 3659 742 3722 subiicit:
766 3659 805 3723 Et
826 3679 907 3721 unns
923 3658 1071 3722 Dominus
1087 3659 1173 3721 Iesus
1191 3659 1283 3721 ctri-

57 3776 132 3835 stus,
154 3783 324 3844 perquem
348 3768 462 3835 emacem
485 3782 591 3842 nempe
613 3771 645 3823 ut
667 3769 789 3823 cunctos
813 3762 948 3833 doceret,
973 3761 1078 3822 Filium
1100 3762 1188 3823 alium
1212 3779 1280 3822 esse

56 3867 86 3925 ab
110 3866 270 3933 omnibns,
300 3884 375 3944 quae
405 3865 523 3926 exlleo
547 3867 722 3925 factasunt.
767 3863 840 3924 Nam
864 3882 938 3941 quae
961 3882 997 3922 ex
1018 3862 1079 3922 lleo
1104 3864 1282 3937 factasunt,

56 3986 103 4044 por
125 3968 233 4028 Filium
259 3974 330 4026 sunt
353 3967 436 4027 lacta.
481 3965 527 4026 Ob
556 3965 735 4025 creationem
758 3965 863 4042 igitur,
893 3963 975 4024 cuius
997 3964 1076 4057 Dpus
1099 3966 1281 4031 auctorest,

55 4068 120 4130 baec
153 4069 202 4129 ille
237 4068 328 4139 dixit,
362 4084 423 4126 non
451 4086 520 4128 vero
550 4067 629 4145 quod
657 4066 755 4126 omnia
786 4066 846 4126 sint
868 4084 902 4126 ex
925 4064 1027 4136 Patre,
1057 4071 1089 4125 ut
1111 4070 1157 4123 est
1178 4061 1281 4122 Filius.

82 4292 103 4339 d.
124 4291 282 4339 Marcionitae
318 4295 342 4336 et
375 4287 521 4348 bianicbeei,
558 4288 643 4337 Simon
695 4285 743 4345 τῆς
762 4278 856 4337 οὐσίας
874 4284 922 4333 τοῦ
941 4279 1045 4349 πατρός
1074 4281 1201 4333 dcsnntin
1222 4279 1278 4327 edit

52 4358 135 4421 llrgns.
156 4359 299 4413 llerrander,
319 4357 465 4404 Saturninus
485 4357 581 4432 aliique
696 4356 812 4403 Commel.
826 4354 882 4402 etl.
902 4369 946 4402 ms.
967 4355 1071 4402 Felobm.
1108 4352 1133 4397 ln
1153 4349 1205 4396 abis
1224 4361 1280 4394 vero

80 4444 100 4475 o
120 4429 184 4476 llaec
204 4426 278 4475 cerba
305 4421 356 4482 τῆς
381 4418 409 4469 δὲ
434 4416 561 4482 recodere
586 4419 643 4470 dcc·
697 4425 824 4479 habentur,
843 4437 919 4485 eaque
937 4422 1046 4482 legerunt
1065 4418 1171 4468 bannitis
1190 4415 1283 4463 otdm·

49 4491 120 4548 roias·
140 4488 311 4560 γνώρισμα,
333 4484 365 4539 τὸ
385 4478 455 4539 εἶναι
473 4486 521 4539 τὸν
539 4484 599 4539 rior
617 4484 645 4539 ἐκ
696 4491 762 4540 bros.
782 4490 888 4542 Cemald.
