2948 5092
466 276 574 320 onirro
590 277 629 319 rr.
646 278 760 322 conrna
775 278 909 324 nunes.
1228 270 1289 332 unt
1358 240 1361 245 .

61 452 121 496 ωε
142 432 265 494 omnino
287 430 405 493 dilatata
425 428 529 490 Unitas
552 429 600 489 sit
645 427 731 502 Quod
755 429 833 492 enim
855 449 916 492 non
938 431 1016 494 idem
1031 440 1139 508 manet,
1163 436 1217 498 sed
1230 452 1374 516 peren.

61 544 130 597 stea
153 534 306 605 dilatatur,
328 549 446 593 causam
468 528 574 590 babeat
595 547 719 591 necessa
740 540 805 604 est,
827 548 883 610 par
903 551 991 612 quam
1011 534 1158 598 dilatetur.
1203 537 1236 598 Si
1257 546 1290 605 ut

62 637 194 699 Verbum
218 644 246 696 et
268 633 395 713 Spiritus
417 651 482 693 cum
506 631 555 692 illo
580 639 670 705 esset,
693 642 919 712 praeposterum
942 644 989 697 est
1010 638 1110 699 dicere
1130 638 1288 714 Unitatem

61 738 175 801 deinde
203 737 350 799 dilatatam
378 753 458 796 esse.
507 733 568 795 Nec
595 734 673 795 enim
694 735 845 814 posterius
859 746 920 812 ,est
940 737 1067 811 Verbum
1096 749 1127 802 et
1147 741 1287 821 Spiritus,
1405 736 1408 743 '

61 841 118 903 sed
142 858 278 919 semper,
306 857 344 899 ne
366 836 501 898 videlicet
522 834 600 897 licus
622 834 687 898 siue
709 836 805 897 Verbo
834 857 889 899 seu
910 838 1034 902 Ratione
1061 860 1130 904 esse
1157 851 1287 922 putetur,

62 943 109 1005 uti
132 942 264 1004 sentiunt
278 939 386 1000 Ariani.
431 937 575 1011 Quocirca
597 937 625 998 si
644 957 763 1018 semper
785 939 840 1000 luit
854 939 983 1003 Verbum
998 951 1028 1003 ει
1042 943 1181 1022 Spiritus,
1204 932 1301 1007 scm-⁵

61 1063 120 1125 per
147 1062 266 1133 quoque
294 1041 412 1102 dilatata
439 1040 508 1112 luit,
538 1058 598 1100 non
626 1049 723 1102 autem
751 1040 880 1120 primum
906 1043 963 1104 luit
988 1043 1101 1107 Unitas.
1146 1047 1233 1119 Quod
1261 1048 1288 1109 si

61 1146 218 1227 posterius
240 1143 355 1205 dilatata
378 1151 440 1215 est,
472 1141 624 1221 posterius
651 1141 741 1221 igitur
763 1151 809 1203 est
830 1143 968 1206 Verbum.
1012 1147 1045 1208 Si
1065 1166 1136 1208 vero
1164 1130 1288 1227 propt‘er

61 1250 212 1335 humanae
233 1255 354 1307 naturae
376 1230 590 1306 assumtionem
613 1244 730 1306 dilatata
753 1252 808 1317 est,
831 1254 959 1325 tuncque
980 1249 1053 1309 lacta
1076 1258 1123 1311 est
1137 1249 1286 1327 Trinitas3

60 1351 153 1429 igitur
184 1357 251 1410 ante
273 1357 407 1409 naturam
428 1346 586 1406 humanam
608 1354 772 1408 assumtam
793 1347 925 1409 nondum
948 1359 1011 1411 erat
1031 1350 1171 1414 Trinitas.
1213 1351 1287 1414 lnde
1380 1428 1384 1433 ⁵

59 1454 136 1533 item
157 1458 308 1530 sequetur,
329 1456 363 1509 ut
383 1448 471 1510 Pater
491 1466 559 1508 caro
580 1449 675 1524 iactus
691 1449 739 1521 sit,
763 1449 789 1511 si
807 1468 914 1529 nempe
929 1450 1006 1529 ipse,
1028 1453 1077 1531 qui
1093 1452 1197 1515 Unitas
1212 1460 1284 1528 erat,
1380 1436 1385 1443 ⁶

58 1553 216 1617 bominem
238 1550 417 1613 assumendo
437 1549 576 1610 dilatatus
598 1558 660 1622 est3
682 1550 732 1628 qui
755 1559 785 1611 et
806 1549 882 1613 idem
903 1552 1040 1615 fortassis
1057 1553 1159 1615 Unitas
1181 1564 1287 1634 postea

58 1657 129 1727 et'it,
153 1663 184 1715 ει
205 1672 285 1724 caro,
307 1651 436 1731 etquod
458 1650 578 1712 tertium
600 1658 647 1712 est
669 1651 809 1731 Spiritus,
832 1653 858 1714 si
878 1671 985 1733 nempe
1007 1653 1072 1734 ipse
1093 1664 1150 1729 est,
1171 1656 1222 1734 qui
1237 1654 1285 1716 di·

57 1754 170 1819 latatus
193 1766 257 1827 est;
283 1774 316 1817 ac
337 1753 462 1834 proinde
485 1753 550 1813 solo
574 1752 694 1815 nominc
716 1754 844 1816 Trinitas
866 1756 964 1816 lutura
986 1764 1042 1818 est
1088 1756 1178 1828 Quod
1199 1757 1226 1817 si
1247 1756 1286 1819 ad

58 1859 225 1923 mandam
246 1857 365 1918 dilatata
385 1856 514 1928 dicatur,
543 1854 573 1915 id
602 1872 719 1934 quoque
741 1855 903 1918 absurdum
926 1865 981 1918 est.
1024 1857 1204 1931 Fierienim
1225 1877 1283 1937 po·

58 1967 154 2033 terat,
188 1968 221 2020 ut
248 1960 312 2037 ipsa
339 1975 463 2018 maneus
485 1955 589 2017 Unitas
618 1957 717 2018 omnia
744 1958 883 2019 efiiceret.
926 1957 986 2020 Nec
1008 1957 1086 2021 euim
1113 1958 1284 2022 dilatatione

58 2060 214 2140 indigebat
234 2061 347 2133 Unitas,
368 2077 424 2120 nec
445 2057 561 2118 infirma
583 2066 647 2119 erat
666 2059 839 2138 priusquam
862 2059 1042 2122 dilataretur.
1085 2059 1159 2123 Nam
1173 2061 1281 2123 absur-

57 2165 133 2228 tlnm
162 2173 193 2224 et
218 2163 340 2242 impium
368 2169 416 2222 est
442 2160 473 2220 id
499 2161 536 2221 de
556 2160 619 2220 Deo
641 2161 753 2221 sentire
775 2169 806 2221 et
826 2161 933 2223 dicere.
976 2160 1060 2224 Aliud
1083 2162 1206 2244 insuper
1227 2160 1282 2223 ab·

56 2267 187 2329 surdum
208 2264 278 2325 inde
299 2270 505 2341 consequetur.
557 2263 590 2323 Si
617 2261 695 2323 enim
724 2281 823 2323 rerum
851 2272 1013 2325 creatarum
1042 2264 1135 2345 gratia
1167 2265 1284 2325 dilatata

60 2378 125 2442 est,
156 2367 183 2428 si
205 2365 343 2446 quamdiu
365 2373 429 2426 erat
449 2363 568 2437 Unitas,
592 2364 688 2425 nullae
710 2373 794 2425 erant
814 2383 863 2425 res
886 2373 1017 2439 creatae3
1049 2344 1207 2445 cumpost
1228 2365 1283 2428 ab·

58 2470 189 2543 solcum
211 2468 390 2530 neadonem
412 2485 517 2528 rursus
541 2486 557 2526 e
580 2465 697 2528 dilatata
719 2467 782 2528 lieri
804 2466 911 2527 debeat
931 2466 1054 2540 Unitas,
1076 2467 1177 2546 utique
1200 2467 1283 2529 dele·

58 2572 171 2634 buntur
199 2588 317 2649 qnoque
344 2587 393 2630 res
421 2576 545 2629 creatae.
588 2567 627 2628 Ut
654 2568 732 2629 enim
763 2569 881 2629 creandi
904 2572 992 2630 causi
1015 2568 1131 2630 dilatata
1154 2577 1214 2640 est,
1243 2568 1284 2629 ita

58 2693 127 2736 cnm
150 2673 269 2734 dilatata
290 2688 359 2732 esse
381 2669 507 2742 desinet,
530 2669 656 2730 existere
676 2669 812 2730 similiter
834 2669 972 2731 desinent
991 2688 1040 2730 res
1063 2678 1187 2733 creatae.

147 2779 198 2838 15.
242 2774 321 2834 llaec
341 2773 438 2851 itaque
460 2771 587 2832 absurda
609 2790 644 2831 ex
664 2771 712 2832 illa
735 2772 868 2832 orientur
890 2771 1041 2852 opinione,
1063 2788 1120 2851 qua
1136 2771 1236 2834 Unitas
1251 2770 1282 2833 in

47 2862 238 2941 ·Tribitatem
259 2875 372 2936 dilatari
394 2873 510 2935 dicitur.
555 2873 679 2945 Quando
707 2891 777 2934 rero
800 2873 850 2951 qui
871 2873 912 2934 ita
934 2872 1080 2948 sentiunt,
1102 2873 1229 2935 Verbum
1252 2880 1282 2934 et

56 2978 168 3043 ninum
190 2978 320 3039 dividere
341 2976 462 3046 audem,
482 2974 820 3055 contendantque-aliud
842 2992 909 3037 esse
924 2972 1050 3037 Verbum
1072 2983 1101 3037 et
1121 2974 1209 3037 alium
1227 2975 1279 3037 Fi·
1287 2988 1367 3035 rnre.

10 3092 28 3145 ι
56 3080 148 3153 Ιὶιιω,
179 3081 263 3160 prius
285 3078 413 3140 Verbum
442 3096 528 3150 esse,
555 3076 663 3138 deinde
684 3075 807 3150 Filinm3
837 3094 892 3156 age
918 3077 976 3139 ista
997 3095 1116 3157 quoqne
1137 3077 1164 3137 si
1185 3078 1282 3157 placet

55 3183 288 3265 perpendamus.
334 3181 417 3242 Varia
445 3191 543 3240 autem
570 3179 689 3241 illorum
716 3188 763 3240 est
791 3176 953 3265 temeritap.
995 3178 1052 3242 biii
1080 3179 1158 3240 euim
1180 3179 1279 3241 lmmi-
1390 3181 1395 3193 '

58 3304 140 3358 nem,
163 3303 251 3364 quem
267 3283 400 3344 Salvator
415 3282 566 3355 assumsit,
587 3280 695 3343 Filium
710 3299 777 3343 esse
793 3281 902 3354 volunt,
924 3278 973 3343 alii
988 3289 1156 3361 utrumqne,
1174 3300 1280 3361 nempe

58 3387 213 3449 bominem
235 3394 266 3446 ει
286 3384 429 3457 Verbum,
454 3392 524 3444 tunc
544 3382 649 3444 Filium
672 3384 779 3446 iactum
800 3383 896 3444 luisse
917 3391 1035 3464 putant,
1059 3402 1125 3445 cum
1146 3385 1224 3444 inter
1246 3403 1280 3446 se

59 3488 192 3569 copulati
213 3495 293 3550 sunt.
336 3486 392 3546 Alii
413 3494 510 3547 autem
531 3487 720 3560 arbitratur,
742 3486 839 3566 ipsum
862 3485 990 3548 Verbum
1012 3494 1083 3546 tunc
1102 3484 1207 3547 Filium
1234 3488 1279 3548 la·
1322 3542 1325 3546 .
1430 3474 1435 3485 ’

58 3600 141 3655 dnm
163 3609 242 3664 esse,
265 3607 333 3650 eum
353 3589 443 3649 bomo
466 3590 561 3649 lactus
584 3595 646 3664 esl3
667 3586 814 3669 simridem
837 3606 872 3648 ex
890 3586 996 3659 Verbo,
1018 3587 1161 3665 inquiunt,
1185 3589 1279 3650 lactus

17 3700 106 3775 pul
126 3691 238 3764 Vdins,
268 3692 317 3770 qui
345 3699 430 3752 antea
457 3709 517 3751 non
539 3690 648 3765 Filius,
674 3688 729 3753 sed
757 3690 896 3751 duntaxat
918 3688 1045 3749 Verbum
1067 3698 1139 3751 erat.
1183 3689 1278 3754 Porro

57 3803 187 3872 uterque
199 3802 291 3855 error
313 3792 481 3854 Stoicorum
503 3801 558 3866 est,
580 3809 640 3871 qno
660 3790 782 3853 erbeus
805 3791 920 3852 dilatari
941 3790 1048 3851 dicitur
1071 3799 1100 3850 ει
1114 3789 1204 3850 Filius
1221 3808 1277 3849 ne-

58 3905 156 3976 gatur.
200 3894 290 3957 Valde
317 3904 415 3955 autem
436 3893 507 3954 illud
530 3894 662 3973 ineptum
685 3902 745 3967 est,
773 3892 852 3971 quod
880 3911 946 3952 cum
968 3892 1094 3954 Verbum
1117 3898 1278 3970 agnoscant

56 4007 88 4061 et
109 3997 281 4070 nominent,
311 3997 410 4075 ipsum
430 3995 534 4059 Filium
557 4014 625 4057 esse
647 3994 823 4057 inficiantur.
865 3994 1022 4067 ¹Enimvero
1044 3995 1069 4055 si
1093 3993 1219 4055 Verbum
1241 4010 1277 4055 ει

88 4255 113 4303 d.
134 4253 174 4303 Sic
193 4268 250 4302 mss.
292 4252 318 4301 lu
342 4252 446 4302 editione
472 4259 551 4302 sutem
570 4251 642 4301 Com·
693 4249 996 4314 praeterFelelmannil.
1034 4250 1058 4299 ln
1083 4249 1136 4298 aliis
1158 4254 1182 4296 ει
1205 4247 1275 4296 editis

53 4323 112 4374 mel.
131 4314 187 4384 πρό
205 4322 281 4370 deest.
693 4321 760 4370 deest
778 4313 815 4369 δέ.

89 4407 111 4441 e.
132 4383 188 4454 γάρ
212 4390 280 4438 abest
302 4403 316 4437 ε
333 4385 406 4438 Besil.
430 4395 453 4437 ει
470 4387 574 4450 duplic,
619 4389 642 4437 ni
726 4402 748 4450 g.
767 4387 823 4451 fleg.
840 4385 940 4453 ευμεν.
958 4395 982 4435 ει
999 4373 1119 4446 lug‘liran.
1137 4375 1226 4440 insedi
1246 4376 1278 4431 δὲ

48 4460 148 4523 dogne.
167 4472 222 4507 mor
240 4456 312 4507 habet
335 4449 383 4503 καὶ
398 4446 436 4509 ὥς
452 4450 482 4504 δὲ
497 4448 585 4521 μονὰς
617 4470 641 4506 ν.
693 4447 727 4505 ei.
763 4455 843 4507 Ceteri
859 4462 885 4507 nt
900 4454 958 4507 editi
974 4446 1032 4503 inei
1048 4443 1130 4505 ‹rt-ol

85 4528 105 4579 l.
130 4527 173 4578 Sic
189 4526 246 4589 lter.
272 4532 295 4575 et
312 4524 452 4587 Seruerian·
475 4525 564 4589 aliique
582 4538 640 4577 mer.
725 4524 750 4575 b.
767 4522 882 4615 Βεείιιοι
891 4520 983 4587 Aulin
1000 4508 1059 4571 niro
1076 4514 1107 4571 dl
1122 4512 1172 4569 τὸν
1188 4510 1260 4573 υἱόν.

10 4610 42 4695 j
1017 4604 1074 4657 40*
