2948 5092
524 268 633 313 οιοτιο
648 268 669 313 ι.
685 269 803 314 eoum
815 264 953 315 umbos.
995 278 1004 289 ¹
1288 261 1351 328 215

121 419 264 481 laetarum
293 424 340 481 cst
367 416 490 493 similis,
524 419 578 480 scd
607 437 709 481 earum
737 428 854 482 creator
879 440 934 501 per
951 421 1062 485 Filium
1090 432 1121 486 et
1149 427 1271 489 effector
1293 436 1439 493 osteor.

120 520 215 583 Porro
238 527 273 582 ut
293 519 369 582 baec
389 519 481 583 dictio
501 521 703 583 non-iactum
725 521 763 583 ad
785 540 834 583 res
856 522 948 585 lactas
969 524 1126 588 reserenda
1146 536 1210 602 est,
1232 528 1272 591 ita
1294 548 1352 594 vox
1423 520 1427 529 ’

120 621 176 683 ista
197 617 348 685 Pater'ad
368 620 474 684 Filium
495 623 633 684 retertur.
676 622 753 684 Hinc
774 623 823 702 qui
842 623 934 686 Deum
957 627 1138 702 effectorem,
1163 630 1300 708 opificem
1321 640 1353 709 ct

120 723 312 785 non-lactum
327 722 475 803 ¹oppcllat,
502 741 553 785 ree
582 731 696 787 ereatm
724 732 755 785 et
783 725 873 787 lactas
900 727 1044 806 perspicit
1065 737 1096 790 et
1116 729 1267 811 intelligit:
1300 733 1353 812 qui
1437 730 1468 779 Ἄ

120 833 218 887 autem
240 823 344 886 Deum
356 822 476 886 Patrem
498 832 598 899 vocet,
622 825 721 888 stetim
743 824 850 889 Filium
872 829 1004 908 concipit
1024 837 1055 891 ct
1076 832 1221 910 agnoscit.
1265 833 1351 908 Quo-

121 926 197 989 circa
224 924 301 989 mira
327 927 462 1005 prolecto
490 926 624 988 videatur
654 927 772 990 illomm
799 928 830 990 in
857 930 977 1009 propria
1004 931 1156 1012 impietate
1173 934 1348 1014 pervicacis.

120 1028 192 1091 Nam
214 1027 351 1108 quemvis
374 1046 431 1090 vox
451 1028 612 1090 nou-lacti
640 1037 754 1091 rectum
776 1049 864 1110 quem
886 1050 978 1111 supra
1000 1033 1127 1096 diximus
1149 1055 1272 1099 sensum
1293 1037 1350 1101 ba·

118 1129 188 1216 beat
207 1130 318 1210 pieque
339 1129 437 1209 possit
458 1130 603 1209 usurpari,
626 1129 678 1205 illi,
700 1139 734 1192 ut
755 1151 827 1194 suae
848 1133 1073 1212 patrocinentur
1093 1136 1220 1211 haeresi,
1247 1137 1351 1201 eadem

119 1250 190 1293 voce
218 1231 257 1293 ad
283 1229 350 1292 Filii
381 1231 589 1294 contumeliam
612 1232 783 1295 abutuntur.
827 1234 973 1298 Nimirum
1001 1254 1062 1298 non
1089 1237 1242 1317 legerunt,
1271 1257 1350 1315 cum,

118 1333 169 1413 qui
191 1331 300 1396 Filium
321 1332 466 1405 honorat,
493 1333 613 1396 Patrem
640 1352 758 1413 quoque
786 1336 954 1425 bonorare,
981 1345 1011 1399 et
1037 1339 1088 1419 qui
1107 1339 1215 1401 Filium
1244 1339 1351 1403 iniuria

119 1435 217 1507 afficit,
240 1434 358 1496 Patrem
380 1434 517 1497 similiter
538 1435 641 1497 eadem
663 1436 780 1498 afficere
803 1436 919 1500 iniuria.
962 1439 1121 1503 Enimvero
1150 1442 1177 1503 si
1206 1441 1299 1520 gloria
1320 1448 1352 1505 ct
1384 1491 1390 1517 ,

119 1537 216 1597 bonor
238 1535 335 1598 Petris
357 1535 416 1597 illis
438 1554 526 1598 curae
548 1536 665 1611 fuisset,
688 1537 863 1600 debuissent
883 1540 997 1620 potius,
1020 1542 1099 1622 quod
1122 1552 1151 1605 et
1168 1542 1350 1605 convenien-

119 1638 175 1700 tius
197 1639 309 1700 luisset
330 1646 360 1699 ct
382 1638 516 1716 dignius;
540 1638 658 1700 Patrem
679 1639 773 1701 ileum
795 1659 959 1720 agnoscere
980 1653 1011 1704 et
1032 1644 1146 1718 dicore,
1171 1664 1259 1725 quam
1281 1661 1435 1708 summes.

119 1741 174 1802 boc
194 1727 320 1801 n'omine
342 1738 483 1800 indicare.
526 1739 601 1801 Nam
629 1759 696 1801 cum
724 1740 817 1803 ileum
846 1745 1046 1806 non-lactum
1076 1746 1252 1825 appellant,
1270 1764 1349 1822 cum,

120 1839 368 1922 quemadmodum
391 1840 461 1912 dixi,
485 1860 520 1903 ex
541 1841 625 1904 iactis
649 1842 790 1922 operibus
813 1845 985 1918 effectorem
1000 1847 1140 1910 duntaxat
1162 1857 1192 1910 et
1213 1848 1350 1927 opificem

120 1951 241 2016 uocant,
264 1942 321 2005 rati
345 1960 379 2002 sc
401 1961 493 2021 posse
516 1942 584 2004 inde
607 1960 662 2021 pro
686 1964 739 2005 sua
761 1944 885 2007 libidine
907 1947 1047 2022 innuere,
1071 1931 1199 2012 Verbum
1222 1968 1297 2030 opus
1320 1958 1351 2011 et
1399 1972 1401 1977 ·

120 2064 180 2108 rem
202 2048 312 2107 iactam
335 2063 414 2108 esse.
459 2045 517 2117 Qui
546 2053 644 2115 autem
666 2044 759 2107 Deum
781 2046 899 2109 Patrem
927 2057 1092 2129 nuncupat,
1121 2069 1188 2113 eum
1218 2049 1349 2111 corbilio

120 2148 280 2227 significat,
308 2164 372 2208 non
394 2146 529 2226 ignarus,
553 2146 633 2226 quod
656 2166 722 2208 cum
744 2157 826 2210 esset
846 2149 959 2224 Filius,
983 2170 1031 2213 res
1054 2154 1147 2213 iactae
1169 2170 1274 2213 omnes
1296 2169 1352 2231 per
1413 2149 1417 2159 '

120 2249 244 2311 eundem
273 2248 380 2310 Filium
414 2248 586 2310 necessario
621 2250 742 2311 luerunt
769 2258 894 2314 creatae.
944 2254 1039 2333 litque
1067 2254 1108 2315 illi
1136 2253 1254 2333 quidem
1282 2271 1350 2315 cum

121 2350 209 2413 ileum
232 2352 436 2412 non-iactum
459 2351 576 2435 dicunt,
607 2369 675 2412 cum
704 2369 740 2412 ex
763 2351 837 2413 solis
861 2351 1001 2431 operibus
1024 2354 1170 2428 indicant,
1199 2372 1254 2415 nec
1278 2352 1348 2433 ipsi,

121 2453 193 2513 baud
218 2472 307 2514 secus
331 2471 367 2514 ac
387 2451 530 2522 Gentiles,
553 2452 659 2515 Filium
682 2462 857 2531 agnoscunt.
901 2454 938 2515 nt
965 2456 1015 2533 qui
1043 2456 1137 2518 Deum
1165 2455 1261 2517 Patris
1290 2472 1348 2516 no-

121 2555 195 2616 mine
218 2552 351 2632 insignit,
375 2554 456 2614 illurn
479 2572 515 2614 ex
536 2553 633 2615 Verbo
657 2554 811 2632 signifieat.
856 2555 981 2634 Cognito
1004 2565 1102 2617 eutem
1121 2556 1227 2628 Verbo,
1250 2556 1349 2635 ipsum

121 2674 236 2736 quoque
264 2655 399 2734 agnoscit
428 2674 495 2717 esse
524 2655 675 2735 opificem,
707 2657 864 2736 omniaque
891 2658 1072 2737 peripsum
1100 2660 1175 2719 lacta
1203 2675 1271 2719 esse
1299 2657 1348 2717 in·
1382 2741 1394 2757 ,

123 2759 231 2838 telligit.
521 2786 541 2828 ο

94 2957 96 2961 ’
201 2964 254 3025 34.
300 2960 444 3032 Quocirca
466 2959 568 3040 pietati
592 2968 621 3020 et
641 2958 757 3020 veritati
773 2961 867 3039 magis
883 2960 973 3022 luerit
988 2968 1232 3032 consentancum,
1254 2959 1349 3021 Deum

124 3082 152 3124 ex
174 3063 251 3124 Filio
276 3063 430 3123 nominare
453 3062 629 3140 Patremque
650 3061 814 3140 appellare,
849 3081 936 3141 quum
959 3083 994 3124 ex
1017 3062 1091 3123 solis
1115 3060 1257 3142 operibus
1280 3078 1348 3123 eum

123 3164 285 3243 significare
308 3183 343 3226 ae
363 3166 550 3225 non-iactum
573 3163 681 3225 dicere.
726 3163 790 3225 Hoc
813 3164 891 3226 enim
915 3183 1024 3227 nomen
1046 3164 1093 3227 vel
1114 3163 1291 3243 singulatim,
1314 3169 1349 3225 ut

124 3266 191 3341 dixi,
222 3266 269 3329 vel
292 3267 454 3345 generatim
477 3267 575 3327 omnia
599 3265 788 3327 solummodo
812 3285 918 3344 opera,
947 3285 1022 3347 quae
1050 3286 1087 3337 ex
1116 3266 1169 3327 Dei
1197 3260 1349 3327 uoluntate
1431 3284 1440 3291 ’

124 3386 170 3446 per
194 3367 324 3429 Verbum
347 3370 422 3446 lacta
444 3377 531 3441 sunt,
555 3368 707 3446 significat.
751 3368 789 3429 nt
809 3368 906 3429 Patris
929 3386 1039 3429 nomen
1062 3351 1100 3429 ad
1122 3367 1219 3429 solum
1241 3366 1348 3428 lilium

124 3471 255 3555 respicit,
285 3477 371 3547 atque
399 3469 430 3529 in
459 3488 495 3531 eo
519 3469 609 3529 sistit.
655 3469 804 3540 Quantum
833 3488 924 3550 porro
948 3469 1127 3532 discriminis
1151 3477 1198 3530 est
1219 3467 1347 3529 Verbum

124 3568 193 3632 inter
216 3579 247 3631 et
270 3589 319 3631 res
342 3572 443 3645 lactas,
467 3571 507 3632 ila
529 3571 617 3643 aliud,
641 3571 732 3631 immo
754 3571 842 3650 longe
865 3572 960 3633 maius
976 3571 1085 3651 aliquid
1102 3580 1157 3644 cst,
1173 3570 1266 3632 Deum
1288 3568 1347 3630 Pe·

123 3754 167 3806 Vox
191 3771 279 3805 omnes
304 3771 359 3805 msa.
380 3763 478 3819 praeter
496 3757 601 3806 Felclm.
621 3758 644 3807 2.
664 3758 707 3807 ba·
794 3758 817 3808 b.
837 3755 938 3819 [lisdem
958 3757 1041 3807 iisdem
1061 3770 1138 3820 propo
1155 3756 1234 3807 verbis
1252 3755 1290 3804 vd.
1305 3769 1347 3804 su·

123 3823 172 3873 lect
196 3815 341 3883 ἢέκείνως
358 3814 503 3889 ὀνομάζειν
519 3818 619 3880 αὐτόν,
646 3841 707 3890 quae
760 3840 803 3889 pre
823 3827 846 3875 in
866 3827 936 3890 epist.
955 3826 985 3874 de
1003 3826 1069 3874 decr.
1087 3825 1138 3874 Nic.
1158 3839 1194 3873 nr.
1214 3817 1268 3887 db]

123 3892 203 3941 obsunt
220 3896 251 3940 ab
269 3894 375 3941 editione
392 3892 509 3941 Commel.
528 3893 707 3944 conculcet.
793 3893 808 3941 i.
827 3895 926 3956 Segnor.
945 3893 1041 3944 bbbler.
1061 3900 1086 3941 et
1096 3891 1231 3941 deretini.
1251 3881 1349 3955 oppal-

149 3975 170 4009 e.
191 3961 247 4022 Reg.
267 3968 292 4008 et
311 3959 449 4009 l‘elclrm.b.
469 3951 625 4024 ἀγέννητον.
662 3961 706 4012 atti
758 3973 823 4009 νεον.
860 3962 921 4011 Editi
940 3961 1021 4010 etalii
1040 3951 1192 4026 ὀνομάζειν.
1220 3958 1271 4008 ldox
1291 3958 1349 4017 lleg.

122 4034 140 4075 et
156 4028 230 4076 editio
251 4028 369 4076 Commel.
387 4017 528 4091 ἆγίνητον.
759 4038 782 4077 et
800 4029 903 4078 l‘etclm.
924 4029 947 4077 5.
972 4019 1129 4091 ἀγέννητον.
1171 4027 1214 4076 llil
1234 4034 1257 4074 et
1275 4024 1349 4074 editio

98 4127 102 4134 -
150 4085 490 4158 ceommudytrrqror.
510 4096 706 4146 lteliietcditio
759 4097 876 4145 Commel.
897 4087 1037 4159 ἀγένητον.
1076 4095 1246 4156 lbid.Seguer.
1265 4087 1349 4138 τοῦτο

120 4161 232 4212 Commel.
252 4154 394 4226 ἀγένητον.
430 4164 488 4212 ibid.
499 4165 598 4224 Segner.
609 4165 706 4214 Gobrm.
757 4156 880 4231 μὲνγὰρ
898 4157 943 4210 καὶ
960 4156 1056 4229 μόνον.
1094 4164 1157 4212 Editl
1175 4160 1248 4211 etalii
1268 4155 1348 4206 τοῦτο

111 4239 139 4297 νοι
157 4231 263 4280 Felcbm.
287 4232 308 4279 1.
327 4223 461 4294 ἀγένητον
477 4227 607 4295 λέγοντες.
645 4232 707 4281 Editi
757 4224 881 4297 μὲνγὰρ
898 4224 994 4296 μόνον.

119 4300 197 4349 etalii
216 4290 353 4363 ἀγένητον
370 4285 441 4348 εἶναι
456 4295 587 4364 λέγοντες.
793 4300 813 4347 l.
832 4301 873 4348 Sic
891 4301 1031 4360 chuerien.
1051 4296 1149 4347 Gobler.
1168 4304 1191 4344 et
1210 4292 1313 4343 Felclrm.
1325 4292 1349 4343 l.

148 4383 170 4429 g.
190 4369 290 4428 Segner.
311 4367 410 4417 Gobler.
429 4376 452 4417 et
469 4368 610 4417 l'elcltm.1.
629 4359 708 4420 εἰδὼς
758 4365 845 4416 Atelli
870 4368 967 4417 eterliti
986 4360 1017 4415 τὸ
1037 4359 1076 4419 δέ,
1095 4359 1210 4427 πατέρα.
1255 4360 1347 4410 ibidem

118 4428 145 4482 δὲ
162 4430 212 4482 τὸν
227 4429 321 4500 λόγον.
358 4434 420 4486 Editl
438 4444 462 4485 et
479 4436 519 4486 alit
530 4429 610 4488 εἰδὼς
623 4429 708 4484 δὲκαὶ
756 4435 898 4496 Sagoerien.
921 4425 966 4500 ἐφ’
986 4426 1047 4480 υἱοῦ
1067 4423 1162 4510 μόνου.
1200 4429 1275 4479 Paulo
1293 4439 1350 4492 post

117 4495 165 4551 τὸν
181 4498 273 4569 λόγον.
513 4498 517 4508 ’
711 4565 726 4591 ⁶
759 4503 858 4566 Seguer.
885 4493 1009 4567 τοσούτῳ
1032 4513 1078 4548 και
1101 4494 1183 4548 πλέον
1197 4495 1235 4564 rqi
1252 4491 1352 4563 λέγειν.
