<?xml version="1.0" encoding="UTF-8"?>
<!DOCTYPE html PUBLIC "-//W3C//DTD XHTML 1.0 Transitional//EN"
    "http://www.w3.org/TR/xhtml1/DTD/xhtml1-transitional.dtd">
<html xmlns="http://www.w3.org/1999/xhtml" xml:lang="en" lang="en">
 <head>
  <title>
</title>
<meta http-equiv="Content-Type" content="text/html;charset=utf-8" />
  <meta name='ocr-system' content='tesseract 3.04.00' />
  <meta name='ocr-capabilities' content='ocr_page ocr_carea ocr_par ocr_line ocrx_word'/>
</head>
<body>
  <div class='ocr_page' id='page_1' title='image "./sanctiathanasii02athagoog_0322.png"; bbox 0 0 2948 5092; ppageno 0'>
   <div class='ocr_carea' id='block_1_1' title="bbox 473 233 1295 297">
    <p class='ocr_par' dir='ltr' id='par_1_1' title="bbox 473 233 1295 297">
     <span class='ocr_line' id='line_1_1' title="bbox 473 233 1295 297; baseline -0.004 -12"><span class='ocrx_word' id='word_1_1' title='bbox 473 237 582 285; x_wconf 78' lang='lat' dir='ltr'><strong>omaro</strong></span> <span class='ocrx_word' id='word_1_2' title='bbox 598 237 618 282; x_wconf 90' lang='lat'><strong>1.</strong></span> <span class='ocrx_word' id='word_1_3' title='bbox 636 238 751 285; x_wconf 79' lang='lat' dir='ltr'><strong>cosm</strong></span> <span class='ocrx_word' id='word_1_4' title='bbox 764 239 900 287; x_wconf 76' lang='lat' dir='ltr'><strong>aennon</strong></span> <span class='ocrx_word' id='word_1_5' title='bbox 1231 233 1295 297; x_wconf 75' lang='lat'><strong>203</strong></span> 
     </span>
    </p>
   </div>
   <div class='ocr_carea' id='block_1_2' title="bbox 60 388 1380 3405">
    <p class='ocr_par' dir='ltr' id='par_1_2' title="bbox 60 388 1380 3405">
     <span class='ocr_line' id='line_1_2' title="bbox 60 388 1380 477; baseline 0.005 -22"><span class='ocrx_word' id='word_1_6' title='bbox 60 390 152 455; x_wconf 80' lang='lat' dir='ltr'><strong>nohis</strong></span> <span class='ocrx_word' id='word_1_7' title='bbox 179 390 261 455; x_wconf 82' lang='lat' dir='ltr'><strong>ilaus</strong></span> <span class='ocrx_word' id='word_1_8' title='bbox 292 389 324 452; x_wconf 92' lang='lat' dir='ltr'><strong>in</strong></span> <span class='ocrx_word' id='word_1_9' title='bbox 352 388 428 453; x_wconf 83' lang='lat' dir='ltr'><strong>Filio</strong></span> <span class='ocrx_word' id='word_1_10' title='bbox 455 389 572 454; x_wconf 90' lang='lat' dir='ltr'><strong>locutus</strong></span> <span class='ocrx_word' id='word_1_11' title='bbox 601 397 649 452; x_wconf 88' lang='lat' dir='ltr'><strong>est</strong></span> <span class='ocrx_word' id='word_1_12' title='bbox 678 398 710 453; x_wconf 87' lang='lat' dir='ltr'><strong>et</strong></span> <span class='ocrx_word' id='word_1_13' title='bbox 736 399 927 470; x_wconf 88' lang='lat' dir='ltr'><strong>pcccatorum</strong></span> <span class='ocrx_word' id='word_1_14' title='bbox 956 394 1030 455; x_wconf 89' lang='lat' dir='ltr'><strong>laeta</strong></span> <span class='ocrx_word' id='word_1_15' title='bbox 1071 403 1119 456; x_wconf 92' lang='lat' dir='ltr'><strong>est</strong></span> <span class='ocrx_word' id='word_1_16' title='bbox 1148 396 1380 477; x_wconf 76' lang='lat' dir='ltr'><strong>purgationes.</strong></span> 
     </span>
     <span class='ocr_line' id='line_1_3' title="bbox 61 491 1297 576; baseline 0.009 -24"><span class='ocrx_word' id='word_1_17' title='bbox 61 492 192 568; x_wconf 78' lang='lat' dir='ltr'><strong>Quando</strong></span> <span class='ocrx_word' id='word_1_18' title='bbox 212 510 307 574; x_wconf 88' lang='lat' dir='ltr'><strong>porro</strong></span> <span class='ocrx_word' id='word_1_19' title='bbox 328 491 417 554; x_wconf 89' lang='lat' dir='ltr'><strong>nobis</strong></span> <span class='ocrx_word' id='word_1_20' title='bbox 438 491 471 553; x_wconf 91' lang='lat' dir='ltr'><strong>in</strong></span> <span class='ocrx_word' id='word_1_21' title='bbox 491 491 567 554; x_wconf 84' lang='lat' dir='ltr'><strong>Filio</strong></span> <span class='ocrx_word' id='word_1_22' title='bbox 587 491 704 555; x_wconf 90' lang='lat' dir='ltr'><strong>locutus</strong></span> <span class='ocrx_word' id='word_1_23' title='bbox 727 502 785 568; x_wconf 90' lang='lat' dir='ltr'><strong>est,</strong></span> <span class='ocrx_word' id='word_1_24' title='bbox 808 500 838 556; x_wconf 85' lang='lat' dir='ltr'><strong>et</strong></span> <span class='ocrx_word' id='word_1_25' title='bbox 850 502 1040 574; x_wconf 85' lang='lat' dir='ltr'><strong>peccatorum</strong></span> <span class='ocrx_word' id='word_1_26' title='bbox 1061 496 1198 576; x_wconf 76' lang='lat' dir='ltr'>purgatio</span> <span class='ocrx_word' id='word_1_27' title='bbox 1221 500 1297 563; x_wconf 89' lang='lat' dir='ltr'><strong>lacta</strong></span> 
     </span>
     <span class='ocr_line' id='line_1_4' title="bbox 61 593 1296 677; baseline 0.005 -19"><span class='ocrx_word' id='word_1_28' title='bbox 61 605 119 671; x_wconf 85' lang='lat' dir='ltr'><strong>eet,</strong></span> <span class='ocrx_word' id='word_1_29' title='bbox 141 593 193 659; x_wconf 82' lang='lat' dir='ltr'><strong>sei</strong></span> <span class='ocrx_word' id='word_1_30' title='bbox 213 594 332 675; x_wconf 80' lang='lat' dir='ltr'><strong>qnando</strong></span> <span class='ocrx_word' id='word_1_31' title='bbox 352 595 446 656; x_wconf 87' lang='lat' dir='ltr'><strong>laetus</strong></span> <span class='ocrx_word' id='word_1_32' title='bbox 468 600 515 656; x_wconf 88' lang='lat' dir='ltr'><strong>est</strong></span> <span class='ocrx_word' id='word_1_33' title='bbox 535 594 637 668; x_wconf 87' lang='lat' dir='ltr'><strong>homo,</strong></span> <span class='ocrx_word' id='word_1_34' title='bbox 660 593 720 657; x_wconf 89' lang='lat' dir='ltr'><strong>nisi</strong></span> <span class='ocrx_word' id='word_1_35' title='bbox 740 602 811 675; x_wconf 90' lang='lat' dir='ltr'><strong>post</strong></span> <span class='ocrx_word' id='word_1_36' title='bbox 824 594 989 675; x_wconf 72' lang='lat' dir='ltr'><strong>Prophetas</strong></span> <span class='ocrx_word' id='word_1_37' title='bbox 1004 596 1036 658; x_wconf 90' lang='lat' dir='ltr'><strong>in</strong></span> <span class='ocrx_word' id='word_1_38' title='bbox 1051 600 1214 677; x_wconf 80' lang='lat' dir='ltr'><strong>postremis</strong></span> <span class='ocrx_word' id='word_1_39' title='bbox 1230 600 1296 664; x_wconf 89' lang='lat' dir='ltr'><strong>die·</strong></span> 
     </span>
     <span class='ocr_line' id='line_1_5' title="bbox 60 694 1298 776; baseline 0.004 -16"><span class='ocrx_word' id='word_1_40' title='bbox 60 694 148 760; x_wconf 73' lang='lat' dir='ltr'><strong>sust</strong></span> <span class='ocrx_word' id='word_1_41' title='bbox 190 695 306 759; x_wconf 78' lang='lat' dir='ltr'>Deinde</span> <span class='ocrx_word' id='word_1_42' title='bbox 334 713 402 758; x_wconf 92' lang='lat' dir='ltr'><strong>cum</strong></span> <span class='ocrx_word' id='word_1_43' title='bbox 437 713 538 756; x_wconf 87' lang='lat' dir='ltr'><strong>sermo</strong></span> <span class='ocrx_word' id='word_1_44' title='bbox 568 695 609 758; x_wconf 94' lang='lat' dir='ltr'><strong>sit</strong></span> <span class='ocrx_word' id='word_1_45' title='bbox 640 695 678 757; x_wconf 93' lang='lat' dir='ltr'><strong>de</strong></span> <span class='ocrx_word' id='word_1_46' title='bbox 706 694 947 776; x_wconf 88' lang='lat' dir='ltr'><strong>dispensatione,</strong></span> <span class='ocrx_word' id='word_1_47' title='bbox 979 716 1055 776; x_wconf 87' lang='lat' dir='ltr'><strong>quae</strong></span> <span class='ocrx_word' id='word_1_48' title='bbox 1082 701 1179 762; x_wconf 86' lang='lat' dir='ltr'><strong>nostri</strong></span> <span class='ocrx_word' id='word_1_49' title='bbox 1208 719 1298 765; x_wconf 87' lang='lat' dir='ltr'><strong>causa</strong></span> 
     </span>
     <span class='ocr_line' id='line_1_6' title="bbox 63 795 1295 879; baseline 0.002 -17"><span class='ocrx_word' id='word_1_50' title='bbox 63 806 204 879; x_wconf 75' lang='lat' dir='ltr'><strong>meepta</strong></span> <span class='ocrx_word' id='word_1_51' title='bbox 225 805 289 872; x_wconf 84' lang='lat' dir='ltr'><strong>est,</strong></span> <span class='ocrx_word' id='word_1_52' title='bbox 310 795 349 858; x_wconf 89' lang='lat' dir='ltr'><strong>de</strong></span> <span class='ocrx_word' id='word_1_53' title='bbox 370 795 483 858; x_wconf 81' lang='lat' dir='ltr'><strong>ultimis</strong></span> <span class='ocrx_word' id='word_1_54' title='bbox 505 796 690 876; x_wconf 77' lang='lat' dir='ltr'><strong>temporibus</strong></span> <span class='ocrx_word' id='word_1_55' title='bbox 711 796 802 858; x_wconf 86' lang='lat' dir='ltr'><strong>rerba</strong></span> <span class='ocrx_word' id='word_1_56' title='bbox 822 797 934 860; x_wconf 84' lang='lat' dir='ltr'><strong>taciens</strong></span> <span class='ocrx_word' id='word_1_57' title='bbox 957 799 1167 863; x_wconf 86' lang='lat' dir='ltr'><strong>convenienter</strong></span> <span class='ocrx_word' id='word_1_58' title='bbox 1188 802 1295 865; x_wconf 92' lang='lat' dir='ltr'><strong>admo·</strong></span> 
     </span>
     <span class='ocr_line' id='line_1_7' title="bbox 63 897 1293 983; baseline 0.002 -21"><span class='ocrx_word' id='word_1_59' title='bbox 63 909 123 975; x_wconf 89' lang='lat' dir='ltr'><strong>net,</strong></span> <span class='ocrx_word' id='word_1_60' title='bbox 144 918 245 980; x_wconf 82' lang='lat' dir='ltr'><strong>neque</strong></span> <span class='ocrx_word' id='word_1_61' title='bbox 266 898 417 980; x_wconf 79' lang='lat' dir='ltr'>prioribus</span> <span class='ocrx_word' id='word_1_62' title='bbox 440 897 626 979; x_wconf 80' lang='lat' dir='ltr'><strong>temporibus</strong></span> <span class='ocrx_word' id='word_1_63' title='bbox 647 897 741 960; x_wconf 76' lang='lat' dir='ltr'><strong>lleum</strong></span> <span class='ocrx_word' id='word_1_64' title='bbox 763 899 902 974; x_wconf 81' lang='lat' dir='ltr'><strong>tamisae,</strong></span> <span class='ocrx_word' id='word_1_65' title='bbox 926 899 1073 979; x_wconf 87' lang='lat' dir='ltr'><strong>siquidem</strong></span> <span class='ocrx_word' id='word_1_66' title='bbox 1087 920 1142 982; x_wconf 89' lang='lat' dir='ltr'><strong>per</strong></span> <span class='ocrx_word' id='word_1_67' title='bbox 1155 900 1293 983; x_wconf 88' lang='lat' dir='ltr'><strong>Prophe-</strong></span> 
     </span>
     <span class='ocr_line' id='line_1_8' title="bbox 63 999 1293 1084; baseline 0.003 -21"><span class='ocrx_word' id='word_1_68' title='bbox 63 1010 110 1063; x_wconf 82' lang='lat' dir='ltr'><strong>tas</strong></span> <span class='ocrx_word' id='word_1_69' title='bbox 126 1000 247 1063; x_wconf 85' lang='lat' dir='ltr'><strong>lootttns</strong></span> <span class='ocrx_word' id='word_1_70' title='bbox 270 1008 326 1062; x_wconf 90' lang='lat' dir='ltr'><strong>est.</strong></span> <span class='ocrx_word' id='word_1_71' title='bbox 372 1000 520 1072; x_wconf 84' lang='lat' dir='ltr'><strong>Quoniam</strong></span> <span class='ocrx_word' id='word_1_72' title='bbox 542 1000 631 1079; x_wconf 80' lang='lat' dir='ltr'><strong>igitur</strong></span> <span class='ocrx_word' id='word_1_73' title='bbox 651 999 819 1080; x_wconf 71' lang='lat' dir='ltr'><strong>Prophetae</strong></span> <span class='ocrx_word' id='word_1_74' title='bbox 840 1000 1062 1076; x_wconf 82' lang='lat' dir='ltr'><strong>ministravere,</strong></span> <span class='ocrx_word' id='word_1_75' title='bbox 1093 1011 1122 1064; x_wconf 93' lang='lat' dir='ltr'><strong>et</strong></span> <span class='ocrx_word' id='word_1_76' title='bbox 1149 1003 1195 1064; x_wconf 86' lang='lat' dir='ltr'><strong>lex</strong></span> <span class='ocrx_word' id='word_1_77' title='bbox 1217 1021 1293 1084; x_wconf 92' lang='lat' dir='ltr'><strong>pro·</strong></span> 
     </span>
     <span class='ocr_line' id='line_1_9' title="bbox 63 1099 1293 1182; baseline 0.002 -18"><span class='ocrx_word' id='word_1_78' title='bbox 63 1101 189 1182; x_wconf 73' lang='lat' dir='ltr'><strong>uulgata</strong></span> <span class='ocrx_word' id='word_1_79' title='bbox 209 1118 267 1181; x_wconf 84' lang='lat' dir='ltr'><strong>per</strong></span> <span class='ocrx_word' id='word_1_80' title='bbox 287 1100 415 1180; x_wconf 77' lang='lat' dir='ltr'><strong>Angelos</strong></span> <span class='ocrx_word' id='word_1_81' title='bbox 438 1108 493 1174; x_wconf 87' lang='lat' dir='ltr'><strong>est,</strong></span> <span class='ocrx_word' id='word_1_82' title='bbox 517 1100 681 1181; x_wconf 87' lang='lat' dir='ltr'><strong>deindeque</strong></span> <span class='ocrx_word' id='word_1_83' title='bbox 702 1099 821 1163; x_wconf 77' lang='lat' dir='ltr'><strong>advenit</strong></span> <span class='ocrx_word' id='word_1_84' title='bbox 834 1100 938 1176; x_wconf 81' lang='lat' dir='ltr'><strong>Filius,</strong></span> <span class='ocrx_word' id='word_1_85' title='bbox 958 1110 992 1162; x_wconf 94' lang='lat' dir='ltr'><strong>ut</strong></span> <span class='ocrx_word' id='word_1_86' title='bbox 1012 1102 1078 1181; x_wconf 91' lang='lat' dir='ltr'><strong>ipse</strong></span> <span class='ocrx_word' id='word_1_87' title='bbox 1099 1103 1293 1179; x_wconf 84' lang='lat' dir='ltr'><strong>ministraret,</strong></span> 
     </span>
     <span class='ocr_line' id='line_1_10' title="bbox 65 1201 1296 1285; baseline 0.001 -19"><span class='ocrx_word' id='word_1_88' title='bbox 65 1202 236 1266; x_wconf 79' lang='lat' dir='ltr'><strong>neoessario</strong></span> <span class='ocrx_word' id='word_1_89' title='bbox 257 1202 332 1264; x_wconf 84' lang='lat' dir='ltr'><strong>ltaec</strong></span> <span class='ocrx_word' id='word_1_90' title='bbox 353 1201 441 1264; x_wconf 86' lang='lat' dir='ltr'><strong>rerba</strong></span> <span class='ocrx_word' id='word_1_91' title='bbox 464 1201 577 1263; x_wconf 90' lang='lat' dir='ltr'><strong>intulit:</strong></span> <span class='ocrx_word' id='word_1_92' title='bbox 610 1201 703 1266; x_wconf 84' lang='lat' dir='ltr'><strong>Tanta</strong></span> <span class='ocrx_word' id='word_1_93' title='bbox 728 1207 942 1283; x_wconf 72' lang='lat' dir='ltr'><strong>praestantior</strong></span> <span class='ocrx_word' id='word_1_94' title='bbox 969 1206 1073 1284; x_wconf 74' lang='lat' dir='ltr'><strong>saetas</strong></span> <span class='ocrx_word' id='word_1_95' title='bbox 1095 1203 1232 1285; x_wconf 71' lang='lat' dir='ltr'><strong>inpetis,</strong></span> <span class='ocrx_word' id='word_1_96' title='bbox 1258 1211 1296 1267; x_wconf 90' lang='lat' dir='ltr'><strong>nt</strong></span> 
     </span>
     <span class='ocr_line' id='line_1_11' title="bbox 65 1302 1294 1384; baseline -0.001 -17"><span class='ocrx_word' id='word_1_97' title='bbox 65 1304 176 1367; x_wconf 76' lang='lat' dir='ltr'><strong>edlioet</strong></span> <span class='ocrx_word' id='word_1_98' title='bbox 196 1302 379 1378; x_wconf 81' lang='lat' dir='ltr'><strong>ostenderet,</strong></span> <span class='ocrx_word' id='word_1_99' title='bbox 402 1311 543 1384; x_wconf 88' lang='lat' dir='ltr'><strong>quantum</strong></span> <span class='ocrx_word' id='word_1_100' title='bbox 566 1322 653 1366; x_wconf 83' lang='lat' dir='ltr'><strong>servo</strong></span> <span class='ocrx_word' id='word_1_101' title='bbox 674 1311 807 1383; x_wconf 85' lang='lat' dir='ltr'><strong>praestat</strong></span> <span class='ocrx_word' id='word_1_102' title='bbox 827 1304 917 1380; x_wconf 87' lang='lat' dir='ltr'><strong>lilius,</strong></span> <span class='ocrx_word' id='word_1_103' title='bbox 940 1313 1022 1368; x_wconf 89' lang='lat' dir='ltr'><strong>tanto</strong></span> <span class='ocrx_word' id='word_1_104' title='bbox 1046 1306 1135 1368; x_wconf 88' lang='lat' dir='ltr'><strong>ctiam</strong></span> <span class='ocrx_word' id='word_1_105' title='bbox 1157 1304 1222 1366; x_wconf 84' lang='lat' dir='ltr'><strong>Filii</strong></span> <span class='ocrx_word' id='word_1_106' title='bbox 1238 1304 1294 1367; x_wconf 89' lang='lat' dir='ltr'><strong>ad·</strong></span> 
     </span>
     <span class='ocr_line' id='line_1_12' title="bbox 64 1405 1292 1486; baseline 0.001 -18"><span class='ocrx_word' id='word_1_107' title='bbox 64 1405 311 1468; x_wconf 65' lang='lat' dir='ltr'><strong>ministrationem</strong></span> <span class='ocrx_word' id='word_1_108' title='bbox 332 1423 488 1467; x_wconf 84' lang='lat' dir='ltr'><strong>servorum</strong></span> <span class='ocrx_word' id='word_1_109' title='bbox 510 1405 766 1478; x_wconf 80' lang='lat' dir='ltr'><strong>administratione</strong></span> <span class='ocrx_word' id='word_1_110' title='bbox 786 1406 1034 1486; x_wconf 83' lang='lat' dir='ltr'><strong>praestantiorem</strong></span> <span class='ocrx_word' id='word_1_111' title='bbox 1055 1407 1159 1468; x_wconf 87' lang='lat' dir='ltr'><strong>luisse.</strong></span> <span class='ocrx_word' id='word_1_112' title='bbox 1203 1405 1292 1469; x_wconf 83' lang='lat' dir='ltr'><strong>Vete-</strong></span> 
     </span>
     <span class='ocr_line' id='line_1_13' title="bbox 65 1505 1294 1588; baseline 0 -18"><span class='ocrx_word' id='word_1_113' title='bbox 65 1527 124 1570; x_wconf 83' lang='lat' dir='ltr'><strong>rem</strong></span> <span class='ocrx_word' id='word_1_114' title='bbox 144 1508 246 1587; x_wconf 80' lang='lat' dir='ltr'><strong>itaque</strong></span> <span class='ocrx_word' id='word_1_115' title='bbox 267 1514 298 1568; x_wconf 91' lang='lat' dir='ltr'><strong>et</strong></span> <span class='ocrx_word' id='word_1_116' title='bbox 318 1525 426 1568; x_wconf 83' lang='lat' dir='ltr'><strong>novam</strong></span> <span class='ocrx_word' id='word_1_117' title='bbox 453 1505 741 1569; x_wconf 87' lang='lat' dir='ltr'><strong>administrationem</strong></span> <span class='ocrx_word' id='word_1_118' title='bbox 770 1505 955 1588; x_wconf 79' lang='lat' dir='ltr'><strong>distinguens</strong></span> <span class='ocrx_word' id='word_1_119' title='bbox 976 1507 1140 1588; x_wconf 80' lang='lat' dir='ltr'><strong>Apostolus</strong></span> <span class='ocrx_word' id='word_1_120' title='bbox 1168 1506 1294 1570; x_wconf 84' lang='lat' dir='ltr'><strong>fidenter</strong></span> 
     </span>
     <span class='ocr_line' id='line_1_14' title="bbox 66 1605 1293 1688; baseline -0.002 -17"><span class='ocrx_word' id='word_1_121' title='bbox 66 1610 134 1671; x_wconf 83' lang='lat' dir='ltr'><strong>haec</strong></span> <span class='ocrx_word' id='word_1_122' title='bbox 159 1607 197 1671; x_wconf 85' lang='lat' dir='ltr'><strong>ad</strong></span> <span class='ocrx_word' id='word_1_123' title='bbox 226 1605 352 1668; x_wconf 89' lang='lat' dir='ltr'><strong>ludaeos</strong></span> <span class='ocrx_word' id='word_1_124' title='bbox 382 1606 499 1668; x_wconf 86' lang='lat' dir='ltr'><strong>scribit:</strong></span> <span class='ocrx_word' id='word_1_125' title='bbox 534 1606 630 1670; x_wconf 81' lang='lat' dir='ltr'><strong>Tanto</strong></span> <span class='ocrx_word' id='word_1_126' title='bbox 655 1611 869 1688; x_wconf 75' lang='lat' dir='ltr'><strong>praestantior</strong></span> <span class='ocrx_word' id='word_1_127' title='bbox 894 1609 998 1688; x_wconf 81' lang='lat' dir='ltr'><strong>[aetus</strong></span> <span class='ocrx_word' id='word_1_128' title='bbox 1031 1607 1162 1688; x_wconf 72' lang='lat' dir='ltr'><strong>inpelis.</strong></span> <span class='ocrx_word' id='word_1_129' title='bbox 1208 1608 1293 1680; x_wconf 81' lang='lat' dir='ltr'><strong>Qua·</strong></span> 
     </span>
     <span class='ocr_line' id='line_1_15' title="bbox 67 1707 1292 1791; baseline -0.001 -19"><span class='ocrx_word' id='word_1_130' title='bbox 67 1718 184 1791; x_wconf 90' lang='lat' dir='ltr'><strong>propter</strong></span> <span class='ocrx_word' id='word_1_131' title='bbox 204 1707 287 1770; x_wconf 88' lang='lat' dir='ltr'><strong>nulla</strong></span> <span class='ocrx_word' id='word_1_132' title='bbox 305 1707 356 1770; x_wconf 88' lang='lat' dir='ltr'><strong>hic</strong></span> <span class='ocrx_word' id='word_1_133' title='bbox 376 1726 451 1770; x_wconf 91' lang='lat' dir='ltr'><strong>usus</strong></span> <span class='ocrx_word' id='word_1_134' title='bbox 474 1715 519 1770; x_wconf 90' lang='lat' dir='ltr'><strong>est</strong></span> <span class='ocrx_word' id='word_1_135' title='bbox 542 1707 773 1788; x_wconf 89' lang='lat' dir='ltr'><strong>comparatione,</strong></span> <span class='ocrx_word' id='word_1_136' title='bbox 799 1726 855 1769; x_wconf 88' lang='lat' dir='ltr'><strong>nec</strong></span> <span class='ocrx_word' id='word_1_137' title='bbox 877 1708 951 1770; x_wconf 81' lang='lat' dir='ltr'><strong>dixit</strong></span> <span class='ocrx_word' id='word_1_138' title='bbox 972 1709 1068 1771; x_wconf 90' lang='lat' dir='ltr'><strong>maior</strong></span> <span class='ocrx_word' id='word_1_139' title='bbox 1089 1709 1136 1771; x_wconf 86' lang='lat' dir='ltr'><strong>vel</strong></span> <span class='ocrx_word' id='word_1_140' title='bbox 1157 1709 1292 1771; x_wconf 89' lang='lat' dir='ltr'><strong>honora·</strong></span> 
     </span>
     <span class='ocr_line' id='line_1_16' title="bbox 68 1807 1293 1891; baseline -0.001 -18"><span class='ocrx_word' id='word_1_141' title='bbox 68 1812 135 1887; x_wconf 86' lang='lat' dir='ltr'><strong>tior,</strong></span> <span class='ocrx_word' id='word_1_142' title='bbox 162 1828 202 1872; x_wconf 90' lang='lat' dir='ltr'><strong>ne</strong></span> <span class='ocrx_word' id='word_1_143' title='bbox 230 1807 296 1890; x_wconf 86' lang='lat' dir='ltr'><strong>quis</strong></span> <span class='ocrx_word' id='word_1_144' title='bbox 325 1809 408 1871; x_wconf 92' lang='lat' dir='ltr'><strong>illum</strong></span> <span class='ocrx_word' id='word_1_145' title='bbox 436 1809 570 1872; x_wconf 90' lang='lat' dir='ltr'><strong>ciusdem</strong></span> <span class='ocrx_word' id='word_1_146' title='bbox 599 1828 633 1871; x_wconf 92' lang='lat' dir='ltr'><strong>ae</strong></span> <span class='ocrx_word' id='word_1_147' title='bbox 660 1809 728 1871; x_wconf 92' lang='lat' dir='ltr'><strong>illos</strong></span> <span class='ocrx_word' id='word_1_148' title='bbox 758 1827 824 1871; x_wconf 86' lang='lat' dir='ltr'><strong>esse</strong></span> <span class='ocrx_word' id='word_1_149' title='bbox 847 1810 964 1888; x_wconf 80' lang='lat' dir='ltr'><strong>generis</strong></span> <span class='ocrx_word' id='word_1_150' title='bbox 986 1810 1204 1891; x_wconf 87' lang='lat' dir='ltr'><strong>suspicaretur;</strong></span> <span class='ocrx_word' id='word_1_151' title='bbox 1237 1808 1293 1872; x_wconf 91' lang='lat' dir='ltr'><strong>sed</strong></span> 
     </span>
     <span class='ocr_line' id='line_1_17' title="bbox 68 1909 1294 1992; baseline -0.004 -16"><span class='ocrx_word' id='word_1_152' title='bbox 68 1914 271 1992; x_wconf 77' lang='lat' dir='ltr'><strong>praestantior</strong></span> <span class='ocrx_word' id='word_1_153' title='bbox 300 1909 389 1984; x_wconf 85' lang='lat' dir='ltr'><strong>dixit,</strong></span> <span class='ocrx_word' id='word_1_154' title='bbox 424 1919 457 1972; x_wconf 91' lang='lat' dir='ltr'><strong>ut</strong></span> <span class='ocrx_word' id='word_1_155' title='bbox 482 1920 605 1973; x_wconf 88' lang='lat' dir='ltr'><strong>naturae</strong></span> <span class='ocrx_word' id='word_1_156' title='bbox 627 1909 693 1972; x_wconf 82' lang='lat' dir='ltr'><strong>Filii</strong></span> <span class='ocrx_word' id='word_1_157' title='bbox 721 1917 752 1972; x_wconf 89' lang='lat' dir='ltr'><strong>et</strong></span> <span class='ocrx_word' id='word_1_158' title='bbox 778 1927 878 1972; x_wconf 88' lang='lat' dir='ltr'><strong>rerum</strong></span> <span class='ocrx_word' id='word_1_159' title='bbox 906 1919 1072 1973; x_wconf 88' lang='lat' dir='ltr'><strong>creatarum</strong></span> <span class='ocrx_word' id='word_1_160' title='bbox 1094 1909 1294 1971; x_wconf 80' lang='lat' dir='ltr'><strong>differentiam</strong></span> 
     </span>
     <span class='ocr_line' id='line_1_18' title="bbox 71 2009 1292 2091; baseline -0.002 -16"><span class='ocrx_word' id='word_1_161' title='bbox 71 2013 291 2086; x_wconf 84' lang='lat' dir='ltr'><strong>demonstraret,</strong></span> <span class='ocrx_word' id='word_1_162' title='bbox 316 2011 407 2091; x_wconf 87' lang='lat' dir='ltr'><strong>idque</strong></span> <span class='ocrx_word' id='word_1_163' title='bbox 428 2030 531 2073; x_wconf 86' lang='lat' dir='ltr'><strong>rerum</strong></span> <span class='ocrx_word' id='word_1_164' title='bbox 554 2030 623 2073; x_wconf 87' lang='lat' dir='ltr'><strong>esse</strong></span> <span class='ocrx_word' id='word_1_165' title='bbox 644 2029 681 2072; x_wconf 85' lang='lat' dir='ltr'><strong>ex</strong></span> <span class='ocrx_word' id='word_1_166' title='bbox 701 2009 811 2072; x_wconf 85' lang='lat' dir='ltr'><strong>divinis</strong></span> <span class='ocrx_word' id='word_1_167' title='bbox 832 2018 915 2091; x_wconf 90' lang='lat' dir='ltr'><strong>patet</strong></span> <span class='ocrx_word' id='word_1_168' title='bbox 936 2010 1109 2090; x_wconf 86' lang='lat' dir='ltr'><strong>Scripturis.</strong></span> <span class='ocrx_word' id='word_1_169' title='bbox 1142 2010 1217 2072; x_wconf 87' lang='lat' dir='ltr'><strong>Nam</strong></span> <span class='ocrx_word' id='word_1_170' title='bbox 1231 2009 1292 2072; x_wconf 76' lang='lat' dir='ltr'><strong>lla·</strong></span> 
     </span>
     <span class='ocr_line' id='line_1_19' title="bbox 72 2110 1294 2196; baseline 0 -22"><span class='ocrx_word' id='word_1_171' title='bbox 72 2114 112 2176; x_wconf 88' lang='lat' dir='ltr'><strong>rid</strong></span> <span class='ocrx_word' id='word_1_172' title='bbox 129 2115 169 2177; x_wconf 89' lang='lat' dir='ltr'><strong>ita</strong></span> <span class='ocrx_word' id='word_1_173' title='bbox 189 2112 306 2196; x_wconf 90' lang='lat' dir='ltr'><strong>psallit:</strong></span> <span class='ocrx_word' id='word_1_174' title='bbox 328 2112 545 2176; x_wconf 85' lang='lat' dir='ltr'><strong>Praestantiar</strong></span> <span class='ocrx_word' id='word_1_175' title='bbox 567 2114 714 2175; x_wconf 87' lang='lat' dir='ltr'><strong>diesuna</strong></span> <span class='ocrx_word' id='word_1_176' title='bbox 735 2116 769 2173; x_wconf 90' lang='lat' dir='ltr'><strong>in</strong></span> <span class='ocrx_word' id='word_1_177' title='bbox 783 2115 873 2176; x_wconf 85' lang='lat' dir='ltr'><strong>atriis</strong></span> <span class='ocrx_word' id='word_1_178' title='bbox 890 2114 950 2176; x_wconf 87' lang='lat' dir='ltr'><strong>tuis</strong></span> <span class='ocrx_word' id='word_1_179' title='bbox 967 2130 1061 2192; x_wconf 87' lang='lat' dir='ltr'><strong>super</strong></span> <span class='ocrx_word' id='word_1_180' title='bbox 1073 2111 1182 2174; x_wconf 80' lang='lat' dir='ltr'><strong>millia.</strong></span> <span class='ocrx_word' id='word_1_181' title='bbox 1213 2110 1294 2174; x_wconf 86' lang='lat' dir='ltr'><strong>llaec</strong></span> 
     </span>
     <span class='ocr_line' id='line_1_20' title="bbox 73 2213 1293 2296; baseline -0.001 -21"><span class='ocrx_word' id='word_1_182' title='bbox 73 2215 131 2276; x_wconf 69' lang='lat' dir='ltr'><strong>itu</strong></span> <span class='ocrx_word' id='word_1_183' title='bbox 150 2224 220 2278; x_wconf 90' lang='lat' dir='ltr'><strong>sunt</strong></span> <span class='ocrx_word' id='word_1_184' title='bbox 240 2213 411 2277; x_wconf 88' lang='lat' dir='ltr'><strong>Salomonis</strong></span> <span class='ocrx_word' id='word_1_185' title='bbox 433 2214 537 2275; x_wconf 85' lang='lat' dir='ltr'><strong>rerba:</strong></span> <span class='ocrx_word' id='word_1_186' title='bbox 560 2214 693 2296; x_wconf 74' lang='lat' dir='ltr'><strong>Accipite</strong></span> <span class='ocrx_word' id='word_1_187' title='bbox 715 2213 906 2294; x_wconf 83' lang='lat' dir='ltr'><strong>disciplinam</strong></span> <span class='ocrx_word' id='word_1_188' title='bbox 928 2224 956 2276; x_wconf 86' lang='lat' dir='ltr'><strong>et</strong></span> <span class='ocrx_word' id='word_1_189' title='bbox 978 2233 1042 2276; x_wconf 87' lang='lat' dir='ltr'><strong>noa</strong></span> <span class='ocrx_word' id='word_1_190' title='bbox 1063 2222 1238 2292; x_wconf 77' lang='lat' dir='ltr'><strong>arpentum,</strong></span> <span class='ocrx_word' id='word_1_191' title='bbox 1261 2221 1293 2274; x_wconf 87' lang='lat' dir='ltr'><strong>et</strong></span> 
     </span>
     <span class='ocr_line' id='line_1_21' title="bbox 75 2312 1291 2398; baseline -0.004 -20"><span class='ocrx_word' id='word_1_192' title='bbox 75 2321 257 2396; x_wconf 68' lang='lat' dir='ltr'><strong>namnam</strong></span> <span class='ocrx_word' id='word_1_193' title='bbox 273 2334 354 2398; x_wconf 88' lang='lat' dir='ltr'><strong>prae</strong></span> <span class='ocrx_word' id='word_1_194' title='bbox 375 2334 454 2378; x_wconf 88' lang='lat' dir='ltr'><strong>auro</strong></span> <span class='ocrx_word' id='word_1_195' title='bbox 473 2316 617 2396; x_wconf 83' lang='lat' dir='ltr'><strong>prolato.</strong></span> <span class='ocrx_word' id='word_1_196' title='bbox 663 2313 879 2377; x_wconf 82' lang='lat' dir='ltr'><strong>Praestantior</strong></span> <span class='ocrx_word' id='word_1_197' title='bbox 902 2325 948 2376; x_wconf 88' lang='lat' dir='ltr'><strong>est</strong></span> <span class='ocrx_word' id='word_1_198' title='bbox 969 2318 1047 2377; x_wconf 87' lang='lat' dir='ltr'><strong>enim</strong></span> <span class='ocrx_word' id='word_1_199' title='bbox 1069 2317 1221 2395; x_wconf 87' lang='lat' dir='ltr'><strong>sapientia</strong></span> <span class='ocrx_word' id='word_1_200' title='bbox 1242 2312 1291 2374; x_wconf 91' lang='lat' dir='ltr'><strong>la-</strong></span> 
     </span>
     <span class='ocr_line' id='line_1_22' title="bbox 74 2413 1377 2498; baseline -0.001 -21"><span class='ocrx_word' id='word_1_201' title='bbox 74 2417 175 2493; x_wconf 69' lang='lat' dir='ltr'><strong>pidetur</strong></span> <span class='ocrx_word' id='word_1_202' title='bbox 192 2421 362 2498; x_wconf 69' lang='lat' dir='ltr'><strong>pretiosis,</strong></span> <span class='ocrx_word' id='word_1_203' title='bbox 389 2416 524 2498; x_wconf 77' lang='lat' dir='ltr'><strong>ninilque</strong></span> <span class='ocrx_word' id='word_1_204' title='bbox 546 2425 592 2477; x_wconf 86' lang='lat' dir='ltr'><strong>est</strong></span> <span class='ocrx_word' id='word_1_205' title='bbox 610 2419 797 2496; x_wconf 83' lang='lat' dir='ltr'><strong>pretiosum,</strong></span> <span class='ocrx_word' id='word_1_206' title='bbox 828 2417 908 2497; x_wconf 78' lang='lat' dir='ltr'><strong>quod</strong></span> <span class='ocrx_word' id='word_1_207' title='bbox 930 2419 970 2478; x_wconf 87' lang='lat' dir='ltr'><strong>sit</strong></span> <span class='ocrx_word' id='word_1_208' title='bbox 991 2413 1048 2476; x_wconf 85' lang='lat' dir='ltr'><strong>illa</strong></span> <span class='ocrx_word' id='word_1_209' title='bbox 1070 2416 1201 2495; x_wconf 69' lang='lat' dir='ltr'><strong>dianam.</strong></span> <span class='ocrx_word' id='word_1_210' title='bbox 1244 2413 1377 2478; x_wconf 69' lang='lat' dir='ltr'><strong>turta.</strong></span> 
     </span>
     <span class='ocr_line' id='line_1_23' title="bbox 76 2514 1290 2595; baseline 0 -20"><span class='ocrx_word' id='word_1_211' title='bbox 76 2519 219 2580; x_wconf 89' lang='lat' dir='ltr'><strong>nonenim</strong></span> <span class='ocrx_word' id='word_1_212' title='bbox 242 2519 378 2579; x_wconf 85' lang='lat' dir='ltr'><strong>diversae</strong></span> <span class='ocrx_word' id='word_1_213' title='bbox 400 2525 470 2580; x_wconf 91' lang='lat' dir='ltr'><strong>sunt</strong></span> <span class='ocrx_word' id='word_1_214' title='bbox 490 2525 613 2578; x_wconf 87' lang='lat' dir='ltr'><strong>naturae</strong></span> <span class='ocrx_word' id='word_1_215' title='bbox 636 2523 666 2578; x_wconf 88' lang='lat' dir='ltr'><strong>et</strong></span> <span class='ocrx_word' id='word_1_216' title='bbox 688 2515 871 2578; x_wconf 88' lang='lat' dir='ltr'><strong>substantiae</strong></span> <span class='ocrx_word' id='word_1_217' title='bbox 893 2515 1037 2595; x_wconf 86' lang='lat' dir='ltr'><strong>sapientia</strong></span> <span class='ocrx_word' id='word_1_218' title='bbox 1054 2524 1084 2576; x_wconf 90' lang='lat' dir='ltr'><strong>et</strong></span> <span class='ocrx_word' id='word_1_219' title='bbox 1097 2514 1209 2594; x_wconf 88' lang='lat' dir='ltr'><strong>lapides</strong></span> <span class='ocrx_word' id='word_1_220' title='bbox 1226 2522 1290 2574; x_wconf 92' lang='lat' dir='ltr'><strong>ter·</strong></span> 
     </span>
     <span class='ocr_line' id='line_1_24' title="bbox 77 2613 1290 2698; baseline -0.002 -21"><span class='ocrx_word' id='word_1_221' title='bbox 77 2616 147 2680; x_wconf 76' lang='lat' dir='ltr'><strong>reni?</strong></span> <span class='ocrx_word' id='word_1_222' title='bbox 189 2619 345 2691; x_wconf 84' lang='lat' dir='ltr'><strong>Quaenam</strong></span> <span class='ocrx_word' id='word_1_223' title='bbox 374 2628 471 2680; x_wconf 90' lang='lat' dir='ltr'><strong>autem</strong></span> <span class='ocrx_word' id='word_1_224' title='bbox 494 2617 631 2698; x_wconf 81' lang='lat' dir='ltr'><strong>cognatio</strong></span> <span class='ocrx_word' id='word_1_225' title='bbox 654 2617 729 2679; x_wconf 88' lang='lat' dir='ltr'><strong>aulis</strong></span> <span class='ocrx_word' id='word_1_226' title='bbox 751 2616 927 2680; x_wconf 89' lang='lat' dir='ltr'><strong>caelestibus</strong></span> <span class='ocrx_word' id='word_1_227' title='bbox 950 2635 1017 2678; x_wconf 89' lang='lat' dir='ltr'><strong>eum</strong></span> <span class='ocrx_word' id='word_1_228' title='bbox 1039 2617 1167 2677; x_wconf 85' lang='lat' dir='ltr'><strong>terrenis</strong></span> <span class='ocrx_word' id='word_1_229' title='bbox 1191 2613 1290 2676; x_wconf 88' lang='lat' dir='ltr'><strong>domi·</strong></span> 
     </span>
     <span class='ocr_line' id='line_1_25' title="bbox 77 2715 1291 2800; baseline -0.005 -18"><span class='ocrx_word' id='word_1_230' title='bbox 77 2717 157 2782; x_wconf 74' lang='lat' dir='ltr'><strong>tiliis?</strong></span> <span class='ocrx_word' id='word_1_231' title='bbox 199 2719 253 2782; x_wconf 86' lang='lat' dir='ltr'><strong>Vel</strong></span> <span class='ocrx_word' id='word_1_232' title='bbox 282 2718 354 2800; x_wconf 87' lang='lat' dir='ltr'><strong>quid</strong></span> <span class='ocrx_word' id='word_1_233' title='bbox 383 2718 479 2781; x_wconf 88' lang='lat' dir='ltr'><strong>simile</strong></span> <span class='ocrx_word' id='word_1_234' title='bbox 506 2727 606 2799; x_wconf 89' lang='lat' dir='ltr'><strong>potest</strong></span> <span class='ocrx_word' id='word_1_235' title='bbox 634 2738 703 2780; x_wconf 87' lang='lat' dir='ltr'><strong>asse</strong></span> <span class='ocrx_word' id='word_1_236' title='bbox 731 2738 781 2779; x_wconf 89' lang='lat' dir='ltr'><strong>res</strong></span> <span class='ocrx_word' id='word_1_237' title='bbox 809 2726 944 2779; x_wconf 89' lang='lat' dir='ltr'><strong>aeternas</strong></span> <span class='ocrx_word' id='word_1_238' title='bbox 974 2717 1183 2798; x_wconf 83' lang='lat' dir='ltr'><strong>spiritalesque</strong></span> <span class='ocrx_word' id='word_1_239' title='bbox 1212 2715 1291 2777; x_wconf 89' lang='lat' dir='ltr'><strong>inter</strong></span> 
     </span>
     <span class='ocr_line' id='line_1_26' title="bbox 78 2815 1293 2898; baseline 0 -20"><span class='ocrx_word' id='word_1_240' title='bbox 78 2836 156 2882; x_wconf 85' lang='lat' dir='ltr'><strong>acras</strong></span> <span class='ocrx_word' id='word_1_241' title='bbox 179 2820 306 2882; x_wconf 85' lang='lat' dir='ltr'><strong>caducas</strong></span> <span class='ocrx_word' id='word_1_242' title='bbox 329 2829 360 2881; x_wconf 88' lang='lat' dir='ltr'><strong>et</strong></span> <span class='ocrx_word' id='word_1_243' title='bbox 379 2818 548 2882; x_wconf 76' lang='lat' dir='ltr'><strong>mortales?</strong></span> <span class='ocrx_word' id='word_1_244' title='bbox 591 2820 626 2882; x_wconf 95' lang='lat' dir='ltr'><strong>ld</strong></span> <span class='ocrx_word' id='word_1_245' title='bbox 642 2819 720 2881; x_wconf 92' lang='lat' dir='ltr'><strong>enim</strong></span> <span class='ocrx_word' id='word_1_246' title='bbox 736 2820 835 2898; x_wconf 92' lang='lat' dir='ltr'><strong>ipsum</strong></span> <span class='ocrx_word' id='word_1_247' title='bbox 851 2828 906 2892; x_wconf 89' lang='lat' dir='ltr'><strong>est,</strong></span> <span class='ocrx_word' id='word_1_248' title='bbox 929 2817 1008 2898; x_wconf 89' lang='lat' dir='ltr'><strong>quod</strong></span> <span class='ocrx_word' id='word_1_249' title='bbox 1023 2818 1116 2878; x_wconf 87' lang='lat' dir='ltr'><strong>lsaias</strong></span> <span class='ocrx_word' id='word_1_250' title='bbox 1132 2815 1186 2877; x_wconf 90' lang='lat' dir='ltr'><strong>ait:</strong></span> <span class='ocrx_word' id='word_1_251' title='bbox 1209 2815 1293 2878; x_wconf 83' lang='lat' dir='ltr'><strong>llaec</strong></span> 
     </span>
     <span class='ocr_line' id='line_1_27' title="bbox 79 2915 1292 2994; baseline -0.003 -13"><span class='ocrx_word' id='word_1_252' title='bbox 79 2919 133 2982; x_wconf 86' lang='lat' dir='ltr'><strong>dicit</strong></span> <span class='ocrx_word' id='word_1_253' title='bbox 152 2922 300 2985; x_wconf 81' lang='lat' dir='ltr'><strong>Dominus</strong></span> <span class='ocrx_word' id='word_1_254' title='bbox 322 2921 495 2984; x_wconf 82' lang='lat' dir='ltr'><strong>Banucltis:</strong></span> <span class='ocrx_word' id='word_1_255' title='bbox 531 2921 594 2994; x_wconf 88' lang='lat' dir='ltr'><strong>Qui</strong></span> <span class='ocrx_word' id='word_1_256' title='bbox 616 2922 816 2984; x_wconf 84' lang='lat' dir='ltr'><strong>custodierint</strong></span> <span class='ocrx_word' id='word_1_257' title='bbox 846 2920 972 2981; x_wconf 81' lang='lat' dir='ltr'><strong>salicta</strong></span> <span class='ocrx_word' id='word_1_258' title='bbox 999 2937 1066 2981; x_wconf 86' lang='lat' dir='ltr'><strong>mea</strong></span> <span class='ocrx_word' id='word_1_259' title='bbox 1093 2927 1123 2978; x_wconf 89' lang='lat' dir='ltr'><strong>et</strong></span> <span class='ocrx_word' id='word_1_260' title='bbox 1145 2915 1292 2994; x_wconf 78' lang='lat' dir='ltr'><strong>cleperint</strong></span> 
     </span>
     <span class='ocr_line' id='line_1_28' title="bbox 80 3019 1292 3104; baseline -0.006 -21"><span class='ocrx_word' id='word_1_261' title='bbox 80 3039 136 3099; x_wconf 75' lang='lat' dir='ltr'><strong>asae</strong></span> <span class='ocrx_word' id='word_1_262' title='bbox 156 3041 207 3104; x_wconf 75' lang='lat' dir='ltr'><strong>epa</strong></span> <span class='ocrx_word' id='word_1_263' title='bbox 229 3022 300 3085; x_wconf 86' lang='lat' dir='ltr'><strong>ocio</strong></span> <span class='ocrx_word' id='word_1_264' title='bbox 324 3033 352 3084; x_wconf 91' lang='lat' dir='ltr'><strong>et</strong></span> <span class='ocrx_word' id='word_1_265' title='bbox 374 3027 528 3085; x_wconf 86' lang='lat' dir='ltr'><strong>tenuerint</strong></span> <span class='ocrx_word' id='word_1_266' title='bbox 548 3023 657 3102; x_wconf 71' lang='lat' dir='ltr'><strong>foedas</strong></span> <span class='ocrx_word' id='word_1_267' title='bbox 679 3041 791 3093; x_wconf 85' lang='lat' dir='ltr'><strong>meum,</strong></span> <span class='ocrx_word' id='word_1_268' title='bbox 823 3020 897 3082; x_wconf 83' lang='lat' dir='ltr'><strong>dade</strong></span> <span class='ocrx_word' id='word_1_269' title='bbox 921 3019 984 3081; x_wconf 87' lang='lat' dir='ltr'><strong>illis</strong></span> <span class='ocrx_word' id='word_1_270' title='bbox 1008 3023 1040 3081; x_wconf 89' lang='lat' dir='ltr'><strong>in</strong></span> <span class='ocrx_word' id='word_1_271' title='bbox 1063 3019 1149 3080; x_wconf 86' lang='lat' dir='ltr'><strong>dama</strong></span> <span class='ocrx_word' id='word_1_272' title='bbox 1172 3034 1239 3077; x_wconf 87' lang='lat' dir='ltr'><strong>mea</strong></span> <span class='ocrx_word' id='word_1_273' title='bbox 1260 3023 1292 3077; x_wconf 88' lang='lat' dir='ltr'><strong>et</strong></span> 
     </span>
     <span class='ocr_line' id='line_1_29' title="bbox 80 3117 1290 3203; baseline -0.002 -24"><span class='ocrx_word' id='word_1_274' title='bbox 80 3123 104 3181; x_wconf 85' lang='lat' dir='ltr'><strong>in</strong></span> <span class='ocrx_word' id='word_1_275' title='bbox 119 3143 201 3187; x_wconf 82' lang='lat' dir='ltr'><strong>nare</strong></span> <span class='ocrx_word' id='word_1_276' title='bbox 221 3141 288 3186; x_wconf 80' lang='lat' dir='ltr'><strong>meo</strong></span> <span class='ocrx_word' id='word_1_277' title='bbox 313 3123 410 3185; x_wconf 85' lang='lat' dir='ltr'><strong>locum</strong></span> <span class='ocrx_word' id='word_1_278' title='bbox 433 3123 585 3194; x_wconf 70' lang='lat' dir='ltr'><strong>calomen,</strong></span> <span class='ocrx_word' id='word_1_279' title='bbox 604 3125 817 3203; x_wconf 85' lang='lat' dir='ltr'><strong>praestantius</strong></span> <span class='ocrx_word' id='word_1_280' title='bbox 833 3139 922 3202; x_wconf 84' lang='lat' dir='ltr'><strong>paam</strong></span> <span class='ocrx_word' id='word_1_281' title='bbox 936 3119 1012 3201; x_wconf 73' lang='lat' dir='ltr'><strong>filiis</strong></span> <span class='ocrx_word' id='word_1_282' title='bbox 1034 3129 1064 3181; x_wconf 88' lang='lat' dir='ltr'><strong>et</strong></span> <span class='ocrx_word' id='word_1_283' title='bbox 1084 3117 1209 3199; x_wconf 74' lang='lat' dir='ltr'><strong>filiolus</strong></span> <span class='ocrx_word' id='word_1_284' title='bbox 1231 3133 1290 3178; x_wconf 91' lang='lat' dir='ltr'><strong>ne·</strong></span> 
     </span>
     <span class='ocr_line' id='line_1_30' title="bbox 79 3214 1289 3306; baseline -0.006 -22"><span class='ocrx_word' id='word_1_285' title='bbox 79 3239 129 3284; x_wconf 83' lang='lat' dir='ltr'><strong>nes</strong></span> <span class='ocrx_word' id='word_1_286' title='bbox 147 3229 362 3305; x_wconf 84' lang='lat' dir='ltr'><strong>senpiternam</strong></span> <span class='ocrx_word' id='word_1_287' title='bbox 384 3224 459 3286; x_wconf 82' lang='lat' dir='ltr'><strong>dabo</strong></span> <span class='ocrx_word' id='word_1_288' title='bbox 482 3228 539 3296; x_wconf 85' lang='lat' dir='ltr'><strong>eis,</strong></span> <span class='ocrx_word' id='word_1_289' title='bbox 568 3224 648 3306; x_wconf 81' lang='lat' dir='ltr'><strong>quod</strong></span> <span class='ocrx_word' id='word_1_290' title='bbox 675 3241 739 3285; x_wconf 88' lang='lat' dir='ltr'><strong>nan</strong></span> <span class='ocrx_word' id='word_1_291' title='bbox 760 3223 887 3303; x_wconf 73' lang='lat' dir='ltr'><strong>deficiet.</strong></span> <span class='ocrx_word' id='word_1_292' title='bbox 933 3219 1075 3281; x_wconf 90' lang='lat' dir='ltr'><strong>Similiter</strong></span> <span class='ocrx_word' id='word_1_293' title='bbox 1097 3219 1187 3297; x_wconf 85' lang='lat' dir='ltr'><strong>igitur</strong></span> <span class='ocrx_word' id='word_1_294' title='bbox 1209 3214 1289 3278; x_wconf 87' lang='lat' dir='ltr'><strong>nulla</strong></span> 
     </span>
     <span class='ocr_line' id='line_1_31' title="bbox 80 3317 1289 3405; baseline -0.002 -24"><span class='ocrx_word' id='word_1_295' title='bbox 80 3330 114 3382; x_wconf 85' lang='lat' dir='ltr'><strong>est</strong></span> <span class='ocrx_word' id='word_1_296' title='bbox 129 3325 259 3405; x_wconf 78' lang='lat' dir='ltr'><strong>cognatio</strong></span> <span class='ocrx_word' id='word_1_297' title='bbox 281 3324 357 3385; x_wconf 85' lang='lat' dir='ltr'><strong>Filio</strong></span> <span class='ocrx_word' id='word_1_298' title='bbox 380 3342 447 3384; x_wconf 92' lang='lat' dir='ltr'><strong>cum</strong></span> <span class='ocrx_word' id='word_1_299' title='bbox 469 3323 606 3403; x_wconf 78' lang='lat' dir='ltr'><strong>Angelis3</strong></span> <span class='ocrx_word' id='word_1_300' title='bbox 627 3342 661 3386; x_wconf 91' lang='lat' dir='ltr'><strong>ac</strong></span> <span class='ocrx_word' id='word_1_301' title='bbox 681 3323 808 3405; x_wconf 88' lang='lat' dir='ltr'><strong>proinde</strong></span> <span class='ocrx_word' id='word_1_302' title='bbox 829 3340 889 3384; x_wconf 93' lang='lat' dir='ltr'><strong>non</strong></span> <span class='ocrx_word' id='word_1_303' title='bbox 912 3320 1143 3401; x_wconf 90' lang='lat' dir='ltr'><strong>comparationis</strong></span> <span class='ocrx_word' id='word_1_304' title='bbox 1165 3318 1218 3380; x_wconf 87' lang='lat' dir='ltr'><strong>scd</strong></span> <span class='ocrx_word' id='word_1_305' title='bbox 1241 3317 1289 3379; x_wconf 90' lang='lat' dir='ltr'><strong>di-</strong></span> 
     </span>
    </p>
   </div>
   <div class='ocr_carea' id='block_1_3' title="bbox 73 3568 1290 4319">
    <p class='ocr_par' dir='ltr' id='par_1_3' title="bbox 77 3568 1290 3927">
     <span class='ocr_line' id='line_1_32' title="bbox 80 3568 1289 3637; baseline -0.007 -11"><span class='ocrx_word' id='word_1_306' title='bbox 80 3571 152 3631; x_wconf 71' lang='grc' dir='ltr'><strong>πὼς</strong></span> <span class='ocrx_word' id='word_1_307' title='bbox 168 3568 219 3637; x_wconf 69' lang='grc' dir='ltr'><strong>τήν</strong></span> <span class='ocrx_word' id='word_1_308' title='bbox 236 3589 266 3626; x_wconf 80' lang='grc' dir='ltr'><strong>τε</strong></span> <span class='ocrx_word' id='word_1_309' title='bbox 281 3570 458 3625; x_wconf 76' lang='grc' dir='ltr'><strong><em>παλαιὰνκαὶ</em></strong></span> <span class='ocrx_word' id='word_1_310' title='bbox 474 3571 526 3637; x_wconf 81' lang='grc' dir='ltr'><strong>τὴν</strong></span> <span class='ocrx_word' id='word_1_311' title='bbox 542 3570 646 3637; x_wconf 75' lang='grc' dir='ltr'><strong>καινήν.</strong></span> <span class='ocrx_word' id='word_1_312' title='bbox 699 3583 722 3626; x_wconf 89' lang='lat' dir='ltr'><strong>et</strong></span> <span class='ocrx_word' id='word_1_313' title='bbox 746 3576 802 3626; x_wconf 87' lang='lat' dir='ltr'><strong>editi</strong></span> <span class='ocrx_word' id='word_1_314' title='bbox 823 3577 936 3626; x_wconf 88' lang='lat' dir='ltr'><strong>emittant</strong></span> <span class='ocrx_word' id='word_1_315' title='bbox 958 3568 1025 3624; x_wconf 70' lang='grc' dir='ltr'><strong><em>ἐστι.</em></strong></span> <span class='ocrx_word' id='word_1_316' title='bbox 1069 3573 1122 3622; x_wconf 83' lang='lat' dir='ltr'><strong>llox</strong></span> <span class='ocrx_word' id='word_1_317' title='bbox 1148 3570 1289 3632; x_wconf 77' lang='lat' dir='ltr'><strong>Sepaorian.</strong></span> 
     </span>
     <span class='ocr_line' id='line_1_33' title="bbox 79 3629 1262 3725; baseline -0.003 -35"><span class='ocrx_word' id='word_1_318' title='bbox 79 3639 123 3718; x_wconf 72' lang='lat' dir='ltr'><strong>lliti</strong></span> <span class='ocrx_word' id='word_1_319' title='bbox 142 3654 166 3696; x_wconf 84' lang='lat' dir='ltr'><strong>et</strong></span> <span class='ocrx_word' id='word_1_320' title='bbox 187 3646 229 3695; x_wconf 85' lang='lat' dir='ltr'><strong>alii</strong></span> <span class='ocrx_word' id='word_1_321' title='bbox 254 3635 309 3723; x_wconf 67' lang='lat' dir='ltr'><strong>«ipa</strong></span> <span class='ocrx_word' id='word_1_322' title='bbox 330 3645 433 3725; x_wconf 66' lang='grc' dir='ltr'><strong><em>κρίνων</em></strong></span> <span class='ocrx_word' id='word_1_323' title='bbox 456 3637 470 3692; x_wconf 79' lang='grc' dir='ltr'><strong>ὅ</strong></span> <span class='ocrx_word' id='word_1_324' title='bbox 495 3637 648 3699; x_wconf 79' lang='grc' dir='ltr'><em>ἀπόστολος</em></span> <span class='ocrx_word' id='word_1_325' title='bbox 697 3643 788 3705; x_wconf 70' lang='lat' dir='ltr'><strong>englis.</strong></span> <span class='ocrx_word' id='word_1_326' title='bbox 808 3650 836 3692; x_wconf 82' lang='lat' dir='ltr'><strong>et·</strong></span> <span class='ocrx_word' id='word_1_327' title='bbox 850 3643 954 3692; x_wconf 81' lang='lat' dir='ltr'><strong>Felclm.</strong></span> <span class='ocrx_word' id='word_1_328' title='bbox 967 3643 992 3692; x_wconf 77' lang='grc'><strong>5.</strong></span> <span class='ocrx_word' id='word_1_329' title='bbox 1011 3630 1074 3706; x_wconf 75' lang='grc' dir='ltr'><strong>οὐχ’</strong></span> <span class='ocrx_word' id='word_1_330' title='bbox 1094 3629 1262 3706; x_wconf 64' lang='lat' dir='ltr'><strong>{repossidere</strong></span> 
     </span>
     <span class='ocr_line' id='line_1_34' title="bbox 79 3703 1289 3772; baseline -0.012 -6"><span class='ocrx_word' id='word_1_331' title='bbox 79 3719 112 3766; x_wconf 68' lang='lat' dir='ltr'><strong>itt</strong></span> <span class='ocrx_word' id='word_1_332' title='bbox 128 3726 155 3762; x_wconf 81' lang='lat' dir='ltr'><strong>re</strong></span> <span class='ocrx_word' id='word_1_333' title='bbox 176 3708 296 3765; x_wconf 74' lang='grc' dir='ltr'><strong>παλαιας</strong></span> <span class='ocrx_word' id='word_1_334' title='bbox 317 3726 364 3761; x_wconf 79' lang='grc' dir='ltr'><strong>και</strong></span> <span class='ocrx_word' id='word_1_335' title='bbox 386 3710 434 3769; x_wconf 80' lang='grc' dir='ltr'><strong>τῆς</strong></span> <span class='ocrx_word' id='word_1_336' title='bbox 456 3711 557 3771; x_wconf 73' lang='grc' dir='ltr'><strong>καινῆς.</strong></span> <span class='ocrx_word' id='word_1_337' title='bbox 594 3712 647 3762; x_wconf 83' lang='lat' dir='ltr'><strong>llox</strong></span> <span class='ocrx_word' id='word_1_338' title='bbox 731 3712 754 3759; x_wconf 86' lang='lat' dir='ltr'><strong>l.</strong></span> <span class='ocrx_word' id='word_1_339' title='bbox 773 3712 813 3760; x_wconf 90' lang='lat' dir='ltr'><strong>Sic</strong></span> <span class='ocrx_word' id='word_1_340' title='bbox 831 3712 931 3772; x_wconf 74' lang='lat' dir='ltr'><strong>Seguer.</strong></span> <span class='ocrx_word' id='word_1_341' title='bbox 958 3710 987 3758; x_wconf 81' lang='lat' dir='ltr'><strong>lt</strong></span> <span class='ocrx_word' id='word_1_342' title='bbox 999 3708 1098 3760; x_wconf 82' lang='lat' dir='ltr'><strong>Gobler.</strong></span> <span class='ocrx_word' id='word_1_343' title='bbox 1117 3716 1141 3756; x_wconf 90' lang='lat' dir='ltr'><strong>et</strong></span> <span class='ocrx_word' id='word_1_344' title='bbox 1150 3705 1255 3755; x_wconf 81' lang='lat' dir='ltr'><strong>Felclm.</strong></span> <span class='ocrx_word' id='word_1_345' title='bbox 1266 3703 1289 3753; x_wconf 91' lang='lat' dir='ltr'><strong>t.</strong></span> 
     </span>
     <span class='ocr_line' id='line_1_35' title="bbox 78 3763 1290 3844; baseline -0.004 -19"><span class='ocrx_word' id='word_1_346' title='bbox 78 3773 208 3831; x_wconf 80' lang='lat' dir='ltr'><strong>leltlnanni</strong></span> <span class='ocrx_word' id='word_1_347' title='bbox 225 3779 250 3829; x_wconf 79' lang='lat'><strong>2.</strong></span> <span class='ocrx_word' id='word_1_348' title='bbox 270 3788 294 3828; x_wconf 88' lang='lat' dir='ltr'><strong>et</strong></span> <span class='ocrx_word' id='word_1_349' title='bbox 312 3781 369 3832; x_wconf 85' lang='lat' dir='ltr'><strong>editi</strong></span> <span class='ocrx_word' id='word_1_350' title='bbox 388 3781 501 3831; x_wconf 89' lang='lat' dir='ltr'><strong>omittant</strong></span> <span class='ocrx_word' id='word_1_351' title='bbox 519 3774 642 3844; x_wconf 77' lang='grc' dir='ltr'><strong><em>τοσούτῳ</em></strong></span> <span class='ocrx_word' id='word_1_352' title='bbox 696 3776 758 3830; x_wconf 75' lang='grc' dir='ltr'><strong>ταῖς</strong></span> <span class='ocrx_word' id='word_1_353' title='bbox 783 3768 931 3843; x_wconf 69' lang='lat' dir='ltr'><strong>adposuisse.</strong></span> <span class='ocrx_word' id='word_1_354' title='bbox 973 3776 1035 3826; x_wconf 80' lang='lat' dir='ltr'><strong>liditi</strong></span> <span class='ocrx_word' id='word_1_355' title='bbox 1062 3774 1152 3839; x_wconf 86' lang='lat' dir='ltr'><strong>aliique</strong></span> <span class='ocrx_word' id='word_1_356' title='bbox 1175 3770 1236 3825; x_wconf 79' lang='grc' dir='ltr'><strong>ταῖς</strong></span> <span class='ocrx_word' id='word_1_357' title='bbox 1258 3763 1290 3821; x_wconf 76' lang='grc' dir='ltr'><strong>ἐν</strong></span> 
     </span>
     <span class='ocr_line' id='line_1_36' title="bbox 77 3837 833 3927; baseline 0 -35"><span class='ocrx_word' id='word_1_358' title='bbox 77 3840 186 3907; x_wconf 68' lang='grc' dir='ltr'><strong>κρείττων</strong></span> <span class='ocrx_word' id='word_1_359' title='bbox 200 3839 350 3927; x_wconf 43' lang='lat' dir='ltr'><strong>perficiam</strong></span> <span class='ocrx_word' id='word_1_360' title='bbox 370 3844 428 3894; x_wconf 79' lang='grc' dir='ltr'><strong>τῶν</strong></span> <span class='ocrx_word' id='word_1_361' title='bbox 445 3839 576 3912; x_wconf 77' lang='grc' dir='ltr'><strong>ἀγγέλων.</strong></span> <span class='ocrx_word' id='word_1_362' title='bbox 697 3837 833 3911; x_wconf 73' lang='grc' dir='ltr'><strong><em>οὐρανοῖς.</em></strong></span> 
     </span>
    </p>

    <p class='ocr_par' dir='ltr' id='par_1_4' title="bbox 73 3907 1290 4117">
     <span class='ocr_line' id='line_1_37' title="bbox 101 3907 1290 3980; baseline -0.009 -13"><span class='ocrx_word' id='word_1_363' title='bbox 101 3913 113 3962; x_wconf 85' lang='lat' dir='ltr'><strong>l.</strong></span> <span class='ocrx_word' id='word_1_364' title='bbox 127 3917 224 3980; x_wconf 65' lang='lat' dir='ltr'><strong>Sessar.</strong></span> <span class='ocrx_word' id='word_1_365' title='bbox 243 3928 358 3980; x_wconf 68' lang='lat' dir='ltr'><strong>emutat.</strong></span> <span class='ocrx_word' id='word_1_366' title='bbox 389 3913 441 3963; x_wconf 83' lang='lat' dir='ltr'><strong>llos</strong></span> <span class='ocrx_word' id='word_1_367' title='bbox 459 3917 522 3965; x_wconf 85' lang='lat' dir='ltr'><strong>idem</strong></span> <span class='ocrx_word' id='word_1_368' title='bbox 543 3913 644 3975; x_wconf 73' lang='lat' dir='ltr'><strong>etlngl.</strong></span> <span class='ocrx_word' id='word_1_369' title='bbox 729 3914 746 3963; x_wconf 89' lang='lat' dir='ltr'><strong>l.</strong></span> <span class='ocrx_word' id='word_1_370' title='bbox 765 3914 806 3963; x_wconf 88' lang='lat' dir='ltr'><strong>Sic</strong></span> <span class='ocrx_word' id='word_1_371' title='bbox 824 3911 924 3973; x_wconf 69' lang='lat' dir='ltr'><strong>Seguer.</strong></span> <span class='ocrx_word' id='word_1_372' title='bbox 942 3911 1041 3962; x_wconf 81' lang='lat' dir='ltr'><strong>Gobler.</strong></span> <span class='ocrx_word' id='word_1_373' title='bbox 1059 3917 1083 3959; x_wconf 88' lang='lat' dir='ltr'><strong>et</strong></span> <span class='ocrx_word' id='word_1_374' title='bbox 1095 3907 1201 3959; x_wconf 81' lang='lat' dir='ltr'><strong>l’elcltm.</strong></span> <span class='ocrx_word' id='word_1_375' title='bbox 1214 3907 1236 3957; x_wconf 90' lang='lat' dir='ltr'><strong>l.</strong></span> <span class='ocrx_word' id='word_1_376' title='bbox 1260 3909 1290 3957; x_wconf 84' lang='lat' dir='ltr'><strong>tt</strong></span> 
     </span>
     <span class='ocr_line' id='line_1_38' title="bbox 77 3973 1287 4050; baseline -0.005 -20"><span class='ocrx_word' id='word_1_377' title='bbox 77 3977 153 4034; x_wconf 76' lang='lat' dir='ltr'><strong>taeter.</strong></span> <span class='ocrx_word' id='word_1_378' title='bbox 176 3994 200 4035; x_wconf 92' lang='lat' dir='ltr'><strong>et</strong></span> <span class='ocrx_word' id='word_1_379' title='bbox 217 3983 359 4034; x_wconf 72' lang='lat' dir='ltr'><strong>latetml.</strong></span> <span class='ocrx_word' id='word_1_380' title='bbox 385 3975 547 4050; x_wconf 74' lang='grc' dir='ltr'><strong><em>τιμιώτερος</em></strong></span> <span class='ocrx_word' id='word_1_381' title='bbox 568 3974 645 4047; x_wconf 79' lang='grc' dir='ltr'><em>γενό-</em></span> <span class='ocrx_word' id='word_1_382' title='bbox 695 3982 718 4031; x_wconf 88' lang='lat' dir='ltr'><strong>in</strong></span> <span class='ocrx_word' id='word_1_383' title='bbox 743 3981 843 4043; x_wconf 70' lang='lat' dir='ltr'><strong>Seguer.</strong></span> <span class='ocrx_word' id='word_1_384' title='bbox 868 3979 917 4027; x_wconf 83' lang='lat' dir='ltr'><strong>atel</strong></span> <span class='ocrx_word' id='word_1_385' title='bbox 943 3978 1069 4028; x_wconf 84' lang='lat' dir='ltr'><strong>omittitur.</strong></span> <span class='ocrx_word' id='word_1_386' title='bbox 1110 3976 1155 4026; x_wconf 85' lang='lat' dir='ltr'><strong>ttti</strong></span> <span class='ocrx_word' id='word_1_387' title='bbox 1179 3983 1203 4025; x_wconf 89' lang='lat' dir='ltr'><strong>et</strong></span> <span class='ocrx_word' id='word_1_388' title='bbox 1230 3973 1287 4025; x_wconf 88' lang='lat' dir='ltr'><strong>editi</strong></span> 
     </span>
     <span class='ocr_line' id='line_1_39' title="bbox 73 4036 1080 4117; baseline -0.008 -15"><span class='ocrx_word' id='word_1_389' title='bbox 73 4057 143 4107; x_wconf 66' lang='lat' dir='ltr'><strong>pnes,</strong></span> <span class='ocrx_word' id='word_1_390' title='bbox 178 4052 204 4103; x_wconf 91' lang='lat' dir='ltr'><strong>ln</strong></span> <span class='ocrx_word' id='word_1_391' title='bbox 223 4052 296 4102; x_wconf 86' lang='lat' dir='ltr'><strong>editis</strong></span> <span class='ocrx_word' id='word_1_392' title='bbox 314 4058 338 4100; x_wconf 89' lang='lat' dir='ltr'><strong>et</strong></span> <span class='ocrx_word' id='word_1_393' title='bbox 348 4050 402 4100; x_wconf 84' lang='lat' dir='ltr'><strong>aliis</strong></span> <span class='ocrx_word' id='word_1_394' title='bbox 412 4051 481 4101; x_wconf 87' lang='lat' dir='ltr'><strong>deest</strong></span> <span class='ocrx_word' id='word_1_395' title='bbox 489 4043 644 4117; x_wconf 76' lang='grc' dir='ltr'><strong>γενόμενος.</strong></span> <span class='ocrx_word' id='word_1_396' title='bbox 694 4042 840 4096; x_wconf 78' lang='grc' dir='ltr'><strong><em>καὶτοῦτο</em></strong></span> <span class='ocrx_word' id='word_1_397' title='bbox 857 4040 913 4113; x_wconf 78' lang='grc' dir='ltr'><strong>γὰρ</strong></span> <span class='ocrx_word' id='word_1_398' title='bbox 933 4036 1080 4098; x_wconf 75' lang='grc' dir='ltr'><strong>ὃἮσαΐος.</strong></span> 
     </span>
    </p>

    <p class='ocr_par' dir='ltr' id='par_1_5' title="bbox 73 4107 1287 4319">
     <span class='ocr_line' id='line_1_40' title="bbox 74 4107 1287 4184; baseline -0.002 -24"><span class='ocrx_word' id='word_1_399' title='bbox 74 4111 130 4169; x_wconf 84' lang='lat' dir='ltr'><strong>Paulo</strong></span> <span class='ocrx_word' id='word_1_400' title='bbox 152 4127 210 4184; x_wconf 88' lang='lat' dir='ltr'><strong>post</strong></span> <span class='ocrx_word' id='word_1_401' title='bbox 232 4120 334 4183; x_wconf 74' lang='lat' dir='ltr'><strong>Segner.</strong></span> <span class='ocrx_word' id='word_1_402' title='bbox 357 4109 482 4182; x_wconf 68' lang='grc' dir='ltr'><strong>κᾷκεῖνόν</strong></span> <span class='ocrx_word' id='word_1_403' title='bbox 507 4132 550 4172; x_wconf 76' lang='grc' dir='ltr'><strong>τις</strong></span> <span class='ocrx_word' id='word_1_404' title='bbox 571 4112 644 4182; x_wconf 72' lang='lat' dir='ltr'><strong>tort</strong></span> <span class='ocrx_word' id='word_1_405' title='bbox 728 4130 761 4166; x_wconf 84' lang='lat' dir='ltr'><strong>nt.</strong></span> <span class='ocrx_word' id='word_1_406' title='bbox 779 4115 820 4165; x_wconf 87' lang='lat' dir='ltr'><strong>Sic</strong></span> <span class='ocrx_word' id='word_1_407' title='bbox 837 4112 893 4176; x_wconf 70' lang='lat' dir='ltr'><strong>tteg.</strong></span> <span class='ocrx_word' id='word_1_408' title='bbox 911 4113 984 4164; x_wconf 85' lang='lat' dir='ltr'><strong>Basil.</strong></span> <span class='ocrx_word' id='word_1_409' title='bbox 1008 4121 1032 4162; x_wconf 88' lang='lat' dir='ltr'><strong>et</strong></span> <span class='ocrx_word' id='word_1_410' title='bbox 1049 4112 1140 4175; x_wconf 71' lang='lat' dir='ltr'><strong>lnglic.</strong></span> <span class='ocrx_word' id='word_1_411' title='bbox 1164 4116 1191 4159; x_wconf 89' lang='lat' dir='ltr'><strong>ut</strong></span> <span class='ocrx_word' id='word_1_412' title='bbox 1208 4114 1232 4158; x_wconf 92' lang='lat' dir='ltr'><strong>et</strong></span> <span class='ocrx_word' id='word_1_413' title='bbox 1249 4107 1287 4158; x_wconf 84' lang='lat' dir='ltr'><strong>le-</strong></span> 
     </span>
     <span class='ocr_line' id='line_1_41' title="bbox 73 4169 1284 4295; baseline -0.015 -55"><span class='ocrx_word' id='word_1_414' title='bbox 73 4189 144 4240; x_wconf 70' lang='lat' dir='ltr'><strong>&#39;llttt-</strong></span> <span class='ocrx_word' id='word_1_415' title='bbox 694 4181 902 4247; x_wconf 62' lang='lat' dir='ltr'><strong>atterentes,</strong></span> <span class='ocrx_word' id='word_1_416' title='bbox 920 4181 944 4231; x_wconf 80' lang='grc'><strong>4.</strong></span> <span class='ocrx_word' id='word_1_417' title='bbox 988 4181 1087 4295; x_wconf 55' lang='lat' dir='ltr'><strong>Sepuer.</strong></span> <span class='ocrx_word' id='word_1_418' title='bbox 1112 4169 1284 4241; x_wconf 68' lang='lat' dir='ltr'><strong>tauram</strong></span> 
     </span>
     <span class='ocr_line' id='line_1_42' title="bbox 97 4241 1185 4319; baseline -0.014 -14"><span class='ocrx_word' id='word_1_419' title='bbox 97 4266 114 4313; x_wconf 83' lang='lat' dir='ltr'><strong>t.</strong></span> <span class='ocrx_word' id='word_1_420' title='bbox 129 4254 269 4305; x_wconf 68' lang='lat' dir='ltr'><strong>tatami.</strong></span> <span class='ocrx_word' id='word_1_421' title='bbox 287 4248 413 4319; x_wconf 73' lang='lat' dir='ltr'><strong>ympni.</strong></span> <span class='ocrx_word' id='word_1_422' title='bbox 693 4252 738 4302; x_wconf 84' lang='lat' dir='ltr'><strong>tttt</strong></span> <span class='ocrx_word' id='word_1_423' title='bbox 757 4258 781 4301; x_wconf 89' lang='lat' dir='ltr'><strong>et</strong></span> <span class='ocrx_word' id='word_1_424' title='bbox 798 4250 872 4300; x_wconf 86' lang='lat' dir='ltr'><strong>editio</strong></span> <span class='ocrx_word' id='word_1_425' title='bbox 891 4248 1008 4299; x_wconf 84' lang='lat' dir='ltr'><strong>Commel.</strong></span> <span class='ocrx_word' id='word_1_426' title='bbox 1039 4241 1185 4302; x_wconf 67' lang='grc' dir='ltr'><strong>κδέξοπαι</strong></span> 
     </span>
    </p>
   </div>
   <div class='ocr_carea' id='block_1_4' title="bbox 71 4309 1287 4451">
    <p class='ocr_par' dir='ltr' id='par_1_6' title="bbox 71 4309 1287 4451">
     <span class='ocr_line' id='line_1_43' title="bbox 97 4309 1287 4386; baseline -0.014 -11"><span class='ocrx_word' id='word_1_427' title='bbox 97 4319 228 4385; x_wconf 60' lang='lat' dir='ltr'><strong>[Sessar.</strong></span> <span class='ocrx_word' id='word_1_428' title='bbox 253 4323 354 4374; x_wconf 83' lang='lat' dir='ltr'><strong>Gobler.</strong></span> <span class='ocrx_word' id='word_1_429' title='bbox 379 4329 403 4371; x_wconf 84' lang='lat' dir='ltr'><strong>et</strong></span> <span class='ocrx_word' id='word_1_430' title='bbox 427 4319 533 4370; x_wconf 76' lang='lat' dir='ltr'><strong>l‘elclm.</strong></span> <span class='ocrx_word' id='word_1_431' title='bbox 551 4320 574 4370; x_wconf 88' lang='lat' dir='ltr'><strong>l.</strong></span> <span class='ocrx_word' id='word_1_432' title='bbox 591 4317 644 4367; x_wconf 84' lang='grc' dir='ltr'><strong>Σο·</strong></span> <span class='ocrx_word' id='word_1_433' title='bbox 727 4334 751 4368; x_wconf 89' lang='lat' dir='ltr'><strong>n.</strong></span> <span class='ocrx_word' id='word_1_434' title='bbox 769 4319 811 4368; x_wconf 87' lang='lat' dir='ltr'><strong>Sic</strong></span> <span class='ocrx_word' id='word_1_435' title='bbox 827 4317 927 4379; x_wconf 71' lang='lat' dir='ltr'><strong>Segner.</strong></span> <span class='ocrx_word' id='word_1_436' title='bbox 946 4315 1044 4366; x_wconf 85' lang='lat' dir='ltr'><strong>Gobler.</strong></span> <span class='ocrx_word' id='word_1_437' title='bbox 1062 4309 1236 4363; x_wconf 80' lang='lat' dir='ltr'><strong>etl&#39;elckm.l.</strong></span> <span class='ocrx_word' id='word_1_438' title='bbox 1257 4310 1287 4386; x_wconf 57' lang='lat' dir='ltr'><strong>dt</strong></span> 
     </span>
     <span class='ocr_line' id='line_1_44' title="bbox 71 4375 1286 4451; baseline -0.021 -1"><span class='ocrx_word' id='word_1_439' title='bbox 71 4375 198 4451; x_wconf 56' lang='lat' dir='ltr'><strong>heines,</strong></span> <span class='ocrx_word' id='word_1_440' title='bbox 694 4386 735 4437; x_wconf 86' lang='lat' dir='ltr'><strong>alii</strong></span> <span class='ocrx_word' id='word_1_441' title='bbox 753 4395 777 4435; x_wconf 86' lang='lat' dir='ltr'><strong>et</strong></span> <span class='ocrx_word' id='word_1_442' title='bbox 795 4385 851 4434; x_wconf 84' lang='lat' dir='ltr'><strong>editi</strong></span> <span class='ocrx_word' id='word_1_443' title='bbox 878 4382 927 4431; x_wconf 86' lang='grc' dir='ltr'><strong>τοῦ</strong></span> <span class='ocrx_word' id='word_1_444' title='bbox 944 4375 1014 4432; x_wconf 77' lang='grc' dir='ltr'><strong><em>οἱοῦ.</em></strong></span> <span class='ocrx_word' id='word_1_445' title='bbox 1052 4381 1106 4431; x_wconf 73' lang='lat' dir='ltr'><strong>llos</strong></span> <span class='ocrx_word' id='word_1_446' title='bbox 1122 4381 1222 4441; x_wconf 70' lang='lat' dir='ltr'><strong>Segusr.</strong></span> <span class='ocrx_word' id='word_1_447' title='bbox 1241 4389 1286 4426; x_wconf 81' lang='lat' dir='ltr'><strong>aa·</strong></span> 
     </span>
    </p>
   </div>
   <div class='ocr_carea' id='block_1_5' title="bbox 97 4446 925 4522">
    <p class='ocr_par' dir='ltr' id='par_1_7' title="bbox 97 4446 925 4522">
     <span class='ocr_line' id='line_1_45' title="bbox 97 4446 925 4522; baseline -0.01 -16"><span class='ocrx_word' id='word_1_448' title='bbox 97 4457 109 4506; x_wconf 82' lang='lat' dir='ltr'><strong>&#39;t</strong></span> <span class='ocrx_word' id='word_1_449' title='bbox 124 4459 162 4510; x_wconf 87' lang='lat' dir='ltr'><strong>Sic</strong></span> <span class='ocrx_word' id='word_1_450' title='bbox 179 4461 281 4522; x_wconf 63' lang='lat' dir='ltr'><strong>Sernes.</strong></span> <span class='ocrx_word' id='word_1_451' title='bbox 300 4466 324 4508; x_wconf 86' lang='lat' dir='ltr'><strong>et</strong></span> <span class='ocrx_word' id='word_1_452' title='bbox 334 4456 402 4508; x_wconf 82' lang='lat' dir='ltr'><strong>Prot.</strong></span> <span class='ocrx_word' id='word_1_453' title='bbox 413 4455 439 4520; x_wconf 82' lang='grc'><strong>8,</strong></span> <span class='ocrx_word' id='word_1_454' title='bbox 458 4455 498 4506; x_wconf 83' lang='grc'><strong>10.</strong></span> <span class='ocrx_word' id='word_1_455' title='bbox 531 4454 575 4506; x_wconf 81' lang='lat' dir='ltr'><strong>etit</strong></span> <span class='ocrx_word' id='word_1_456' title='bbox 588 4468 644 4506; x_wconf 85' lang='lat' dir='ltr'><strong>vera</strong></span> <span class='ocrx_word' id='word_1_457' title='bbox 695 4463 744 4514; x_wconf 75' lang='lat' dir='ltr'><strong>aas</strong></span> <span class='ocrx_word' id='word_1_458' title='bbox 760 4446 925 4519; x_wconf 64' lang='lat' dir='ltr'><strong>myrtetica.</strong></span> 
     </span>
    </p>
   </div>
   <div class='ocr_carea' id='block_1_6' title="bbox 0 0 1496 5092">
    <p class='ocr_par' dir='ltr' id='par_1_8' title="bbox 0 0 1496 5092">
     <span class='ocr_line' id='line_1_46' title="bbox 0 0 1496 5092; baseline 0 0"><span class='ocrx_word' id='word_1_459' title='bbox 0 0 1496 5092; x_wconf 95' lang='lat' dir='ltr'><strong> </strong></span> 
     </span>
    </p>
   </div>
  </div>
 </body>
</html>
