2948 5092
514 259 624 306 onusto
639 259 683 304 ru.
699 260 815 304 courm
827 261 964 308 munos.
1280 243 1376 316 581·

107 417 227 480 mortui
248 416 428 486 revixerunt,
451 420 481 474 et
502 411 581 490 quod
604 410 741 490 inprimis
764 411 873 473 mirum
896 420 952 486 est,
975 413 1025 491 qui
1043 422 1105 476 tum
1120 415 1429 483 aderanteum·1³.ccs.

110 539 175 601 qne
199 519 283 598 prius
304 523 492 595 negaverant,
514 521 619 592 postea
640 512 687 574 his
712 513 881 593 conspectis
904 533 973 575 vere
996 534 1064 579 eum
1078 516 1186 580 Filium
1201 519 1255 582 bei
1277 539 1345 584 esse

110 630 189 684 sunt
211 618 353 682 confessi.
1314 675 1317 684 .

202 725 253 786 57.
298 719 386 792 Quod
408 726 507 779 autem
529 716 565 778 ad
588 716 616 776 id
629 723 753 794 spectat
767 717 847 795 quod
862 716 947 780 dixit:
972 719 1009 782 Si
1022 721 1215 803 fieripotest,
1239 733 1346 788 trans-

113 836 168 887 eut
198 823 295 894 colem,
324 821 428 882 discite
456 818 605 898 quomodo
628 817 748 878 Petrum
781 818 883 879 eadem
913 819 1058 882 dicentem
1081 822 1128 885 bis
1150 825 1347 906 increpaverit

113 925 233 987 verbis:
255 923 326 985 Non
347 927 430 1003 sapis
452 940 527 1003 quae
549 918 608 980 bei
628 929 709 990 sont,
733 921 785 982 aed
807 939 884 999 quae
907 921 1069 985 bominum.
1115 925 1268 1005 Siquidem
1287 926 1346 989 boc
1403 900 1409 925 Ι

112 1027 218 1106 ipsum
240 1024 357 1087 volebat
378 1023 443 1096 itte,
466 1003 546 1099 quod
568 1019 782 1098 deprecabatur
804 1029 833 1082 et
855 1023 1035 1101 refugiebat,
1060 1025 1169 1107 quippe
1191 1047 1258 1089 cum
1280 1020 1371 1091 eam*

112 1127 156 1188 ob
186 1146 250 1189 rem
279 1126 426 1197 venisset,
458 1141 559 1182 verum
583 1121 647 1182 eius
670 1121 791 1200 quidem
812 1132 876 1183 erat
899 1124 929 1184 id
948 1125 1039 1199 velte,
1072 1128 1108 1188 ad
1131 1129 1212 1208 qund
1234 1129 1347 1192 scilicet

112 1229 182 1308 ipse
205 1234 341 1299 venerat,
365 1225 418 1286 sed
441 1224 537 1284 carnis
561 1231 624 1284 erat
646 1242 763 1303 pavere.
806 1224 891 1286 Unde
913 1235 947 1287 ut
968 1227 1058 1289 homo
1081 1229 1136 1292 bas
1158 1249 1247 1293 voces
1269 1250 1344 1312 pro·

114 1330 193 1403 tulit,
217 1330 341 1408 ipseque
364 1337 520 1404 utrumque
542 1325 624 1397 dixit,
649 1333 681 1385 ut
703 1344 736 1387 se
759 1327 934 1388 ostenderet
956 1337 987 1389 et
1001 1329 1095 1393 Deum
1118 1350 1187 1392 esse
1204 1332 1259 1412 'qui
1280 1332 1345 1394 vel·

112 1431 166 1505 let,
190 1440 221 1492 et
241 1433 349 1492 tactum
371 1428 523 1489 bominem
545 1445 663 1488 carnem
686 1435 840 1506 paventem
864 1429 1015 1505 babuisse,
1039 1433 1124 1519 cuius
1145 1434 1237 1513 gratia
1259 1442 1346 1496 suam

114 1533 183 1612 ipse
213 1531 391 1591 voiuntatem
420 1531 564 1590 humanae
593 1528 712 1589 miscuit
733 1529 910 1604 infirmitati,
941 1541 972 1594 ut
994 1552 1028 1594 ea
1050 1533 1185 1596 absumta
1206 1535 1347 1617 fidentem

114 1642 146 1694 ct
167 1632 310 1694 ‘audacem
331 1632 483 1692 bominem
506 1629 649 1690 adversus
672 1638 799 1692 mortem
823 1632 974 1695 redderet.
1018 1635 1063 1696 En
1079 1636 1168 1715 igitur
1181 1656 1244 1699 rem
1259 1637 1346 1716 plane

114 1733 352 1806 admirabilenu,
366 1732 413 1792 ille
435 1731 592 1805 nimirum,
622 1750 709 1810 quem
733 1731 841 1793 Christi
864 1734 971 1797 hostes
993 1756 1065 1816 prae
1086 1737 1243 1800 timiditate
1265 1737 1345 1817 loqui
1456 1775 1460 1780 ‚

112 1836 307 1907 arbitrantur,
330 1831 501 1895 huiusmodi
524 1833 587 1912 ipse
611 1833 765 1903 timiditate
785 1834 925 1896 homines
941 1838 1106 1918 intrepidos
1122 1848 1152 1900 et
1166 1841 1259 1902 sortes
1274 1839 1345 1900 red-

112 1936 201 1999 didit.
246 1937 322 1998 Hinc
349 1936 426 1996 beati
448 1934 584 2015 Apostoli
614 1935 696 1995 bisce
723 1945 794 2014 post
821 1956 889 1997 eum
917 1938 1039 2001 animati
1067 1940 1189 2002 vocibus
1217 1948 1347 2002 mortem

113 2048 319 2110 contemsero,
354 2049 387 2100 ut
414 2040 501 2099 etiam
530 2038 603 2098 nihil
631 2037 669 2098 de
689 2037 834 2100 iudicibus
857 2050 997 2103 curarent
1018 2043 1099 2116 suis,
1131 2042 1184 2103 sed
1207 2041 1346 2103 audacter

113 2142 265 2203 dicerent:
291 2141 417 2203 Obedire
440 2149 560 2220 oportet
582 2138 646 2200 bec
669 2144 763 2218 moqie
786 2159 874 2220 quam
897 2141 1077 2205 bominibus.
1114 2143 1170 2204 Alii
1185 2142 1256 2204 item
1272 2153 1432 2203 san-root.

113 2244 154 2304 cti
177 2242 321 2320 Martyres
350 2249 429 2302 tanta
457 2242 539 2300 suere
562 2240 680 2301 fidentia
704 2251 735 2302 et
755 2241 944 2316 fortitudine,
972 2252 1006 2305 ut
1028 2263 1061 2305 se
1083 2245 1182 2323 potius
1205 2244 1235 2305 in
1256 2244 1347 2306 vitam

114 2345 246 2424 migrare
275 2362 361 2421 quam
389 2351 516 2403 mortem
548 2342 607 2420 pati
631 2342 844 2403 existimarent.
890 2341 996 2406 Nonne
1018 2345 1107 2424 igitur
1127 2364 1269 2425 perquam
1292 2344 1347 2406 ab·

114 2446 243 2507 surdum
266 2454 328 2517 est,
358 2462 512 2505 servorum
536 2443 623 2503 Verbi
647 2444 842 2505 constantiam
865 2446 1021 2519 admirari,
1050 2446 1107 2524 ipsi
1129 2457 1228 2508 autem
1249 2445 1347 2506 Verbo

113 2545 289 2613 adscribere
317 2544 519 2616 timiditatem,
553 2563 607 2623 per
637 2545 716 2622 quod
737 2554 865 2606 mortem
887 2545 928 2606 ilii
951 2546 1174 2627 despexerunt?
1217 2545 1349 2607 Proinde

113 2668 152 2709 ex
175 2647 283 2709 invicta
306 2655 476 2707 sanctorum
498 2647 658 2724 Martyrum
681 2647 770 2724 animi
792 2647 993 2726 magnitudine
1016 2649 1126 2711 clarum
1143 2657 1199 2721 est,
1222 2665 1282 2709 non
1298 2647 1348 2708 di·

113 2750 269 2811 trinitatem
297 2749 391 2827 ipsam
415 2748 567 2820 timuisse,
597 2748 650 2808 sed
673 2756 806 2809 nostram
830 2749 1017 2812 timiditatem
1040 2750 1134 2812 fuisse
1155 2769 1172 2811 a
1196 2749 1351 2810 Salvatorc

114 2851 274 2913 sublatam.
319 2850 357 2910 Ut
386 2850 463 2910 enim
492 2859 589 2909 morte
617 2859 745 2910 mortem
775 2859 805 2910 et
826 2851 967 2912 humanis
990 2852 1075 2914 sactis
1098 2853 1226 2914 bumana
1248 2849 1349 2912 omnia

115 2953 242 3024 delevit,
266 2953 305 3012 ita
327 2951 375 3012 illa
399 2971 452 3012 sua
475 2951 630 3011 timiditate
652 2959 786 3012 nostram
809 2952 974 3031 prostravit
995 2953 1199 3025 timiditatem,
1221 2951 1350 3030 iecitque
1435 3018 1439 3023 Δ

117 3064 152 3115 ut
181 3053 318 3114 homines
346 3062 473 3113 mortem
501 3071 561 3112 non
590 3052 718 3132 arnplius
746 3053 987 3115 reformidarent.
1042 3053 1143 3133 ltaque
1172 3052 1272 3115 omnia
1299 3051 1350 3114 illa

115 3155 209 3217 simul
232 3165 260 3216 et
281 3155 376 3216 aicbat
398 3165 428 3215 et
450 3154 603 3216 efficiebat.
649 3154 800 3215 Humanae
823 3155 904 3215 enim
927 3163 1048 3217 naturae
1071 3163 1155 3217 erant
1176 3152 1350 3217 huiusmodi

116 3274 224 3318 voces:
255 3255 403 3319 Trorrscct
431 3256 513 3318 ccb'm
541 3264 570 3317 ct
603 3255 641 3318 Ut
663 3258 734 3337 quid
754 3275 800 3318 me
823 3256 1036 3338 dereliquisti?
1080 3256 1140 3318 Sed
1162 3257 1228 3338 ipse
1250 3243 1362 3318 diviue'

116 3358 279 3429 efficiebat,
311 3366 343 3419 ut
370 3359 416 3418 sol
438 3358 577 3419 deficeret
599 3367 628 3419 et
650 3357 761 3420 mortui
782 3358 1006 3421 reviviscerent.
1053 3358 1178 3421 Siitem
1200 3365 1235 3419 ut
1255 3358 1346 3441 homo

116 3460 235 3522 aiebat:
257 3460 347 3522 Nunc
368 3464 471 3520 enimc
491 3478 558 3520 mec
580 3460 706 3521 turbato
728 3471 781 3532 cst,
806 3459 881 3520 dixit
902 3461 1015 3540 pariter
1034 3468 1068 3521 ut
1089 3459 1184 3522 Deus:
1207 3459 1350 3522 Potestn-

119 3576 181 3627 tem
203 3562 295 3623 babeo
321 3562 457 3641 ponendi
485 3565 615 3623 enimam
643 3580 755 3638 mecm,
778 3571 814 3623 et
839 3572 1022 3642 potestatem
1045 3561 1138 3624 buben
1159 3564 1273 3624 iterum
1294 3579 1350 3623 ιιι-

117 3748 284 3808 ricuiegitnr:
308 3740 353 3793 καὶ
377 3741 423 3794 διὰ
447 3745 529 3794 τοῦτο
554 3732 588 3805 ἦν
611 3739 708 3802 ἐλθὼν,
762 3748 838 3797 Paulo
862 3756 919 3812 post
943 3749 1030 3808 nerim
1050 3747 1072 3797 l.
1091 3756 1115 3797 et
1131 3748 1231 3810 Segner.
1249 3739 1278 3796 ἐκ
1296 3746 1352 3796 τῶν

117 3790 177 3862 ἇλλῦ
196 3806 282 3862 αὐτοῦ
298 3808 350 3879 μὲν
368 3802 401 3873 ἦν
419 3808 449 3862 τὸ
469 3810 584 3876 certam·
604 3808 647 3861 διὸ
665 3809 711 3862 καὶ
765 3813 871 3881 φωνῶν
888 3807 1002 3864 τούτων.

118 3877 157 3936 ὥς
176 3874 324 3948 ἅνθρωπος
342 3891 387 3932 etc.
794 3882 819 3932 b.
838 3884 895 3945 fleg.
908 3883 929 3933 l.
947 3883 1010 3932 etSe
1029 3896 1080 3933 uer.
1099 3873 1129 3929 oi
1143 3895 1172 3930 τε
1189 3872 1272 3932 ἄλλοι.
1306 3882 1353 3932 etti

155 3952 179 4001 d.
198 3952 238 4000 Sic
250 3952 305 4011 Reg.
318 3951 339 3999 l.
353 3951 451 4012 Seguer.
465 3949 710 4001 contererentur.
763 3943 909 4000 eteditioc‘
930 3941 995 3999 δὲιῖ
1026 3962 1060 3999 ιιι,
1095 3949 1147 3998 Mor
1167 3948 1351 4011 Reg.t.Segu.

120 4019 144 4070 1.
181 4019 260 4069 Ceteri
278 4026 357 4067 autem
376 4028 400 4067 et
418 4019 474 4068 editi
492 4010 624 4080 ἐλέγοντο,
763 4017 861 4068 Gobler.
887 4025 910 4068 et
931 4018 1035 4068 Feletm.
1056 4017 1078 4068 l.
1100 4011 1222 4081 νομίζειν
1245 4007 1352 4069 αὐτούς.

156 4102 178 4135 e.
196 4079 278 4132 πάλιν
303 4086 370 4136 obest
394 4103 405 4135 a
426 4087 498 4146 Regio
520 4089 541 4135 l.
560 4095 583 4134 et
601 4088 711 4146 Sequor,
763 4085 809 4136 etti
828 4094 850 4135 et
869 4086 927 4136 editi
943 4080 1064 4152 νομίζειν
1081 4076 1200 4137 ἑαυτούς.

117 4156 161 4219 qui
188 4155 263 4219 iidem
283 4154 357 4216 puulo
380 4163 437 4217 post
461 4155 549 4202 babent
567 4146 628 4201 idcir
644 4139 713 4216 γοῦν
761 4190 765 4195 .
800 4154 816 4203 i.
842 4144 940 4205 Gobler.
965 4164 989 4205 et
1006 4153 1110 4203 Felcim.
1132 4152 1154 4202 l.
1174 4153 1288 4204 omittunt
1303 4149 1354 4201 τοῦ

116 4219 248 4288 πρᾶγμα,
257 4222 297 4270 ubi
307 4222 347 4269 atii
357 4230 380 4272 et
389 4224 445 4271 editi
456 4214 516 4270 ἰδοὺ
525 4216 579 4287 γὰρ
589 4219 665 4289 πρᾶγ
687 4238 712 4272 α.
763 4213 898 4272 θανάτου.

155 4292 174 4339 t.
194 4291 285 4351 lieet.
305 4290 437 4352 etSeguer.
454 4285 552 4339 λαλεῖν.
578 4291 623 4341 Atii
642 4307 654 4339 e
674 4292 712 4340 iti·
766 4331 769 4337 .
798 4291 820 4340 t.
839 4289 931 4352 Πομ.
950 4290 1084 4352 etSegner.
1102 4277 1188 4342 oritus
1204 4286 1246 4355 τῇ.
1273 4287 1355 4338 deteri

118 4372 170 4424 qne
186 4353 330 4405 λαλοῦντα.
764 4365 789 4408 et
804 4359 861 4408 editi
879 4348 951 4405 obsco
967 4351 1015 4405 καὶ
1030 4355 1072 4424 τῇ.

155 4441 179 4488 q.
198 4426 290 4488 item.
309 4427 409 4487 Segner.
431 4425 527 4475 Gcbier.
540 4427 711 4476 circuunt.
772 4425 816 4478 ,i.
840 4427 881 4475 Sic
898 4427 955 4488 Req.
977 4427 1000 4476 l.
1019 4433 1043 4476 et
1058 4425 1160 4487 Βοιιιιι.
1201 4421 1230 4473 ln
1252 4420 1307 4473 eltis
1329 4429 1356 4474 οι

115 4487 322 4575 unemdacv.
359 4487 711 4551 ttiieteditimc'cxmicec
766 4493 838 4546 editis
854 4487 902 4543 sni
919 4494 995 4547 deest
1082 4516 1085 4521 ·
