<?xml version="1.0" encoding="UTF-8"?>
<!DOCTYPE html PUBLIC "-//W3C//DTD XHTML 1.0 Transitional//EN"
    "http://www.w3.org/TR/xhtml1/DTD/xhtml1-transitional.dtd">
<html xmlns="http://www.w3.org/1999/xhtml" xml:lang="en" lang="en">
 <head>
  <title>
</title>
<meta http-equiv="Content-Type" content="text/html;charset=utf-8" />
  <meta name='ocr-system' content='tesseract 3.04.00' />
  <meta name='ocr-capabilities' content='ocr_page ocr_carea ocr_par ocr_line ocrx_word'/>
</head>
<body>
  <div class='ocr_page' id='page_1' title='image "./sanctiathanasii02athagoog_0562.png"; bbox 0 0 2948 5092; ppageno 0'>
   <div class='ocr_carea' id='block_1_1' title="bbox 478 249 1367 347">
    <p class='ocr_par' dir='ltr' id='par_1_1' title="bbox 478 249 1367 347">
     <span class='ocr_line' id='line_1_1' title="bbox 478 249 1367 347; baseline 0.016 -21"><span class='ocrx_word' id='word_1_1' title='bbox 478 281 602 327; x_wconf 71' lang='lat' dir='ltr'><strong>emmo</strong></span> <span class='ocrx_word' id='word_1_2' title='bbox 617 284 660 328; x_wconf 83' lang='lat' dir='ltr'><strong>ru.</strong></span> <span class='ocrx_word' id='word_1_3' title='bbox 678 285 793 330; x_wconf 81' lang='lat' dir='ltr'><strong>eourm</strong></span> <span class='ocrx_word' id='word_1_4' title='bbox 809 286 945 333; x_wconf 81' lang='lat' dir='ltr'><strong>muros.</strong></span> <span class='ocrx_word' id='word_1_5' title='bbox 1248 280 1311 347; x_wconf 73' lang='lat'><strong>485</strong></span> <span class='ocrx_word' id='word_1_6' title='bbox 1362 249 1367 257; x_wconf 35' lang='lat'><em>⁶</em></span> 
     </span>
    </p>
   </div>
   <div class='ocr_carea' id='block_1_2' title="bbox 10 434 1397 2965">
    <p class='ocr_par' dir='ltr' id='par_1_2' title="bbox 77 434 1397 1031">
     <span class='ocr_line' id='line_1_2' title="bbox 77 434 1397 521; baseline 0.012 -25"><span class='ocrx_word' id='word_1_7' title='bbox 77 453 137 497; x_wconf 86' lang='lat' dir='ltr'><strong>uee</strong></span> <span class='ocrx_word' id='word_1_8' title='bbox 157 434 225 515; x_wconf 83' lang='lat' dir='ltr'><strong>ipae</strong></span> <span class='ocrx_word' id='word_1_9' title='bbox 248 452 299 507; x_wconf 90' lang='lat' dir='ltr'><strong>ea,</strong></span> <span class='ocrx_word' id='word_1_10' title='bbox 322 452 397 515; x_wconf 89' lang='lat' dir='ltr'><strong>quae</strong></span> <span class='ocrx_word' id='word_1_11' title='bbox 419 434 498 508; x_wconf 87' lang='lat' dir='ltr'><strong>dicit,</strong></span> <span class='ocrx_word' id='word_1_12' title='bbox 522 454 578 497; x_wconf 84' lang='lat' dir='ltr'><strong>nee</strong></span> <span class='ocrx_word' id='word_1_13' title='bbox 598 435 636 496; x_wconf 91' lang='lat' dir='ltr'><strong>de</strong></span> <span class='ocrx_word' id='word_1_14' title='bbox 657 435 765 516; x_wconf 90' lang='lat' dir='ltr'><strong>quihus</strong></span> <span class='ocrx_word' id='word_1_15' title='bbox 788 439 940 501; x_wconf 76' lang='lat' dir='ltr'><strong>contendit</strong></span> <span class='ocrx_word' id='word_1_16' title='bbox 960 439 1112 520; x_wconf 76' lang='lat' dir='ltr'><strong>intelligat.</strong></span> <span class='ocrx_word' id='word_1_17' title='bbox 1157 443 1203 506; x_wconf 81' lang='lat' dir='ltr'><strong>Ea&#39;</strong></span> <span class='ocrx_word' id='word_1_18' title='bbox 1221 447 1397 521; x_wconf 72' lang='lat' dir='ltr'><strong>enimuoos</strong></span> 
     </span>
     <span class='ocr_line' id='line_1_3' title="bbox 79 535 1311 630; baseline 0.013 -33"><span class='ocrx_word' id='word_1_19' title='bbox 79 555 158 616; x_wconf 80' lang='lat' dir='ltr'><strong>quoe</strong></span> <span class='ocrx_word' id='word_1_20' title='bbox 178 535 274 598; x_wconf 74' lang='lat' dir='ltr'><strong>mous</strong></span> <span class='ocrx_word' id='word_1_21' title='bbox 296 536 354 598; x_wconf 87' lang='lat' dir='ltr'><strong>soii</strong></span> <span class='ocrx_word' id='word_1_22' title='bbox 376 536 464 610; x_wconf 73' lang='lat' dir='ltr'><strong>Pilio,</strong></span> <span class='ocrx_word' id='word_1_23' title='bbox 485 536 536 616; x_wconf 83' lang='lat' dir='ltr'><strong>qui</strong></span> <span class='ocrx_word' id='word_1_24' title='bbox 551 536 680 599; x_wconf 79' lang='lat' dir='ltr'>Verbum</span> <span class='ocrx_word' id='word_1_25' title='bbox 701 547 731 598; x_wconf 91' lang='lat' dir='ltr'><strong>et</strong></span> <span class='ocrx_word' id='word_1_26' title='bbox 753 539 899 618; x_wconf 78' lang='lat' dir='ltr'><strong>sapientia</strong></span> <span class='ocrx_word' id='word_1_27' title='bbox 914 541 1054 605; x_wconf 82' lang='lat' dir='ltr'><strong>aoPetris</strong></span> <span class='ocrx_word' id='word_1_28' title='bbox 1070 552 1193 608; x_wconf 90' lang='lat' dir='ltr'><strong>naturae</strong></span> <span class='ocrx_word' id='word_1_29' title='bbox 1214 547 1311 630; x_wconf 70' lang='lat' dir='ltr'><strong>imago</strong></span> 
     </span>
     <span class='ocr_line' id='line_1_4' title="bbox 79 637 1311 719; baseline 0.01 -18"><span class='ocrx_word' id='word_1_30' title='bbox 79 647 138 711; x_wconf 85' lang='lat' dir='ltr'><strong>est,</strong></span> <span class='ocrx_word' id='word_1_31' title='bbox 160 638 324 701; x_wconf 76' lang='lat' dir='ltr'><strong>eonvenire</strong></span> <span class='ocrx_word' id='word_1_32' title='bbox 345 646 375 700; x_wconf 92' lang='lat' dir='ltr'><strong>et</strong></span> <span class='ocrx_word' id='word_1_33' title='bbox 396 637 517 719; x_wconf 90' lang='lat' dir='ltr'><strong>propria</strong></span> <span class='ocrx_word' id='word_1_34' title='bbox 540 657 607 701; x_wconf 86' lang='lat' dir='ltr'><strong>esse</strong></span> <span class='ocrx_word' id='word_1_35' title='bbox 630 638 741 713; x_wconf 89' lang='lat' dir='ltr'><strong>doouit,</strong></span> <span class='ocrx_word' id='word_1_36' title='bbox 766 640 823 703; x_wconf 89' lang='lat' dir='ltr'><strong>iste</strong></span> <span class='ocrx_word' id='word_1_37' title='bbox 841 641 932 704; x_wconf 86' lang='lat' dir='ltr'><strong>rebus</strong></span> <span class='ocrx_word' id='word_1_38' title='bbox 948 643 1086 706; x_wconf 88' lang='lat' dir='ltr'><strong>omnibus</strong></span> <span class='ocrx_word' id='word_1_39' title='bbox 1103 649 1209 710; x_wconf 84' lang='lat' dir='ltr'><strong>orestis</strong></span> <span class='ocrx_word' id='word_1_40' title='bbox 1225 651 1311 715; x_wconf 91' lang='lat' dir='ltr'><strong>attri-</strong></span> 
     </span>
     <span class='ocr_line' id='line_1_5' title="bbox 80 735 1391 827; baseline 0.012 -25"><span class='ocrx_word' id='word_1_41' title='bbox 80 741 161 814; x_wconf 82' lang='lat' dir='ltr'><strong>tait,</strong></span> <span class='ocrx_word' id='word_1_42' title='bbox 194 741 314 821; x_wconf 83' lang='lat' dir='ltr'><strong>illisque</strong></span> <span class='ocrx_word' id='word_1_43' title='bbox 336 760 401 804; x_wconf 88' lang='lat' dir='ltr'><strong>eum</strong></span> <span class='ocrx_word' id='word_1_44' title='bbox 424 740 499 802; x_wconf 82' lang='lat' dir='ltr'><strong>Filio</strong></span> <span class='ocrx_word' id='word_1_45' title='bbox 520 742 632 821; x_wconf 76' lang='lat' dir='ltr'><strong>pugnat</strong></span> <span class='ocrx_word' id='word_1_46' title='bbox 653 759 723 803; x_wconf 89' lang='lat' dir='ltr'><strong>esse</strong></span> <span class='ocrx_word' id='word_1_47' title='bbox 751 744 934 821; x_wconf 79' lang='lat' dir='ltr'><strong>eommunia,</strong></span> <span class='ocrx_word' id='word_1_48' title='bbox 963 745 1035 827; x_wconf 86' lang='lat' dir='ltr'><strong>quin</strong></span> <span class='ocrx_word' id='word_1_49' title='bbox 1064 735 1312 817; x_wconf 77' lang='lat' dir='ltr'><strong>etiam&#39;virtutem</strong></span> <span class='ocrx_word' id='word_1_50' title='bbox 1387 778 1391 783; x_wconf 91' lang='lat'>·</span> 
     </span>
     <span class='ocr_line' id='line_1_6' title="bbox 80 841 1312 927; baseline 0.011 -22"><span class='ocrx_word' id='word_1_51' title='bbox 80 841 182 906; x_wconf 75' lang='lat' dir='ltr'><strong>uirtuti</strong></span> <span class='ocrx_word' id='word_1_52' title='bbox 210 841 308 905; x_wconf 79' lang='lat' dir='ltr'><strong>Patris</strong></span> <span class='ocrx_word' id='word_1_53' title='bbox 340 841 485 923; x_wconf 90' lang='lat' dir='ltr'><strong>impertiri</strong></span> <span class='ocrx_word' id='word_1_54' title='bbox 514 841 623 923; x_wconf 86' lang='lat' dir='ltr'><strong>impius</strong></span> <span class='ocrx_word' id='word_1_55' title='bbox 655 852 821 917; x_wconf 77' lang='lat' dir='ltr'><strong>asseverat,</strong></span> <span class='ocrx_word' id='word_1_56' title='bbox 852 854 886 908; x_wconf 92' lang='lat' dir='ltr'><strong>ut</strong></span> <span class='ocrx_word' id='word_1_57' title='bbox 915 865 949 909; x_wconf 83' lang='lat' dir='ltr'><strong>ex</strong></span> <span class='ocrx_word' id='word_1_58' title='bbox 979 847 1068 927; x_wconf 88' lang='lat' dir='ltr'><strong>impia</strong></span> <span class='ocrx_word' id='word_1_59' title='bbox 1090 850 1155 912; x_wconf 92' lang='lat' dir='ltr'><strong>eius</strong></span> <span class='ocrx_word' id='word_1_60' title='bbox 1178 852 1312 919; x_wconf 82' lang='lat' dir='ltr'><strong>doctrino</strong></span> 
     </span>
     <span class='ocr_line' id='line_1_7' title="bbox 82 943 1311 1031; baseline 0.01 -26"><span class='ocrx_word' id='word_1_61' title='bbox 82 945 239 1018; x_wconf 72' lang='lat' dir='ltr'><strong>efficiamur,</strong></span> <span class='ocrx_word' id='word_1_62' title='bbox 259 943 367 1007; x_wconf 81' lang='lat' dir='ltr'><strong>Filium</strong></span> <span class='ocrx_word' id='word_1_63' title='bbox 388 943 419 1006; x_wconf 91' lang='lat' dir='ltr'><strong>in</strong></span> <span class='ocrx_word' id='word_1_64' title='bbox 440 944 501 1006; x_wconf 83' lang='lat' dir='ltr'><strong>ulio</strong></span> <span class='ocrx_word' id='word_1_65' title='bbox 523 946 632 1007; x_wconf 80' lang='lat' dir='ltr'><strong>iactum</strong></span> <span class='ocrx_word' id='word_1_66' title='bbox 655 962 725 1009; x_wconf 84' lang='lat' dir='ltr'><strong>esse</strong></span> <span class='ocrx_word' id='word_1_67' title='bbox 746 945 839 1008; x_wconf 85' lang='lat' dir='ltr'><strong>fllium</strong></span> <span class='ocrx_word' id='word_1_68' title='bbox 863 957 892 1009; x_wconf 89' lang='lat' dir='ltr'><strong>et</strong></span> <span class='ocrx_word' id='word_1_69' title='bbox 906 948 1035 1012; x_wconf 80' lang='lat' dir='ltr'><strong>Verbum</strong></span> <span class='ocrx_word' id='word_1_70' title='bbox 1049 953 1212 1031; x_wconf 86' lang='lat' dir='ltr'><strong>potentiam</strong></span> <span class='ocrx_word' id='word_1_71' title='bbox 1229 955 1311 1025; x_wconf 76' lang='lat' dir='ltr'><strong>serbi</strong></span> 
     </span>
    </p>

    <p class='ocr_par' dir='ltr' id='par_1_3' title="bbox 10 1045 1311 2965">
     <span class='ocr_line' id='line_1_8' title="bbox 10 1045 1311 1141; baseline 0.01 -33"><span class='ocrx_word' id='word_1_72' title='bbox 10 1118 12 1141; x_wconf 36' lang='lat' dir='ltr'>i</span> <span class='ocrx_word' id='word_1_73' title='bbox 82 1046 246 1128; x_wconf 84' lang='lat' dir='ltr'><strong>aeoepisse.</strong></span> <span class='ocrx_word' id='word_1_74' title='bbox 290 1045 352 1109; x_wconf 88' lang='lat' dir='ltr'><strong>Neo</strong></span> <span class='ocrx_word' id='word_1_75' title='bbox 372 1046 442 1108; x_wconf 89' lang='lat' dir='ltr'><strong>item</strong></span> <span class='ocrx_word' id='word_1_76' title='bbox 465 1065 533 1109; x_wconf 90' lang='lat' dir='ltr'><strong>euru</strong></span> <span class='ocrx_word' id='word_1_77' title='bbox 555 1056 587 1109; x_wconf 92' lang='lat' dir='ltr'><strong>ut</strong></span> <span class='ocrx_word' id='word_1_78' title='bbox 608 1047 700 1110; x_wconf 82' lang='lat' dir='ltr'><strong>fllium</strong></span> <span class='ocrx_word' id='word_1_79' title='bbox 722 1046 778 1111; x_wconf 83' lang='lat' dir='ltr'><strong>ista</strong></span> <span class='ocrx_word' id='word_1_80' title='bbox 800 1049 863 1111; x_wconf 84' lang='lat' dir='ltr'><strong>ruit</strong></span> <span class='ocrx_word' id='word_1_81' title='bbox 890 1048 1019 1126; x_wconf 80' lang='lat' dir='ltr'>dixisse,</span> <span class='ocrx_word' id='word_1_82' title='bbox 1052 1053 1105 1115; x_wconf 92' lang='lat' dir='ltr'><strong>sed</strong></span> <span class='ocrx_word' id='word_1_83' title='bbox 1133 1053 1249 1136; x_wconf 90' lang='lat' dir='ltr'><strong>ipsum,</strong></span> <span class='ocrx_word' id='word_1_84' title='bbox 1277 1067 1311 1121; x_wconf 92' lang='lat' dir='ltr'><strong>ut</strong></span> 
     </span>
     <span class='ocr_line' id='line_1_9' title="bbox 82 1148 1311 1232; baseline 0.009 -21"><span class='ocrx_word' id='word_1_85' title='bbox 82 1149 130 1229; x_wconf 79' lang='lat' dir='ltr'><strong>oui</strong></span> <span class='ocrx_word' id='word_1_86' title='bbox 158 1167 195 1211; x_wconf 84' lang='lat' dir='ltr'><strong>ea</strong></span> <span class='ocrx_word' id='word_1_87' title='bbox 223 1166 341 1228; x_wconf 88' lang='lat' dir='ltr'><strong>quoque</strong></span> <span class='ocrx_word' id='word_1_88' title='bbox 370 1148 521 1222; x_wconf 77' lang='lat' dir='ltr'>didicerit,</span> <span class='ocrx_word' id='word_1_89' title='bbox 554 1152 614 1211; x_wconf 81' lang='lat' dir='ltr'><strong>unt</strong></span> <span class='ocrx_word' id='word_1_90' title='bbox 644 1168 710 1212; x_wconf 87' lang='lat' dir='ltr'><strong>mm</strong></span> <span class='ocrx_word' id='word_1_91' title='bbox 738 1150 803 1213; x_wconf 82' lang='lat' dir='ltr'><strong>aliis</strong></span> <span class='ocrx_word' id='word_1_92' title='bbox 834 1152 975 1232; x_wconf 80' lang='lat' dir='ltr'>operibus</span> <span class='ocrx_word' id='word_1_93' title='bbox 998 1153 1131 1218; x_wconf 86' lang='lat' dir='ltr'><strong>oollomt.</strong></span> <span class='ocrx_word' id='word_1_94' title='bbox 1177 1157 1207 1218; x_wconf 90' lang='lat' dir='ltr'><strong>Si</strong></span> <span class='ocrx_word' id='word_1_95' title='bbox 1231 1156 1311 1223; x_wconf 89' lang='lat' dir='ltr'><strong>euim</strong></span> 
     </span>
     <span class='ocr_line' id='line_1_10' title="bbox 81 1250 1311 1332; baseline 0.01 -20"><span class='ocrx_word' id='word_1_96' title='bbox 81 1259 242 1332; x_wconf 84' lang='lat' dir='ltr'><strong>propterea</strong></span> <span class='ocrx_word' id='word_1_97' title='bbox 269 1250 347 1330; x_wconf 84' lang='lat' dir='ltr'><strong>quod</strong></span> <span class='ocrx_word' id='word_1_98' title='bbox 375 1250 480 1325; x_wconf 82' lang='lat' dir='ltr'><strong>verba,</strong></span> <span class='ocrx_word' id='word_1_99' title='bbox 513 1270 587 1330; x_wconf 87' lang='lat' dir='ltr'><strong>quae</strong></span> <span class='ocrx_word' id='word_1_100' title='bbox 615 1252 786 1332; x_wconf 82' lang='lat' dir='ltr'><strong>proterebat</strong></span> <span class='ocrx_word' id='word_1_101' title='bbox 813 1253 921 1328; x_wconf 80' lang='lat' dir='ltr'><strong>Filius,</strong></span> <span class='ocrx_word' id='word_1_102' title='bbox 955 1274 1016 1318; x_wconf 91' lang='lat' dir='ltr'><strong>non</strong></span> <span class='ocrx_word' id='word_1_103' title='bbox 1046 1257 1110 1320; x_wconf 88' lang='lat' dir='ltr'><strong>eius</strong></span> <span class='ocrx_word' id='word_1_104' title='bbox 1134 1271 1235 1322; x_wconf 88' lang='lat' dir='ltr'><strong>essent</strong></span> <span class='ocrx_word' id='word_1_105' title='bbox 1256 1260 1311 1325; x_wconf 88' lang='lat' dir='ltr'><strong>sed</strong></span> 
     </span>
     <span class='ocr_line' id='line_1_11' title="bbox 81 1340 1311 1436; baseline 0.011 -22"><span class='ocrx_word' id='word_1_106' title='bbox 81 1351 197 1426; x_wconf 83' lang='lat' dir='ltr'><strong>Patris,</strong></span> <span class='ocrx_word' id='word_1_107' title='bbox 225 1360 261 1414; x_wconf 92' lang='lat' dir='ltr'><strong>ut</strong></span> <span class='ocrx_word' id='word_1_108' title='bbox 282 1362 312 1415; x_wconf 92' lang='lat' dir='ltr'><strong>et</strong></span> <span class='ocrx_word' id='word_1_109' title='bbox 333 1365 441 1433; x_wconf 84' lang='lat' dir='ltr'><strong>opera,</strong></span> <span class='ocrx_word' id='word_1_110' title='bbox 471 1352 581 1415; x_wconf 87' lang='lat' dir='ltr'><strong>ideireo</strong></span> <span class='ocrx_word' id='word_1_111' title='bbox 603 1353 736 1416; x_wconf 76' lang='lat' dir='ltr'><strong>dicebat:</strong></span> <span class='ocrx_word' id='word_1_112' title='bbox 770 1354 831 1436; x_wconf 78' lang='lat' dir='ltr'><strong>Epo</strong></span> <span class='ocrx_word' id='word_1_113' title='bbox 853 1359 886 1418; x_wconf 83' lang='lat' dir='ltr'><strong>io</strong></span> <span class='ocrx_word' id='word_1_114' title='bbox 909 1356 1016 1430; x_wconf 83' lang='lat' dir='ltr'><strong>Putre,</strong></span> <span class='ocrx_word' id='word_1_115' title='bbox 1047 1340 1076 1421; x_wconf 76' lang='lat' dir='ltr'><strong>et</strong></span> <span class='ocrx_word' id='word_1_116' title='bbox 1097 1359 1189 1423; x_wconf 78' lang='lat' dir='ltr'><strong>Potor</strong></span> <span class='ocrx_word' id='word_1_117' title='bbox 1211 1365 1243 1423; x_wconf 77' lang='lat' dir='ltr'><strong>is</strong></span> <span class='ocrx_word' id='word_1_118' title='bbox 1264 1380 1311 1427; x_wconf 84' lang='lat' dir='ltr'><strong>me</strong></span> 
     </span>
     <span class='ocr_line' id='line_1_12' title="bbox 83 1453 1310 1542; baseline 0.007 -23"><span class='ocrx_word' id='word_1_119' title='bbox 83 1467 132 1528; x_wconf 78' lang='lat' dir='ltr'><strong>ut,</strong></span> <span class='ocrx_word' id='word_1_120' title='bbox 155 1472 225 1517; x_wconf 87' lang='lat' dir='ltr'><strong>otrm</strong></span> <span class='ocrx_word' id='word_1_121' title='bbox 246 1453 313 1535; x_wconf 85' lang='lat' dir='ltr'><strong>ipse</strong></span> <span class='ocrx_word' id='word_1_122' title='bbox 336 1473 454 1536; x_wconf 89' lang='lat' dir='ltr'><strong>quoque</strong></span> <span class='ocrx_word' id='word_1_123' title='bbox 476 1454 568 1516; x_wconf 79' lang='lat' dir='ltr'><strong>David</strong></span> <span class='ocrx_word' id='word_1_124' title='bbox 590 1455 685 1517; x_wconf 83' lang='lat' dir='ltr'><strong>diest:</strong></span> <span class='ocrx_word' id='word_1_125' title='bbox 719 1456 846 1519; x_wconf 77' lang='lat' dir='ltr'><strong>Audiam</strong></span> <span class='ocrx_word' id='word_1_126' title='bbox 868 1459 941 1538; x_wconf 76' lang='lat' dir='ltr'><strong>quid</strong></span> <span class='ocrx_word' id='word_1_127' title='bbox 961 1459 1103 1542; x_wconf 74' lang='lat' dir='ltr'><strong>loquetur</strong></span> <span class='ocrx_word' id='word_1_128' title='bbox 1124 1466 1156 1523; x_wconf 86' lang='lat' dir='ltr'><strong>io</strong></span> <span class='ocrx_word' id='word_1_129' title='bbox 1177 1481 1223 1524; x_wconf 85' lang='lat' dir='ltr'><strong>ore</strong></span> <span class='ocrx_word' id='word_1_130' title='bbox 1243 1463 1310 1526; x_wconf 84' lang='lat' dir='ltr'><strong>Do-</strong></span> 
     </span>
     <span class='ocr_line' id='line_1_13' title="bbox 82 1556 1308 1635; baseline 0.005 -15"><span class='ocrx_word' id='word_1_131' title='bbox 82 1562 180 1621; x_wconf 67' lang='lat' dir='ltr'><strong>m</strong></span> <span class='ocrx_word' id='word_1_132' title='bbox 203 1557 296 1635; x_wconf 72' lang='lat' dir='ltr'><strong>Deus,</strong></span> <span class='ocrx_word' id='word_1_133' title='bbox 320 1565 350 1618; x_wconf 90' lang='lat' dir='ltr'><strong>et</strong></span> <span class='ocrx_word' id='word_1_134' title='bbox 371 1557 529 1619; x_wconf 90' lang='lat' dir='ltr'><strong>Salomon:</strong></span> <span class='ocrx_word' id='word_1_135' title='bbox 552 1556 714 1621; x_wconf 72' lang='lat' dir='ltr'><strong>Sermones</strong></span> <span class='ocrx_word' id='word_1_136' title='bbox 735 1563 796 1620; x_wconf 82' lang='lat' dir='ltr'><strong>mei</strong></span> <span class='ocrx_word' id='word_1_137' title='bbox 815 1559 912 1622; x_wconf 82' lang='lat' dir='ltr'><strong>oiieo</strong></span> <span class='ocrx_word' id='word_1_138' title='bbox 937 1561 1011 1623; x_wconf 84' lang='lat' dir='ltr'><strong>dicti</strong></span> <span class='ocrx_word' id='word_1_139' title='bbox 1029 1572 1111 1631; x_wconf 83' lang='lat' dir='ltr'><strong>ruat.</strong></span> <span class='ocrx_word' id='word_1_140' title='bbox 1135 1581 1201 1624; x_wconf 86' lang='lat' dir='ltr'><strong>cum</strong></span> <span class='ocrx_word' id='word_1_141' title='bbox 1223 1562 1308 1627; x_wconf 89' lang='lat' dir='ltr'><strong>simi·</strong></span> 
     </span>
     <span class='ocr_line' id='line_1_14' title="bbox 82 1657 1310 1746; baseline 0.008 -25"><span class='ocrx_word' id='word_1_142' title='bbox 82 1657 147 1722; x_wconf 86' lang='lat' dir='ltr'><strong>liter</strong></span> <span class='ocrx_word' id='word_1_143' title='bbox 172 1657 294 1740; x_wconf 65' lang='lat' dir='ltr'><strong>Nosses</strong></span> <span class='ocrx_word' id='word_1_144' title='bbox 322 1677 496 1721; x_wconf 80' lang='lat' dir='ltr'><strong>sermonum</strong></span> <span class='ocrx_word' id='word_1_145' title='bbox 524 1657 578 1720; x_wconf 81' lang='lat' dir='ltr'><strong>Dei</strong></span> <span class='ocrx_word' id='word_1_146' title='bbox 606 1658 781 1721; x_wconf 79' lang='lat' dir='ltr'>administer</span> <span class='ocrx_word' id='word_1_147' title='bbox 809 1661 917 1735; x_wconf 81' lang='lat' dir='ltr'><strong>tuerit,</strong></span> <span class='ocrx_word' id='word_1_148' title='bbox 948 1661 1114 1744; x_wconf 81' lang='lat' dir='ltr'>singulique</span> <span class='ocrx_word' id='word_1_149' title='bbox 1142 1665 1310 1746; x_wconf 77' lang='lat' dir='ltr'><strong>Prophetas</strong></span> 
     </span>
     <span class='ocr_line' id='line_1_15' title="bbox 82 1748 1311 1842; baseline 0.007 -19"><span class='ocrx_word' id='word_1_150' title='bbox 82 1779 138 1824; x_wconf 87' lang='lat' dir='ltr'><strong>uon</strong></span> <span class='ocrx_word' id='word_1_151' title='bbox 159 1760 284 1842; x_wconf 85' lang='lat' dir='ltr'><strong>propria</strong></span> <span class='ocrx_word' id='word_1_152' title='bbox 305 1761 358 1823; x_wconf 87' lang='lat' dir='ltr'><strong>sed</strong></span> <span class='ocrx_word' id='word_1_153' title='bbox 380 1760 433 1823; x_wconf 87' lang='lat' dir='ltr'><strong>Dei</strong></span> <span class='ocrx_word' id='word_1_154' title='bbox 455 1748 544 1823; x_wconf 73' lang='lat' dir='ltr'><strong>ve&#39;rbe</strong></span> <span class='ocrx_word' id='word_1_155' title='bbox 567 1761 825 1837; x_wconf 82' lang='lat' dir='ltr'><strong>annunciaverint,</strong></span> <span class='ocrx_word' id='word_1_156' title='bbox 857 1764 936 1825; x_wconf 90' lang='lat' dir='ltr'><strong>uude</strong></span> <span class='ocrx_word' id='word_1_157' title='bbox 964 1763 1094 1827; x_wconf 82' lang='lat' dir='ltr'><strong>aiebant:</strong></span> <span class='ocrx_word' id='word_1_158' title='bbox 1129 1765 1210 1828; x_wconf 81' lang='lat' dir='ltr'><strong>Hoeo</strong></span> <span class='ocrx_word' id='word_1_159' title='bbox 1238 1767 1311 1831; x_wconf 76' lang='lat' dir='ltr'><strong>didit</strong></span> 
     </span>
     <span class='ocr_line' id='line_1_16' title="bbox 82 1861 1310 1944; baseline 0.009 -20"><span class='ocrx_word' id='word_1_160' title='bbox 82 1861 243 1936; x_wconf 56' lang='lat' dir='ltr'><strong>timaus,</strong></span> <span class='ocrx_word' id='word_1_161' title='bbox 273 1882 339 1926; x_wconf 86' lang='lat' dir='ltr'><strong>eum</strong></span> <span class='ocrx_word' id='word_1_162' title='bbox 368 1864 438 1924; x_wconf 90' lang='lat' dir='ltr'><strong>item</strong></span> <span class='ocrx_word' id='word_1_163' title='bbox 462 1881 553 1944; x_wconf 87' lang='lat' dir='ltr'><strong>opera</strong></span> <span class='ocrx_word' id='word_1_164' title='bbox 575 1863 657 1943; x_wconf 87' lang='lat' dir='ltr'><strong>ipsa,</strong></span> <span class='ocrx_word' id='word_1_165' title='bbox 685 1882 760 1944; x_wconf 88' lang='lat' dir='ltr'><strong>quae</strong></span> <span class='ocrx_word' id='word_1_166' title='bbox 783 1866 881 1927; x_wconf 84' lang='lat' dir='ltr'><strong>Sancti</strong></span> <span class='ocrx_word' id='word_1_167' title='bbox 911 1866 1051 1938; x_wconf 83' lang='lat' dir='ltr'><strong>etieoere,</strong></span> <span class='ocrx_word' id='word_1_168' title='bbox 1083 1885 1141 1928; x_wconf 92' lang='lat' dir='ltr'><strong>noo</strong></span> <span class='ocrx_word' id='word_1_169' title='bbox 1164 1887 1219 1930; x_wconf 89' lang='lat' dir='ltr'><strong>sua</strong></span> <span class='ocrx_word' id='word_1_170' title='bbox 1241 1886 1310 1935; x_wconf 77' lang='lat' dir='ltr'><strong>osse</strong></span> 
     </span>
     <span class='ocr_line' id='line_1_17' title="bbox 82 1964 1309 2050; baseline 0.001 -21"><span class='ocrx_word' id='word_1_171' title='bbox 82 1965 129 2029; x_wconf 78' lang='lat' dir='ltr'><strong>red</strong></span> <span class='ocrx_word' id='word_1_172' title='bbox 150 1965 206 2028; x_wconf 82' lang='lat' dir='ltr'><strong>nei</strong></span> <span class='ocrx_word' id='word_1_173' title='bbox 227 1965 368 2029; x_wconf 84' lang='lat' dir='ltr'><strong>rirmtem</strong></span> <span class='ocrx_word' id='word_1_174' title='bbox 389 1964 606 2046; x_wconf 86' lang='lat' dir='ltr'><strong>suppeditantis</strong></span> <span class='ocrx_word' id='word_1_175' title='bbox 629 1965 815 2042; x_wconf 79' lang='lat' dir='ltr'><strong>affirmarim,</strong></span> <span class='ocrx_word' id='word_1_176' title='bbox 837 1974 871 2029; x_wconf 90' lang='lat' dir='ltr'><strong>ut</strong></span> <span class='ocrx_word' id='word_1_177' title='bbox 892 1985 927 2029; x_wconf 84' lang='lat' dir='ltr'><strong>ex</strong></span> <span class='ocrx_word' id='word_1_178' title='bbox 943 1966 1005 2029; x_wconf 83' lang='lat' dir='ltr'><strong>Elia</strong></span> <span class='ocrx_word' id='word_1_179' title='bbox 1028 1975 1058 2029; x_wconf 92' lang='lat' dir='ltr'><strong>et</strong></span> <span class='ocrx_word' id='word_1_180' title='bbox 1079 1968 1196 2033; x_wconf 82' lang='lat' dir='ltr'><strong>Elisaeo</strong></span> <span class='ocrx_word' id='word_1_181' title='bbox 1218 1976 1309 2050; x_wconf 84' lang='lat' dir='ltr'><strong>patet,</strong></span> 
     </span>
     <span class='ocr_line' id='line_1_18' title="bbox 82 2066 1308 2149; baseline 0.004 -20"><span class='ocrx_word' id='word_1_182' title='bbox 82 2066 125 2148; x_wconf 75' lang='lat' dir='ltr'><strong>qm’</strong></span> <span class='ocrx_word' id='word_1_183' title='bbox 148 2067 245 2130; x_wconf 63' lang='lat' dir='ltr'><strong>mum</strong></span> <span class='ocrx_word' id='word_1_184' title='bbox 267 2067 456 2140; x_wconf 78' lang='lat' dir='ltr'><strong>inroravere,</strong></span> <span class='ocrx_word' id='word_1_185' title='bbox 479 2074 513 2129; x_wconf 90' lang='lat' dir='ltr'><strong>ut</strong></span> <span class='ocrx_word' id='word_1_186' title='bbox 534 2075 670 2130; x_wconf 90' lang='lat' dir='ltr'><strong>mortuos</strong></span> <span class='ocrx_word' id='word_1_187' title='bbox 692 2069 758 2149; x_wconf 91' lang='lat' dir='ltr'><strong>ipse</strong></span> <span class='ocrx_word' id='word_1_188' title='bbox 781 2067 939 2141; x_wconf 83' lang='lat' dir='ltr'><strong>excitaret,</strong></span> <span class='ocrx_word' id='word_1_189' title='bbox 968 2069 1049 2131; x_wconf 90' lang='lat' dir='ltr'><strong>unde</strong></span> <span class='ocrx_word' id='word_1_190' title='bbox 1071 2069 1148 2131; x_wconf 89' lang='lat' dir='ltr'><strong>idem</strong></span> <span class='ocrx_word' id='word_1_191' title='bbox 1172 2069 1308 2135; x_wconf 84' lang='lat' dir='ltr'><strong>Elisaeus</strong></span> 
     </span>
     <span class='ocr_line' id='line_1_19' title="bbox 80 2168 1310 2250; baseline 0.004 -18"><span class='ocrx_word' id='word_1_192' title='bbox 80 2179 235 2250; x_wconf 80' lang='lat' dir='ltr'><strong>postquam</strong></span> <span class='ocrx_word' id='word_1_193' title='bbox 258 2168 396 2231; x_wconf 88' lang='lat' dir='ltr'><strong>Naamani</strong></span> <span class='ocrx_word' id='word_1_194' title='bbox 419 2169 533 2249; x_wconf 89' lang='lat' dir='ltr'><strong>lepram</strong></span> <span class='ocrx_word' id='word_1_195' title='bbox 554 2177 706 2244; x_wconf 83' lang='lat' dir='ltr'><strong>sanasset,</strong></span> <span class='ocrx_word' id='word_1_196' title='bbox 735 2169 761 2231; x_wconf 87' lang='lat' dir='ltr'><strong>ei</strong></span> <span class='ocrx_word' id='word_1_197' title='bbox 785 2170 872 2232; x_wconf 85' lang='lat' dir='ltr'><strong>dixit:</strong></span> <span class='ocrx_word' id='word_1_198' title='bbox 910 2169 1048 2234; x_wconf 79' lang='lat' dir='ltr'><strong>Urseius</strong></span> <span class='ocrx_word' id='word_1_199' title='bbox 1071 2190 1136 2234; x_wconf 83' lang='lat' dir='ltr'><strong>ease</strong></span> <span class='ocrx_word' id='word_1_200' title='bbox 1158 2171 1254 2234; x_wconf 81' lang='lat' dir='ltr'><strong>Deum</strong></span> <span class='ocrx_word' id='word_1_201' title='bbox 1276 2175 1310 2237; x_wconf 82' lang='lat' dir='ltr'><strong>itt</strong></span> 
     </span>
     <span class='ocr_line' id='line_1_20' title="bbox 79 2269 1307 2352; baseline 0.002 -21"><span class='ocrx_word' id='word_1_202' title='bbox 79 2269 188 2345; x_wconf 77' lang='lat' dir='ltr'><strong>israel,</strong></span> <span class='ocrx_word' id='word_1_203' title='bbox 212 2269 332 2333; x_wconf 86' lang='lat' dir='ltr'><strong>Samuel</strong></span> <span class='ocrx_word' id='word_1_204' title='bbox 353 2289 472 2352; x_wconf 86' lang='lat' dir='ltr'><strong>quoque</strong></span> <span class='ocrx_word' id='word_1_205' title='bbox 493 2272 603 2334; x_wconf 90' lang='lat' dir='ltr'><strong>messis</strong></span> <span class='ocrx_word' id='word_1_206' title='bbox 626 2280 760 2352; x_wconf 90' lang='lat' dir='ltr'><strong>tempore</strong></span> <span class='ocrx_word' id='word_1_207' title='bbox 776 2271 869 2334; x_wconf 85' lang='lat' dir='ltr'><strong>Deum</strong></span> <span class='ocrx_word' id='word_1_208' title='bbox 892 2281 926 2335; x_wconf 93' lang='lat' dir='ltr'><strong>ut</strong></span> <span class='ocrx_word' id='word_1_209' title='bbox 946 2271 1073 2351; x_wconf 86' lang='lat' dir='ltr'><strong>pluviam</strong></span> <span class='ocrx_word' id='word_1_210' title='bbox 1097 2273 1182 2335; x_wconf 86' lang='lat' dir='ltr'><strong>daret</strong></span> <span class='ocrx_word' id='word_1_211' title='bbox 1203 2272 1307 2347; x_wconf 84' lang='lat' dir='ltr'><strong>orarit,</strong></span> 
     </span>
     <span class='ocr_line' id='line_1_21' title="bbox 77 2370 1307 2455; baseline 0.002 -22"><span class='ocrx_word' id='word_1_212' title='bbox 77 2370 212 2454; x_wconf 73' lang='lat' dir='ltr'><strong>Apostoli</strong></span> <span class='ocrx_word' id='word_1_213' title='bbox 234 2373 362 2454; x_wconf 88' lang='lat' dir='ltr'><strong>denique</strong></span> <span class='ocrx_word' id='word_1_214' title='bbox 385 2392 501 2435; x_wconf 89' lang='lat' dir='ltr'><strong>senon</strong></span> <span class='ocrx_word' id='word_1_215' title='bbox 523 2374 645 2454; x_wconf 89' lang='lat' dir='ltr'><strong>propria</strong></span> <span class='ocrx_word' id='word_1_216' title='bbox 673 2374 781 2436; x_wconf 83' lang='lat' dir='ltr'><strong>virtute</strong></span> <span class='ocrx_word' id='word_1_217' title='bbox 809 2374 862 2436; x_wconf 89' lang='lat' dir='ltr'><strong>sed</strong></span> <span class='ocrx_word' id='word_1_218' title='bbox 885 2374 938 2436; x_wconf 81' lang='lat' dir='ltr'><strong>Dei</strong></span> <span class='ocrx_word' id='word_1_219' title='bbox 961 2375 1053 2454; x_wconf 80' lang='lat' dir='ltr'><strong>gratie</strong></span> <span class='ocrx_word' id='word_1_220' title='bbox 1076 2375 1160 2454; x_wconf 78' lang='lat' dir='ltr'><strong>signa</strong></span> <span class='ocrx_word' id='word_1_221' title='bbox 1182 2383 1213 2437; x_wconf 89' lang='lat' dir='ltr'><strong>et</strong></span> <span class='ocrx_word' id='word_1_222' title='bbox 1234 2393 1307 2455; x_wconf 93' lang='lat' dir='ltr'><strong>pro-</strong></span> 
     </span>
     <span class='ocr_line' id='line_1_22' title="bbox 75 2474 1307 2558; baseline -0.001 -20"><span class='ocrx_word' id='word_1_223' title='bbox 75 2475 152 2558; x_wconf 59' lang='lat' dir='ltr'><strong>dina</strong></span> <span class='ocrx_word' id='word_1_224' title='bbox 173 2477 274 2538; x_wconf 80' lang='lat' dir='ltr'><strong>faeere</strong></span> <span class='ocrx_word' id='word_1_225' title='bbox 296 2475 478 2551; x_wconf 78' lang='lat' dir='ltr'><strong>fatebantur3</strong></span> <span class='ocrx_word' id='word_1_226' title='bbox 510 2496 545 2538; x_wconf 85' lang='lat' dir='ltr'><strong>ex</strong></span> <span class='ocrx_word' id='word_1_227' title='bbox 567 2475 632 2551; x_wconf 90' lang='lat' dir='ltr'><strong>his,</strong></span> <span class='ocrx_word' id='word_1_228' title='bbox 654 2476 791 2556; x_wconf 90' lang='lat' dir='ltr'><strong>iuquam,</strong></span> <span class='ocrx_word' id='word_1_229' title='bbox 815 2476 942 2538; x_wconf 84' lang='lat' dir='ltr'><strong>dilucide</strong></span> <span class='ocrx_word' id='word_1_230' title='bbox 966 2475 1128 2539; x_wconf 90' lang='lat' dir='ltr'><strong>seeundum</strong></span> <span class='ocrx_word' id='word_1_231' title='bbox 1151 2474 1232 2537; x_wconf 86' lang='lat' dir='ltr'><strong>iilum</strong></span> <span class='ocrx_word' id='word_1_232' title='bbox 1256 2493 1307 2538; x_wconf 91' lang='lat' dir='ltr'><strong>se·</strong></span> 
     </span>
     <span class='ocr_line' id='line_1_23' title="bbox 74 2576 1308 2659; baseline 0 -21"><span class='ocrx_word' id='word_1_233' title='bbox 74 2579 186 2659; x_wconf 80' lang='lat' dir='ltr'><strong>quitur,</strong></span> <span class='ocrx_word' id='word_1_234' title='bbox 210 2595 314 2640; x_wconf 86' lang='lat' dir='ltr'><strong>rocem</strong></span> <span class='ocrx_word' id='word_1_235' title='bbox 336 2578 506 2640; x_wconf 90' lang='lat' dir='ltr'><strong>huiusmodi</strong></span> <span class='ocrx_word' id='word_1_236' title='bbox 530 2578 662 2640; x_wconf 90' lang='lat' dir='ltr'><strong>omnium</strong></span> <span class='ocrx_word' id='word_1_237' title='bbox 679 2596 798 2658; x_wconf 84' lang='lat' dir='ltr'><strong>quoque</strong></span> <span class='ocrx_word' id='word_1_238' title='bbox 817 2597 884 2640; x_wconf 89' lang='lat' dir='ltr'><strong>esse</strong></span> <span class='ocrx_word' id='word_1_239' title='bbox 900 2595 1096 2650; x_wconf 86' lang='lat' dir='ltr'><strong>communem,</strong></span> <span class='ocrx_word' id='word_1_240' title='bbox 1114 2576 1308 2655; x_wconf 78' lang='lat' dir='ltr'><strong>singulosque</strong></span> 
     </span>
     <span class='ocr_line' id='line_1_24' title="bbox 69 2676 1308 2762; baseline -0.002 -19"><span class='ocrx_word' id='word_1_241' title='bbox 69 2696 169 2757; x_wconf 83' lang='lat' dir='ltr'><strong>posse</strong></span> <span class='ocrx_word' id='word_1_242' title='bbox 197 2679 311 2741; x_wconf 84' lang='lat' dir='ltr'><strong>dicere:</strong></span> <span class='ocrx_word' id='word_1_243' title='bbox 345 2680 407 2762; x_wconf 78' lang='lat' dir='ltr'><strong>Epo</strong></span> <span class='ocrx_word' id='word_1_244' title='bbox 436 2684 468 2742; x_wconf 82' lang='lat' dir='ltr'><strong>iu</strong></span> <span class='ocrx_word' id='word_1_245' title='bbox 496 2679 606 2752; x_wconf 86' lang='lat' dir='ltr'><strong>Putre,</strong></span> <span class='ocrx_word' id='word_1_246' title='bbox 637 2691 666 2742; x_wconf 88' lang='lat' dir='ltr'><strong>et</strong></span> <span class='ocrx_word' id='word_1_247' title='bbox 693 2679 787 2741; x_wconf 81' lang='lat' dir='ltr'><strong>Potor</strong></span> <span class='ocrx_word' id='word_1_248' title='bbox 815 2684 848 2742; x_wconf 79' lang='lat' dir='ltr'><strong>is</strong></span> <span class='ocrx_word' id='word_1_249' title='bbox 868 2698 914 2740; x_wconf 83' lang='lat' dir='ltr'><strong>me</strong></span> <span class='ocrx_word' id='word_1_250' title='bbox 937 2688 994 2750; x_wconf 87' lang='lat' dir='ltr'><strong>est,</strong></span> <span class='ocrx_word' id='word_1_251' title='bbox 1024 2697 1079 2739; x_wconf 89' lang='lat' dir='ltr'><strong>neo</strong></span> <span class='ocrx_word' id='word_1_252' title='bbox 1099 2676 1226 2757; x_wconf 86' lang='lat' dir='ltr'><strong>proinde</strong></span> <span class='ocrx_word' id='word_1_253' title='bbox 1248 2677 1308 2741; x_wconf 88' lang='lat' dir='ltr'><strong>iam</strong></span> 
     </span>
     <span class='ocr_line' id='line_1_25' title="bbox 70 2779 1305 2860; baseline -0.002 -17"><span class='ocrx_word' id='word_1_254' title='bbox 70 2798 169 2846; x_wconf 88' lang='lat' dir='ltr'><strong>unum</strong></span> <span class='ocrx_word' id='word_1_255' title='bbox 192 2781 273 2843; x_wconf 89' lang='lat' dir='ltr'><strong>hune</strong></span> <span class='ocrx_word' id='word_1_256' title='bbox 294 2799 362 2843; x_wconf 90' lang='lat' dir='ltr'><strong>esse</strong></span> <span class='ocrx_word' id='word_1_257' title='bbox 383 2780 436 2842; x_wconf 74' lang='lat' dir='ltr'><strong>[tei</strong></span> <span class='ocrx_word' id='word_1_258' title='bbox 458 2780 564 2843; x_wconf 82' lang='lat' dir='ltr'><strong>Filium</strong></span> <span class='ocrx_word' id='word_1_259' title='bbox 587 2789 617 2843; x_wconf 91' lang='lat' dir='ltr'><strong>et</strong></span> <span class='ocrx_word' id='word_1_260' title='bbox 638 2779 767 2843; x_wconf 85' lang='lat' dir='ltr'><strong>Verbum</strong></span> <span class='ocrx_word' id='word_1_261' title='bbox 785 2800 820 2843; x_wconf 91' lang='lat' dir='ltr'><strong>ao</strong></span> <span class='ocrx_word' id='word_1_262' title='bbox 834 2780 1025 2860; x_wconf 88' lang='lat' dir='ltr'><strong>Sapientiam,</strong></span> <span class='ocrx_word' id='word_1_263' title='bbox 1048 2779 1100 2841; x_wconf 89' lang='lat' dir='ltr'><strong>sed</strong></span> <span class='ocrx_word' id='word_1_264' title='bbox 1124 2798 1192 2841; x_wconf 92' lang='lat' dir='ltr'><strong>eum</strong></span> <span class='ocrx_word' id='word_1_265' title='bbox 1214 2797 1305 2841; x_wconf 91' lang='lat' dir='ltr'><strong>uuum</strong></span> 
     </span>
     <span class='ocr_line' id='line_1_26' title="bbox 68 2883 478 2965; baseline -0.007 -18"><span class='ocrx_word' id='word_1_266' title='bbox 68 2901 197 2965; x_wconf 87' lang='lat' dir='ltr'><strong>quoque</strong></span> <span class='ocrx_word' id='word_1_267' title='bbox 220 2901 256 2946; x_wconf 87' lang='lat' dir='ltr'><strong>ex</strong></span> <span class='ocrx_word' id='word_1_268' title='bbox 278 2883 378 2945; x_wconf 76' lang='lat' dir='ltr'><strong>meritis</strong></span> <span class='ocrx_word' id='word_1_269' title='bbox 401 2902 478 2944; x_wconf 87' lang='lat' dir='ltr'><strong>esse.</strong></span> 
     </span>
    </p>
   </div>
   <div class='ocr_carea' id='block_1_3' title="bbox 54 3181 1419 3573">
    <p class='ocr_par' dir='ltr' id='par_1_4' title="bbox 54 3181 1419 3573">
     <span class='ocr_line' id='line_1_27' title="bbox 162 3181 1308 3265; baseline -0.003 -15"><span class='ocrx_word' id='word_1_270' title='bbox 162 3188 193 3250; x_wconf 82' lang='grc'><strong>3.</strong></span> <span class='ocrx_word' id='word_1_271' title='bbox 238 3185 327 3265; x_wconf 75' lang='lat' dir='ltr'><strong>Atqui</strong></span> <span class='ocrx_word' id='word_1_272' title='bbox 350 3187 376 3247; x_wconf 91' lang='lat' dir='ltr'><strong>si</strong></span> <span class='ocrx_word' id='word_1_273' title='bbox 398 3186 472 3248; x_wconf 88' lang='lat' dir='ltr'><strong>haee</strong></span> <span class='ocrx_word' id='word_1_274' title='bbox 493 3195 576 3248; x_wconf 88' lang='lat' dir='ltr'><strong>esset</strong></span> <span class='ocrx_word' id='word_1_275' title='bbox 596 3185 758 3248; x_wconf 83' lang='lat' dir='ltr'><strong>verborum</strong></span> <span class='ocrx_word' id='word_1_276' title='bbox 773 3184 892 3246; x_wconf 80' lang='lat' dir='ltr'><strong>Iiomini</strong></span> <span class='ocrx_word' id='word_1_277' title='bbox 915 3181 1069 3253; x_wconf 89' lang='lat' dir='ltr'><strong>sententia,</strong></span> <span class='ocrx_word' id='word_1_278' title='bbox 1092 3198 1153 3243; x_wconf 88' lang='lat' dir='ltr'><strong>non</strong></span> <span class='ocrx_word' id='word_1_279' title='bbox 1177 3183 1216 3243; x_wconf 90' lang='lat' dir='ltr'><strong>ita</strong></span> <span class='ocrx_word' id='word_1_280' title='bbox 1238 3202 1308 3246; x_wconf 91' lang='lat' dir='ltr'><strong>eum</strong></span> 
     </span>
     <span class='ocr_line' id='line_1_28' title="bbox 56 3276 1419 3370; baseline 0 -22"><span class='ocrx_word' id='word_1_281' title='bbox 56 3276 157 3367; x_wconf 82' lang='lat' dir='ltr'><strong>loqui</strong></span> <span class='ocrx_word' id='word_1_282' title='bbox 180 3287 380 3367; x_wconf 89' lang='lat' dir='ltr'><strong>oportuisset:</strong></span> <span class='ocrx_word' id='word_1_283' title='bbox 410 3288 472 3370; x_wconf 79' lang='lat' dir='ltr'><strong>Epo</strong></span> <span class='ocrx_word' id='word_1_284' title='bbox 495 3292 527 3350; x_wconf 77' lang='lat' dir='ltr'><strong>r&#39;o</strong></span> <span class='ocrx_word' id='word_1_285' title='bbox 549 3289 642 3350; x_wconf 86' lang='lat' dir='ltr'><strong>Putre</strong></span> <span class='ocrx_word' id='word_1_286' title='bbox 664 3300 692 3352; x_wconf 85' lang='lat' dir='ltr'><strong>et</strong></span> <span class='ocrx_word' id='word_1_287' title='bbox 713 3287 806 3350; x_wconf 85' lang='lat' dir='ltr'><strong>Peter</strong></span> <span class='ocrx_word' id='word_1_288' title='bbox 827 3292 860 3349; x_wconf 84' lang='lat' dir='ltr'><strong>io</strong></span> <span class='ocrx_word' id='word_1_289' title='bbox 881 3303 927 3348; x_wconf 87' lang='lat' dir='ltr'><strong>me</strong></span> <span class='ocrx_word' id='word_1_290' title='bbox 948 3294 1002 3359; x_wconf 81' lang='lat' dir='ltr'><strong>ert,</strong></span> <span class='ocrx_word' id='word_1_291' title='bbox 1025 3282 1078 3344; x_wconf 83' lang='lat' dir='ltr'><strong>sed</strong></span> <span class='ocrx_word' id='word_1_292' title='bbox 1100 3285 1216 3362; x_wconf 90' lang='lat' dir='ltr'><strong>potius:</strong></span> <span class='ocrx_word' id='word_1_293' title='bbox 1243 3284 1307 3366; x_wconf 74' lang='lat' dir='ltr'><strong>Ego</strong></span> <span class='ocrx_word' id='word_1_294' title='bbox 1415 3279 1419 3287; x_wconf 81' lang='grc'><strong>’</strong></span> 
     </span>
     <span class='ocr_line' id='line_1_29' title="bbox 58 3384 1307 3460; baseline -0.002 -10"><span class='ocrx_word' id='word_1_295' title='bbox 58 3389 165 3451; x_wconf 74' lang='lat' dir='ltr'><strong>eriam</strong></span> <span class='ocrx_word' id='word_1_296' title='bbox 188 3408 255 3452; x_wconf 88' lang='lat' dir='ltr'><strong>sum</strong></span> <span class='ocrx_word' id='word_1_297' title='bbox 278 3391 308 3450; x_wconf 91' lang='lat' dir='ltr'><strong>iu</strong></span> <span class='ocrx_word' id='word_1_298' title='bbox 331 3389 417 3451; x_wconf 87' lang='lat' dir='ltr'><strong>Patre</strong></span> <span class='ocrx_word' id='word_1_299' title='bbox 439 3397 469 3452; x_wconf 92' lang='lat' dir='ltr'><strong>et</strong></span> <span class='ocrx_word' id='word_1_300' title='bbox 490 3390 579 3451; x_wconf 88' lang='lat' dir='ltr'><strong>Pater</strong></span> <span class='ocrx_word' id='word_1_301' title='bbox 599 3389 629 3450; x_wconf 88' lang='lat' dir='ltr'><strong>in</strong></span> <span class='ocrx_word' id='word_1_302' title='bbox 658 3407 706 3452; x_wconf 90' lang='lat' dir='ltr'><strong>me</strong></span> <span class='ocrx_word' id='word_1_303' title='bbox 734 3388 823 3450; x_wconf 89' lang='lat' dir='ltr'><strong>etiam</strong></span> <span class='ocrx_word' id='word_1_304' title='bbox 852 3396 912 3460; x_wconf 92' lang='lat' dir='ltr'><strong>est,</strong></span> <span class='ocrx_word' id='word_1_305' title='bbox 946 3393 979 3447; x_wconf 91' lang='lat' dir='ltr'><strong>ut</strong></span> <span class='ocrx_word' id='word_1_306' title='bbox 1007 3384 1142 3447; x_wconf 83' lang='lat' dir='ltr'><strong>videlieet</strong></span> <span class='ocrx_word' id='word_1_307' title='bbox 1172 3385 1244 3446; x_wconf 85' lang='lat' dir='ltr'><strong>nihil</strong></span> <span class='ocrx_word' id='word_1_308' title='bbox 1273 3404 1307 3448; x_wconf 84' lang='lat' dir='ltr'><strong>se</strong></span> 
     </span>
     <span class='ocr_line' id='line_1_30' title="bbox 54 3486 1307 3573; baseline -0.002 -21"><span class='ocrx_word' id='word_1_309' title='bbox 54 3491 232 3572; x_wconf 71' lang='lat' dir='ltr'><strong>preprium</strong></span> <span class='ocrx_word' id='word_1_310' title='bbox 256 3501 285 3554; x_wconf 93' lang='lat' dir='ltr'><strong>et</strong></span> <span class='ocrx_word' id='word_1_311' title='bbox 308 3491 457 3571; x_wconf 75' lang='lat' dir='ltr'><strong>singulare</strong></span> <span class='ocrx_word' id='word_1_312' title='bbox 478 3492 556 3573; x_wconf 93' lang='lat' dir='ltr'><strong>apud</strong></span> <span class='ocrx_word' id='word_1_313' title='bbox 578 3491 695 3553; x_wconf 87' lang='lat' dir='ltr'><strong>Patrem</strong></span> <span class='ocrx_word' id='word_1_314' title='bbox 719 3497 856 3570; x_wconf 85' lang='lat' dir='ltr'><strong>tauquam</strong></span> <span class='ocrx_word' id='word_1_315' title='bbox 872 3488 979 3550; x_wconf 82' lang='lat' dir='ltr'><strong>Filium</strong></span> <span class='ocrx_word' id='word_1_316' title='bbox 1001 3486 1121 3561; x_wconf 89' lang='lat' dir='ltr'><strong>habere,</strong></span> <span class='ocrx_word' id='word_1_317' title='bbox 1146 3487 1199 3550; x_wconf 87' lang='lat' dir='ltr'><strong>sed</strong></span> <span class='ocrx_word' id='word_1_318' title='bbox 1222 3505 1307 3550; x_wconf 88' lang='lat' dir='ltr'><strong>com-</strong></span> 
     </span>
    </p>
   </div>
   <div class='ocr_carea' id='block_1_4' title="bbox 53 3632 1320 4595">
    <p class='ocr_par' dir='ltr' id='par_1_5' title="bbox 53 3632 1320 4595">
     <span class='ocr_line' id='line_1_31' title="bbox 57 3632 1307 3708; baseline -0.003 -13"><span class='ocrx_word' id='word_1_319' title='bbox 57 3632 134 3708; x_wconf 55' lang='lat' dir='ltr'><strong>Rea.</strong></span> <span class='ocrx_word' id='word_1_320' title='bbox 158 3645 181 3695; x_wconf 78' lang='lat'><em>2</em></span> <span class='ocrx_word' id='word_1_321' title='bbox 208 3645 307 3707; x_wconf 73' lang='lat' dir='ltr'><strong>Seguer.</strong></span> <span class='ocrx_word' id='word_1_322' title='bbox 333 3646 428 3696; x_wconf 84' lang='lat' dir='ltr'><strong>Gohior.</strong></span> <span class='ocrx_word' id='word_1_323' title='bbox 455 3645 558 3694; x_wconf 79' lang='lat' dir='ltr'><strong>Feiotm.</strong></span> <span class='ocrx_word' id='word_1_324' title='bbox 587 3645 608 3694; x_wconf 87' lang='grc'><strong>1.</strong></span> <span class='ocrx_word' id='word_1_325' title='bbox 633 3638 667 3693; x_wconf 77' lang='grc' dir='ltr'><strong>τὰ</strong></span> <span class='ocrx_word' id='word_1_326' title='bbox 718 3643 971 3708; x_wconf 78' lang='lat' dir='ltr'><strong>quodnoositotiur</strong></span> <span class='ocrx_word' id='word_1_327' title='bbox 990 3641 1307 3704; x_wconf 61' lang='lat' dir='ltr'><strong>deorumdeorum,</strong></span> 
     </span>
     <span class='ocr_line' id='line_1_32' title="bbox 53 3706 1009 3778; baseline -0.001 -20"><span class='ocrx_word' id='word_1_328' title='bbox 53 3706 154 3778; x_wconf 57' lang='grc' dir='ltr'><em>’παρὰ</em></span> <span class='ocrx_word' id='word_1_329' title='bbox 180 3711 231 3760; x_wconf 73' lang='grc' dir='ltr'><strong>τοῦ</strong></span> <span class='ocrx_word' id='word_1_330' title='bbox 257 3711 333 3762; x_wconf 76' lang='grc' dir='ltr'>θεοῦ,</span> <span class='ocrx_word' id='word_1_331' title='bbox 377 3715 403 3762; x_wconf 87' lang='lat' dir='ltr'><strong>ln</strong></span> <span class='ocrx_word' id='word_1_332' title='bbox 431 3714 484 3762; x_wconf 83' lang='lat' dir='ltr'><strong>aliis</strong></span> <span class='ocrx_word' id='word_1_333' title='bbox 512 3721 535 3762; x_wconf 88' lang='lat' dir='ltr'><strong>et</strong></span> <span class='ocrx_word' id='word_1_334' title='bbox 561 3713 668 3763; x_wconf 82' lang='lat' dir='ltr'><strong>editions</strong></span> <span class='ocrx_word' id='word_1_335' title='bbox 717 3713 764 3760; x_wconf 78' lang='lat' dir='ltr'><strong>oiri</strong></span> <span class='ocrx_word' id='word_1_336' title='bbox 782 3719 869 3760; x_wconf 79' lang='lat' dir='ltr'><strong>toruum</strong></span> <span class='ocrx_word' id='word_1_337' title='bbox 887 3712 911 3758; x_wconf 85' lang='lat' dir='ltr'><strong>io</strong></span> <span class='ocrx_word' id='word_1_338' title='bbox 929 3709 1009 3759; x_wconf 80' lang='lat' dir='ltr'><strong>irruet.</strong></span> 
     </span>
     <span class='ocr_line' id='line_1_33' title="bbox 56 3774 1308 3838; baseline -0.002 -9"><span class='ocrx_word' id='word_1_339' title='bbox 56 3774 196 3830; x_wconf 55' lang='lat' dir='ltr'><strong>commui,</strong></span> <span class='ocrx_word' id='word_1_340' title='bbox 215 3775 250 3827; x_wconf 80' lang='grc' dir='ltr'><strong>τά</strong></span> <span class='ocrx_word' id='word_1_341' title='bbox 268 3782 343 3830; x_wconf 84' lang='lat' dir='ltr'><strong>dosst.</strong></span> <span class='ocrx_word' id='word_1_342' title='bbox 753 3782 776 3826; x_wconf 86' lang='lat' dir='ltr'><strong>tr.</strong></span> <span class='ocrx_word' id='word_1_343' title='bbox 796 3779 836 3827; x_wconf 87' lang='lat' dir='ltr'><strong>Sic</strong></span> <span class='ocrx_word' id='word_1_344' title='bbox 855 3779 911 3838; x_wconf 74' lang='lat' dir='ltr'><strong>fleg.</strong></span> <span class='ocrx_word' id='word_1_345' title='bbox 932 3777 953 3824; x_wconf 90' lang='lat' dir='ltr'><strong>l.</strong></span> <span class='ocrx_word' id='word_1_346' title='bbox 972 3779 1071 3837; x_wconf 72' lang='lat' dir='ltr'><strong>Seguer.</strong></span> <span class='ocrx_word' id='word_1_347' title='bbox 1089 3776 1159 3824; x_wconf 82' lang='lat' dir='ltr'><strong>Gobi.</strong></span> <span class='ocrx_word' id='word_1_348' title='bbox 1172 3775 1308 3826; x_wconf 83' lang='lat' dir='ltr'><strong>etFeicirm.</strong></span> 
     </span>
     <span class='ocr_line' id='line_1_34' title="bbox 111 3831 1309 3912; baseline -0.008 -13"><span class='ocrx_word' id='word_1_349' title='bbox 111 3864 131 3912; x_wconf 64' lang='grc' dir='ltr'><strong>ι.</strong></span> <span class='ocrx_word' id='word_1_350' title='bbox 156 3851 197 3899; x_wconf 86' lang='lat' dir='ltr'><strong>Sio</strong></span> <span class='ocrx_word' id='word_1_351' title='bbox 219 3850 308 3911; x_wconf 74' lang='lat' dir='ltr'><strong>Regius</strong></span> <span class='ocrx_word' id='word_1_352' title='bbox 329 3850 349 3897; x_wconf 88' lang='lat' dir='ltr'><strong>l.</strong></span> <span class='ocrx_word' id='word_1_353' title='bbox 368 3857 392 3897; x_wconf 85' lang='lat' dir='ltr'><strong>et</strong></span> <span class='ocrx_word' id='word_1_354' title='bbox 409 3848 432 3897; x_wconf 82' lang='lat'><strong>2.</strong></span> <span class='ocrx_word' id='word_1_355' title='bbox 450 3848 549 3909; x_wconf 74' lang='lat' dir='ltr'><strong>Seguer.</strong></span> <span class='ocrx_word' id='word_1_356' title='bbox 569 3849 667 3898; x_wconf 85' lang='lat' dir='ltr'><strong>Gobier.</strong></span> <span class='ocrx_word' id='word_1_357' title='bbox 721 3846 742 3895; x_wconf 87' lang='lat' dir='ltr'><strong>l.</strong></span> <span class='ocrx_word' id='word_1_358' title='bbox 778 3846 840 3894; x_wconf 83' lang='lat' dir='ltr'><strong>Editi</strong></span> <span class='ocrx_word' id='word_1_359' title='bbox 869 3853 947 3893; x_wconf 87' lang='lat' dir='ltr'><strong>autem</strong></span> <span class='ocrx_word' id='word_1_360' title='bbox 974 3852 997 3891; x_wconf 84' lang='lat' dir='ltr'><strong>et</strong></span> <span class='ocrx_word' id='word_1_361' title='bbox 1023 3844 1062 3892; x_wconf 81' lang='lat' dir='ltr'><strong>siii</strong></span> <span class='ocrx_word' id='word_1_362' title='bbox 1090 3831 1160 3891; x_wconf 78' lang='grc' dir='ltr'><em>εἶναι</em></span> <span class='ocrx_word' id='word_1_363' title='bbox 1185 3841 1234 3889; x_wconf 77' lang='grc' dir='ltr'><strong>τὸν</strong></span> <span class='ocrx_word' id='word_1_364' title='bbox 1259 3841 1309 3890; x_wconf 80' lang='grc' dir='ltr'><strong>τοῦ</strong></span> 
     </span>
     <span class='ocr_line' id='line_1_35' title="bbox 55 3901 1309 3990; baseline -0.003 -26"><span class='ocrx_word' id='word_1_365' title='bbox 55 3901 181 3966; x_wconf 49' lang='lat' dir='ltr'><strong>*etcum</strong></span> <span class='ocrx_word' id='word_1_366' title='bbox 211 3917 232 3965; x_wconf 86' lang='lat'><strong>1.</strong></span> <span class='ocrx_word' id='word_1_367' title='bbox 258 3926 281 3965; x_wconf 83' lang='lat' dir='ltr'><strong>et</strong></span> <span class='ocrx_word' id='word_1_368' title='bbox 305 3917 328 3965; x_wconf 83' lang='lat'><strong>5.</strong></span> <span class='ocrx_word' id='word_1_369' title='bbox 364 3919 392 3966; x_wconf 84' lang='lat' dir='ltr'><strong>tt</strong></span> <span class='ocrx_word' id='word_1_370' title='bbox 415 3918 487 3966; x_wconf 82' lang='lat' dir='ltr'><strong>ceteri</strong></span> <span class='ocrx_word' id='word_1_371' title='bbox 507 3926 529 3964; x_wconf 89' lang='lat' dir='ltr'><strong>et</strong></span> <span class='ocrx_word' id='word_1_372' title='bbox 548 3917 604 3965; x_wconf 87' lang='lat' dir='ltr'><strong>editi</strong></span> <span class='ocrx_word' id='word_1_373' title='bbox 623 3908 668 3964; x_wconf 78' lang='lat' dir='ltr'><strong>dri-</strong></span> <span class='ocrx_word' id='word_1_374' title='bbox 717 3906 823 3978; x_wconf 71' lang='lat' dir='ltr'><strong>atnepos·</strong></span> <span class='ocrx_word' id='word_1_375' title='bbox 846 3904 908 3960; x_wconf 81' lang='grc' dir='ltr'>υἱὸν</span> <span class='ocrx_word' id='word_1_376' title='bbox 929 3905 975 3958; x_wconf 74' lang='lat' dir='ltr'><strong>snt</strong></span> <span class='ocrx_word' id='word_1_377' title='bbox 997 3905 1088 3975; x_wconf 71' lang='grc' dir='ltr'><strong><em>λόγον.</em></strong></span> <span class='ocrx_word' id='word_1_378' title='bbox 1128 3913 1178 3990; x_wconf 69' lang='lat' dir='ltr'><strong>dior</strong></span> <span class='ocrx_word' id='word_1_379' title='bbox 1204 3912 1259 3989; x_wconf 63' lang='lat' dir='ltr'><strong>dep.</strong></span> <span class='ocrx_word' id='word_1_380' title='bbox 1286 3910 1309 3960; x_wconf 93' lang='lat' dir='ltr'><strong>l.</strong></span> 
     </span>
     <span class='ocr_line' id='line_1_36' title="bbox 54 3973 1320 4050; baseline -0.006 -19"><span class='ocrx_word' id='word_1_381' title='bbox 54 3986 161 4050; x_wconf 65' lang='grc' dir='ltr'>δαμιν</span> <span class='ocrx_word' id='word_1_382' title='bbox 178 3983 228 4033; x_wconf 80' lang='grc' dir='ltr'><strong>τοῦ</strong></span> <span class='ocrx_word' id='word_1_383' title='bbox 246 3982 322 4032; x_wconf 69' lang='grc' dir='ltr'><strong><em>θεοῦ.</em></strong></span> <span class='ocrx_word' id='word_1_384' title='bbox 359 3983 432 4033; x_wconf 79' lang='lat' dir='ltr'><strong>Paulo</strong></span> <span class='ocrx_word' id='word_1_385' title='bbox 452 3992 507 4047; x_wconf 90' lang='lat' dir='ltr'><strong>post</strong></span> <span class='ocrx_word' id='word_1_386' title='bbox 527 3985 582 4044; x_wconf 72' lang='lat' dir='ltr'><strong>teg.</strong></span> <span class='ocrx_word' id='word_1_387' title='bbox 606 3984 623 4032; x_wconf 93' lang='grc' dir='ltr'><strong>Ι.</strong></span> <span class='ocrx_word' id='word_1_388' title='bbox 644 3992 668 4033; x_wconf 85' lang='lat' dir='ltr'><strong>et</strong></span> <span class='ocrx_word' id='word_1_389' title='bbox 719 3985 818 4043; x_wconf 77' lang='lat' dir='ltr'><strong>Segoer.</strong></span> <span class='ocrx_word' id='word_1_390' title='bbox 837 3981 935 4030; x_wconf 83' lang='lat' dir='ltr'><strong>Gotder.</strong></span> <span class='ocrx_word' id='word_1_391' title='bbox 954 3979 1090 4028; x_wconf 73' lang='lat' dir='ltr'><strong>etFeictm.</strong></span> <span class='ocrx_word' id='word_1_392' title='bbox 1111 3978 1134 4028; x_wconf 90' lang='lat'><strong>1.</strong></span> <span class='ocrx_word' id='word_1_393' title='bbox 1153 3973 1200 4026; x_wconf 80' lang='lat' dir='ltr'><strong>att</strong></span> <span class='ocrx_word' id='word_1_394' title='bbox 1226 3990 1320 4045; x_wconf 71' lang='lat' dir='ltr'><strong>resep.-</strong></span> 
     </span>
     <span class='ocr_line' id='line_1_37' title="bbox 54 4038 1256 4120; baseline -0.005 -20"><span class='ocrx_word' id='word_1_395' title='bbox 54 4044 176 4113; x_wconf 56' lang='lat' dir='ltr'><strong>semer.</strong></span> <span class='ocrx_word' id='word_1_396' title='bbox 187 4044 271 4106; x_wconf 69' lang='grc' dir='ltr'><em>αὐτὸς</em></span> <span class='ocrx_word' id='word_1_397' title='bbox 287 4044 393 4119; x_wconf 71' lang='grc' dir='ltr'><strong>ἐγείρῃ·</strong></span> <span class='ocrx_word' id='word_1_398' title='bbox 414 4042 459 4100; x_wconf 78' lang='grc' dir='ltr'><strong>ὅτε</strong></span> <span class='ocrx_word' id='word_1_399' title='bbox 475 4046 521 4099; x_wconf 74' lang='grc' dir='ltr'><strong>καὶ</strong></span> <span class='ocrx_word' id='word_1_400' title='bbox 540 4049 669 4101; x_wconf 80' lang='lat' dir='ltr'><strong>r‘Nuts·</strong></span> <span class='ocrx_word' id='word_1_401' title='bbox 719 4051 781 4099; x_wconf 85' lang='lat' dir='ltr'><strong>Editi</strong></span> <span class='ocrx_word' id='word_1_402' title='bbox 800 4058 824 4097; x_wconf 87' lang='lat' dir='ltr'><strong>et</strong></span> <span class='ocrx_word' id='word_1_403' title='bbox 842 4049 882 4096; x_wconf 82' lang='lat' dir='ltr'><strong>atri</strong></span> <span class='ocrx_word' id='word_1_404' title='bbox 902 4038 957 4095; x_wconf 77' lang='grc' dir='ltr'><strong>ἀλλ’</strong></span> <span class='ocrx_word' id='word_1_405' title='bbox 976 4038 1093 4111; x_wconf 70' lang='grc' dir='ltr'><strong>ἐπείπερ.</strong></span> <span class='ocrx_word' id='word_1_406' title='bbox 1253 4112 1256 4120; x_wconf 34' lang='grc' dir='ltr'>Ι</span> 
     </span>
     <span class='ocr_line' id='line_1_38' title="bbox 53 4064 1310 4199; baseline -0.009 -28"><span class='ocrx_word' id='word_1_407' title='bbox 53 4116 227 4199; x_wconf 59' lang='lat' dir='ltr'><strong>&amp;denyse</strong></span> <span class='ocrx_word' id='word_1_408' title='bbox 263 4122 307 4170; x_wconf 80' lang='lat' dir='ltr'><strong>atii</strong></span> <span class='ocrx_word' id='word_1_409' title='bbox 327 4131 350 4170; x_wconf 85' lang='lat' dir='ltr'><strong>et</strong></span> <span class='ocrx_word' id='word_1_410' title='bbox 369 4121 425 4169; x_wconf 80' lang='lat' dir='ltr'><strong>editi</strong></span> <span class='ocrx_word' id='word_1_411' title='bbox 450 4111 543 4172; x_wconf 78' lang='grc' dir='ltr'><em>αὐτοῖς</em></span> <span class='ocrx_word' id='word_1_412' title='bbox 555 4064 666 4186; x_wconf 50' lang='grc' dir='ltr'><strong>ςγείρῃζ</strong></span> <span class='ocrx_word' id='word_1_413' title='bbox 754 4120 769 4166; x_wconf 87' lang='lat' dir='ltr'><strong>i.</strong></span> <span class='ocrx_word' id='word_1_414' title='bbox 797 4116 837 4165; x_wconf 86' lang='lat' dir='ltr'><strong>Sis</strong></span> <span class='ocrx_word' id='word_1_415' title='bbox 857 4116 943 4176; x_wconf 69' lang='lat' dir='ltr'><strong>Regius</strong></span> <span class='ocrx_word' id='word_1_416' title='bbox 966 4115 984 4164; x_wconf 91' lang='grc' dir='ltr'><strong>Ι.</strong></span> <span class='ocrx_word' id='word_1_417' title='bbox 1004 4119 1144 4170; x_wconf 70' lang='grc' dir='ltr'>οιὸοκιιοτ.</span> <span class='ocrx_word' id='word_1_418' title='bbox 1180 4113 1310 4163; x_wconf 72' lang='lat' dir='ltr'><strong>italiist</strong></span> 
     </span>
     <span class='ocr_line' id='line_1_39' title="bbox 53 4167 1214 4255; baseline -0.003 -23"><span class='ocrx_word' id='word_1_419' title='bbox 53 4172 122 4237; x_wconf 62' lang='grc' dir='ltr'><strong>ἴτε</strong></span> <span class='ocrx_word' id='word_1_420' title='bbox 138 4202 185 4236; x_wconf 70' lang='grc' dir='ltr'><strong>και</strong></span> <span class='ocrx_word' id='word_1_421' title='bbox 202 4186 242 4254; x_wconf 71' lang='grc' dir='ltr'><strong>τῷ</strong></span> <span class='ocrx_word' id='word_1_422' title='bbox 252 4181 363 4255; x_wconf 80' lang='grc' dir='ltr'><strong><em>Νεεμὰν</em></strong></span> <span class='ocrx_word' id='word_1_423' title='bbox 379 4180 475 4253; x_wconf 77' lang='grc' dir='ltr'><strong><em>ἔλεγεν.</em></strong></span> <span class='ocrx_word' id='word_1_424' title='bbox 512 4189 587 4237; x_wconf 85' lang='lat' dir='ltr'><strong>Porro</strong></span> <span class='ocrx_word' id='word_1_425' title='bbox 606 4203 668 4251; x_wconf 87' lang='lat' dir='ltr'><strong>quae</strong></span> <span class='ocrx_word' id='word_1_426' title='bbox 719 4185 775 4234; x_wconf 88' lang='lat' dir='ltr'><strong>editi</strong></span> <span class='ocrx_word' id='word_1_427' title='bbox 796 4167 829 4244; x_wconf 76' lang='grc' dir='ltr'><strong>ἦν</strong></span> <span class='ocrx_word' id='word_1_428' title='bbox 847 4167 927 4236; x_wconf 73' lang='grc' dir='ltr'><strong><em>οὗτος</em></strong></span> <span class='ocrx_word' id='word_1_429' title='bbox 945 4175 959 4229; x_wconf 88' lang='lat' dir='ltr'><strong>d</strong></span> <span class='ocrx_word' id='word_1_430' title='bbox 976 4175 1079 4247; x_wconf 79' lang='grc' dir='ltr'><strong><em>κύριος,</em></strong></span> <span class='ocrx_word' id='word_1_431' title='bbox 1096 4174 1152 4229; x_wconf 77' lang='grc' dir='ltr'><strong>ἔδει</strong></span> <span class='ocrx_word' id='word_1_432' title='bbox 1170 4190 1214 4229; x_wconf 82' lang='lat' dir='ltr'><strong>etc.</strong></span> 
     </span>
     <span class='ocr_line' id='line_1_40' title="bbox 60 4240 1308 4321; baseline -0.009 -14"><span class='ocrx_word' id='word_1_433' title='bbox 60 4263 210 4321; x_wconf 59' lang='lat' dir='ltr'><strong>Sequuntur</strong></span> <span class='ocrx_word' id='word_1_434' title='bbox 227 4257 315 4307; x_wconf 77' lang='lat' dir='ltr'><strong>Elisuei</strong></span> <span class='ocrx_word' id='word_1_435' title='bbox 335 4257 405 4306; x_wconf 81' lang='lat' dir='ltr'><strong>rerba</strong></span> <span class='ocrx_word' id='word_1_436' title='bbox 424 4256 453 4305; x_wconf 88' lang='lat' dir='ltr'><strong>od</strong></span> <span class='ocrx_word' id='word_1_437' title='bbox 472 4256 593 4317; x_wconf 80' lang='lat' dir='ltr'><strong>Naaman,</strong></span> <span class='ocrx_word' id='word_1_438' title='bbox 619 4271 666 4306; x_wconf 89' lang='lat' dir='ltr'><strong>non</strong></span> <span class='ocrx_word' id='word_1_439' title='bbox 753 4254 776 4301; x_wconf 83' lang='lat' dir='ltr'><strong>k.</strong></span> <span class='ocrx_word' id='word_1_440' title='bbox 801 4252 954 4301; x_wconf 82' lang='lat' dir='ltr'><strong>Felokmonni</strong></span> <span class='ocrx_word' id='word_1_441' title='bbox 979 4249 1002 4299; x_wconf 81' lang='lat'><strong>2.</strong></span> <span class='ocrx_word' id='word_1_442' title='bbox 1029 4260 1052 4298; x_wconf 83' lang='lat' dir='ltr'><strong>et</strong></span> <span class='ocrx_word' id='word_1_443' title='bbox 1071 4250 1126 4298; x_wconf 79' lang='lat' dir='ltr'><strong>editi</strong></span> <span class='ocrx_word' id='word_1_444' title='bbox 1145 4242 1174 4295; x_wconf 74' lang='grc' dir='ltr'><strong>δὲ</strong></span> <span class='ocrx_word' id='word_1_445' title='bbox 1192 4242 1222 4296; x_wconf 72' lang='grc' dir='ltr'><strong>ἐν</strong></span> <span class='ocrx_word' id='word_1_446' title='bbox 1238 4240 1308 4313; x_wconf 63' lang='grc' dir='ltr'><strong><em>ἐμοί.</em></strong></span> 
     </span>
     <span class='ocr_line' id='line_1_41' title="bbox 66 4310 1310 4394; baseline -0.006 -21"><span class='ocrx_word' id='word_1_447' title='bbox 66 4316 197 4376; x_wconf 68' lang='lat' dir='ltr'><strong>hemitur</strong></span> <span class='ocrx_word' id='word_1_448' title='bbox 216 4326 239 4376; x_wconf 91' lang='lat' dir='ltr'><strong>iu</strong></span> <span class='ocrx_word' id='word_1_449' title='bbox 257 4327 398 4388; x_wconf 86' lang='lat' dir='ltr'><strong>Scriptura;</strong></span> <span class='ocrx_word' id='word_1_450' title='bbox 422 4325 464 4374; x_wconf 89' lang='lat' dir='ltr'><strong>sed</strong></span> <span class='ocrx_word' id='word_1_451' title='bbox 491 4325 542 4388; x_wconf 81' lang='lat' dir='ltr'><strong>ipse</strong></span> <span class='ocrx_word' id='word_1_452' title='bbox 561 4325 667 4374; x_wconf 78' lang='lat' dir='ltr'><strong>Noomin</strong></span> <span class='ocrx_word' id='word_1_453' title='bbox 720 4321 873 4370; x_wconf 86' lang='lat' dir='ltr'><strong>Ceterimss.</strong></span> <span class='ocrx_word' id='word_1_454' title='bbox 893 4313 986 4368; x_wconf 72' lang='lat' dir='ltr'><strong>dirui</strong></span> <span class='ocrx_word' id='word_1_455' title='bbox 1003 4310 1118 4394; x_wconf 56' lang='grc' dir='ltr'><strong><em>ἱζέμρί.</em></strong></span> <span class='ocrx_word' id='word_1_456' title='bbox 1147 4317 1197 4364; x_wconf 80' lang='lat' dir='ltr'><strong>tter</strong></span> <span class='ocrx_word' id='word_1_457' title='bbox 1217 4317 1272 4377; x_wconf 77' lang='lat' dir='ltr'><strong>Rrg.</strong></span> <span class='ocrx_word' id='word_1_458' title='bbox 1286 4315 1310 4366; x_wconf 88' lang='lat'><strong>1.</strong></span> 
     </span>
     <span class='ocr_line' id='line_1_42' title="bbox 69 4372 1312 4462; baseline -0.008 -23"><span class='ocrx_word' id='word_1_459' title='bbox 69 4403 175 4443; x_wconf 61' lang='lat' dir='ltr'><strong>senatos</strong></span> <span class='ocrx_word' id='word_1_460' title='bbox 194 4401 218 4442; x_wconf 87' lang='lat' dir='ltr'><strong>ot</strong></span> <span class='ocrx_word' id='word_1_461' title='bbox 237 4394 397 4442; x_wconf 79' lang='lat' dir='ltr'><strong>adEiisaeom</strong></span> <span class='ocrx_word' id='word_1_462' title='bbox 417 4395 588 4442; x_wconf 83' lang='lat' dir='ltr'><strong>reversuoait:</strong></span> <span class='ocrx_word' id='word_1_463' title='bbox 609 4385 670 4441; x_wconf 77' lang='grc' dir='ltr'><strong>ἰδοὺ</strong></span> <span class='ocrx_word' id='word_1_464' title='bbox 720 4397 743 4437; x_wconf 84' lang='lat' dir='ltr'><strong>et</strong></span> <span class='ocrx_word' id='word_1_465' title='bbox 762 4388 784 4437; x_wconf 80' lang='lat'><strong>2.</strong></span> <span class='ocrx_word' id='word_1_466' title='bbox 810 4397 834 4437; x_wconf 85' lang='lat' dir='ltr'><strong>ot</strong></span> <span class='ocrx_word' id='word_1_467' title='bbox 857 4393 956 4450; x_wconf 70' lang='lat' dir='ltr'><strong>Sepuer.</strong></span> <span class='ocrx_word' id='word_1_468' title='bbox 981 4398 1051 4450; x_wconf 79' lang='lat' dir='ltr'><strong>arpos·</strong></span> <span class='ocrx_word' id='word_1_469' title='bbox 1072 4397 1123 4461; x_wconf 59' lang='lat' dir='ltr'><strong>for</strong></span> <span class='ocrx_word' id='word_1_470' title='bbox 1139 4379 1251 4461; x_wconf 57' lang='lat' dir='ltr'><strong>⁸rturipu</strong></span> <span class='ocrx_word' id='word_1_471' title='bbox 1273 4372 1312 4462; x_wconf 57' lang='lat' dir='ltr'><strong>ais:</strong></span> 
     </span>
     <span class='ocr_line' id='line_1_43' title="bbox 65 4446 1310 4527; baseline -0.006 -21"><span class='ocrx_word' id='word_1_472' title='bbox 65 4447 184 4523; x_wconf 66' lang='grc' dir='ltr'><strong>ἔγνωκα</strong></span> <span class='ocrx_word' id='word_1_473' title='bbox 206 4453 251 4510; x_wconf 72' lang='grc' dir='ltr'><strong>ὅτι</strong></span> <span class='ocrx_word' id='word_1_474' title='bbox 274 4452 324 4508; x_wconf 74' lang='lat' dir='ltr'><strong>orire</strong></span> <span class='ocrx_word' id='word_1_475' title='bbox 340 4453 400 4509; x_wconf 74' lang='grc' dir='ltr'><strong>ἔστι</strong></span> <span class='ocrx_word' id='word_1_476' title='bbox 416 4454 481 4514; x_wconf 75' lang='grc' dir='ltr'><strong>θεὸς</strong></span> <span class='ocrx_word' id='word_1_477' title='bbox 497 4452 528 4508; x_wconf 70' lang='grc' dir='ltr'><strong>ἓν</strong></span> <span class='ocrx_word' id='word_1_478' title='bbox 543 4454 616 4527; x_wconf 70' lang='grc' dir='ltr'><strong>πάσῃ</strong></span> <span class='ocrx_word' id='word_1_479' title='bbox 635 4457 669 4527; x_wconf 70' lang='grc' dir='ltr'><strong>τῇ</strong></span> <span class='ocrx_word' id='word_1_480' title='bbox 718 4448 783 4509; x_wconf 75' lang='grc' dir='ltr'>υἱός.</span> <span class='ocrx_word' id='word_1_481' title='bbox 810 4460 840 4508; x_wconf 79' lang='lat' dir='ltr'><strong>tt</strong></span> <span class='ocrx_word' id='word_1_482' title='bbox 857 4456 898 4507; x_wconf 82' lang='lat' dir='ltr'><strong>atii</strong></span> <span class='ocrx_word' id='word_1_483' title='bbox 916 4464 940 4505; x_wconf 83' lang='lat' dir='ltr'><strong>et</strong></span> <span class='ocrx_word' id='word_1_484' title='bbox 957 4455 1014 4504; x_wconf 81' lang='lat' dir='ltr'><strong>editi</strong></span> <span class='ocrx_word' id='word_1_485' title='bbox 1032 4466 1102 4517; x_wconf 77' lang='lat' dir='ltr'><strong>uper</strong></span> <span class='ocrx_word' id='word_1_486' title='bbox 1119 4446 1310 4517; x_wconf 70' lang='lat' dir='ltr'><strong>rouumtpoo</strong></span> 
     </span>
     <span class='ocr_line' id='line_1_44' title="bbox 69 4516 786 4595; baseline -0.007 -17"><span class='ocrx_word' id='word_1_487' title='bbox 69 4526 121 4595; x_wconf 64' lang='grc' dir='ltr'><strong>γῇ,</strong></span> <span class='ocrx_word' id='word_1_488' title='bbox 141 4519 185 4578; x_wconf 72' lang='grc' dir='ltr'><strong>ὅτι</strong></span> <span class='ocrx_word' id='word_1_489' title='bbox 201 4519 255 4578; x_wconf 76' lang='lat' dir='ltr'><strong>dat</strong></span> <span class='ocrx_word' id='word_1_490' title='bbox 275 4520 294 4590; x_wconf 76' lang='grc' dir='ltr'><em>ἢ</em></span> <span class='ocrx_word' id='word_1_491' title='bbox 309 4520 342 4579; x_wconf 70' lang='lat' dir='ltr'><strong>dr</strong></span> <span class='ocrx_word' id='word_1_492' title='bbox 357 4526 397 4594; x_wconf 63' lang='lat' dir='ltr'><strong>spi</strong></span> <span class='ocrx_word' id='word_1_493' title='bbox 410 4519 527 4595; x_wconf 74' lang='grc' dir='ltr'><strong>Ἰσραήλ,</strong></span> <span class='ocrx_word' id='word_1_494' title='bbox 550 4531 603 4580; x_wconf 82' lang='lat' dir='ltr'><strong>Vero</strong></span> <span class='ocrx_word' id='word_1_495' title='bbox 620 4531 670 4580; x_wconf 81' lang='lat' dir='ltr'><strong>scio</strong></span> <span class='ocrx_word' id='word_1_496' title='bbox 718 4516 786 4577; x_wconf 67' lang='grc' dir='ltr'><strong>υἱός.</strong></span> 
     </span>
    </p>
   </div>
   <div class='ocr_carea' id='block_1_5' title="bbox 113 4601 1104 4663">
    <p class='ocr_par' dir='ltr' id='par_1_6' title="bbox 113 4601 1104 4663">
     <span class='ocr_line' id='line_1_45' title="bbox 113 4601 1104 4663; baseline -0.005 -5"><span class='ocrx_word' id='word_1_497' title='bbox 113 4616 240 4663; x_wconf 74' lang='lat' dir='ltr'><strong>amram</strong></span> <span class='ocrx_word' id='word_1_498' title='bbox 250 4628 304 4663; x_wconf 79' lang='lat' dir='ltr'><strong>on.</strong></span> <span class='ocrx_word' id='word_1_499' title='bbox 313 4628 385 4661; x_wconf 72' lang='lat' dir='ltr'><strong>roes.</strong></span> <span class='ocrx_word' id='word_1_500' title='bbox 398 4628 447 4660; x_wconf 79' lang='lat' dir='ltr'><strong>nu.</strong></span> <span class='ocrx_word' id='word_1_501' title='bbox 1070 4601 1104 4654; x_wconf 82' lang='grc'><strong>30</strong></span> 
     </span>
    </p>
   </div>
   <div class='ocr_carea' id='block_1_6' title="bbox 0 0 1478 5092">
    <p class='ocr_par' dir='ltr' id='par_1_7' title="bbox 0 0 1478 5092">
     <span class='ocr_line' id='line_1_46' title="bbox 0 0 1478 5092; baseline 0 1"><span class='ocrx_word' id='word_1_502' title='bbox 0 0 1478 5092; x_wconf 95' lang='lat' dir='ltr'><strong> </strong></span> 
     </span>
    </p>
   </div>
  </div>
 </body>
</html>
