2934 5078
650 264 826 311 rusrsrro.
860 194 866 201 Ι
1220 211 1226 225 ⁶
1310 256 1350 319 15

115 418 207 490 'udde
227 416 281 478 cui
308 434 351 479 se
377 415 579 489 submittere,
601 416 776 494 praesertim
799 415 830 477 in
852 416 911 479 boc
931 416 1096 481 litterarum
1117 436 1236 498 genere,
1259 418 1350 487 intele

116 520 187 599 hmo
206 518 315 599 quivis
346 517 541 599 gravabitur.
587 515 673 578 Sicut
700 517 778 580 enim
807 515 939 596 theologi
967 536 1003 580 ex
1034 519 1162 598 partium
1191 520 1291 582 studio
1319 529 1351 583 et

117 640 156 703 pro
172 620 392 693 dissensione,
417 637 495 699 quae
517 625 570 691 est,
588 617 625 679 de
648 617 834 698 dogmatibus
861 618 1053 699 theologicis,
1081 638 1262 700 magnopere
1284 621 1349 685 dis-

118 724 229 785 eutiuut
249 722 292 783 do
316 728 451 801 patrum
473 717 649 781 auctoritate
671 728 703 781 et
722 737 790 792 usu,
812 719 851 781 ita
874 738 946 781 vero
969 719 1000 782 in
1023 721 1143 802 scriptis
1159 730 1277 802 patrum
1293 721 1349 785 alia

119 824 168 885 aliis
186 824 309 904 placent
334 830 392 885 aut
413 820 578 902 displicent
598 828 629 882 et
649 821 779 884 notanda
800 820 937 882 ridemur
959 830 1009 883 aut
1029 822 1255 900 praetereunda.
1289 822 1347 885 Ce-

121 934 197 987 terum
216 942 280 1005 qua
302 930 416 985 mente
437 922 602 984 lloeslerus
623 922 721 984 studia
743 921 867 985 Semleri
895 922 1059 985 aemulatus
1087 924 1145 985 hoc
1172 924 1349 1003 excerpendi

121 1025 353 1109 ctepitomandi
388 1036 503 1085 munus
530 1023 698 1103 susceperit
725 1032 755 1085 et
783 1031 941 1084 exsecutus
963 1023 1012 1096 sit,
1035 1031 1119 1085 antea
1141 1024 1196 1087 iam
1220 1024 1349 1087 breviter

121 1127 239 1208 exposui.
285 1126 380 1188 Nunc
401 1124 434 1187 id
457 1141 552 1186 uuum
573 1123 714 1197 subiicio,
737 1123 833 1186 virum
855 1122 1036 1186 industrium
1056 1125 1135 1186 baud
1156 1144 1268 1206 paucos
1290 1144 1348 1195 suo

121 1229 194 1290 nodo
215 1235 432 1308 pertractasse
452 1233 570 1305 patrum
597 1224 706 1297 libros,
733 1226 784 1304 qui
811 1243 917 1307 parum
944 1226 1101 1287 couleumt
1125 1226 1163 1287 ad
1190 1226 1347 1291 historiam

122 1329 261 1391 doctrime
295 1327 485 1390 christianae
515 1326 739 1400 illustrandam,
771 1326 851 1388 velut
879 1325 1001 1388 Eusebii
1028 1326 1288 1407 Praeparationem
1320 1336 1349 1391 et

121 1429 410 1492 demonstrationem
433 1427 630 1507 evangelicam
652 1428 776 1507 eiusque
798 1427 953 1490 historiam
976 1428 1216 1503 ecclesiasticam,
1244 1437 1347 1491 contra

69 1594 71 1605 ,
122 1531 227 1593 italiis
249 1530 420 1611 plurimum
443 1528 519 1591 lucis
541 1528 582 1590 illi
609 1529 752 1591 historiae
780 1530 974 1591 afferentibus
1002 1530 1210 1610 compendium
1239 1530 1347 1592 lesisse

69 1614 71 1623 ¹
123 1652 217 1714 operae
240 1650 308 1694 non
331 1632 401 1693 sine
422 1630 528 1691 iraude
548 1629 703 1693 leetomm.
746 1631 796 1693 Sic
817 1648 852 1692 ex
876 1630 1060 1711 amplissimo
1091 1640 1121 1693 et
1147 1629 1346 1710 praestantis·

123 1735 188 1796 timo
208 1752 307 1815 opere
331 1730 500 1811 dogmatico
523 1729 656 1811 Gregorii
678 1732 817 1812 Nysseni,
841 1750 876 1793 ex
895 1732 980 1795 libris
1002 1733 1065 1794 Xll.
1084 1731 1129 1794 vel
1144 1731 1221 1793 Xlll.
1243 1738 1347 1793 contra

121 1834 304 1907 luuomium,
329 1851 393 1894 non
416 1832 566 1910 excerpsit
586 1833 703 1911 potiora
724 1851 821 1913 neque
840 1851 987 1894 summam
1007 1850 1110 1894 eorum
1127 1833 1193 1914 ipse
1209 1831 1345 1906 coulecit,

122 1938 165 1999 scd
185 1935 399 2000 tautummodo
426 1925 612 2017 κεφάλαια,
642 1935 804 1997 summaria
832 1934 1015 2014 stupidorum
1037 1934 1182 1996 librorum
1205 1934 1346 1994 universo

123 2039 197 2117 operi
217 2039 252 2099 in
275 2034 434 2097 codicibus
455 2033 647 2114 praescripta,
669 2035 837 2114 germanice
864 2034 1002 2096 reddidit.
1046 2034 1187 2096 Similiter
1208 2035 1245 2096 de
1267 2032 1346 2096 celo-

122 2137 254 2200 burimis
276 2135 438 2215 Augustini
468 2135 620 2214 opusculis
648 2136 824 2216 dogmaticis
852 2135 1066 2215 polemicisque
1086 2136 1181 2197 labori
1203 2135 1345 2216 pepercit,

123 2242 250 2320 utisque
286 2237 348 2318 ipsi
379 2235 437 2297 luit
463 2237 661 2315 proposuisse
683 2237 935 2299 Retractatiouum
963 2236 1058 2298 libros
1085 2237 1116 2299 in
1145 2239 1346 2317 germanicum

123 2357 278 2402 conversos
302 2345 334 2400 et
353 2337 469 2417 passim
490 2336 733 2400 adnotationibus
763 2339 917 2400 historicis
938 2348 1026 2417 atque
1049 2338 1199 2400 litterariis
1233 2349 1345 2401 auctos.

122 2440 187 2502 lllud
208 2458 303 2513 vero,
333 2438 414 2518 quod
442 2447 560 2518 panum
588 2457 761 2517 graecorum
788 2449 818 2502 et
846 2439 1005 2502 latinorum
1028 2441 1138 2520 scripta
1166 2439 1287 2500 nonnisi
1310 2456 1345 2501 ex

123 2540 364 2622 interpretatione
395 2538 563 2619 germanica
594 2539 755 2602 lectoribus
788 2540 843 2602 hac
874 2540 904 2601 in
938 2539 1116 2602 bibliotheca
1144 2541 1344 2612 innotescunt,

123 2653 260 2723 quantum
296 2642 374 2703 leret
408 2639 605 2713 incommodi,
637 2658 698 2701 non
732 2659 809 2721 opus
838 2649 885 2702 est
911 2642 1078 2703 rationibus
1106 2642 1346 2720 argumentisque

124 2743 242 2816 docere,
277 2750 311 2804 et
335 2760 368 2802 re
391 2742 457 2820 ipsa
478 2740 613 2802 iniuriam
635 2743 761 2804 lacerem
783 2741 932 2821 theologis
954 2752 1076 2804 nostrae
1103 2743 1225 2814 aetatis,
1257 2741 1283 2803 si
1315 2741 1346 2802 in

123 2846 292 2906 uuiversum
315 2841 345 2902 id
366 2841 535 2903 docendum
550 2843 741 2921 susciperem.
785 2842 947 2904 Roeslerus
961 2842 1031 2904 huie
1045 2843 1234 2904 incommodo
1250 2841 1346 2922 aliqua

125 2963 153 3006 ex
187 2954 273 3026 parte
309 2960 466 3005 occurrere
497 2942 610 3004 studuit
642 2962 696 3019 eo,
732 2944 811 3023 quod
845 2943 882 3004 ad
916 2944 1079 3022 marginem
1113 2944 1252 3024 apposuit
1282 2945 1345 3024 ipsa

124 3054 236 3124 patrum
260 3061 436 3124 graecorum
458 3052 488 3104 et
508 3042 666 3106 latinorum
689 3043 789 3118 rerba,
812 3044 923 3129 quibus
942 3054 993 3106 aut
1014 3048 1235 3108 controversiae
1258 3064 1346 3108 causa

124 3148 163 3207 rel
197 3146 319 3210 occasio
351 3146 465 3206 inesset
497 3153 548 3206 aut
581 3144 720 3208 subtilior
754 3146 901 3224 dogmatis
936 3146 1100 3226 explicatio.
1146 3147 1213 3218 Quo
1248 3156 1345 3207 tamen

125 3249 257 3309 electum
285 3263 348 3306 non
376 3253 425 3306 est
451 3262 548 3325 neque
575 3247 673 3325 potuit
700 3246 793 3320 effici,
830 3258 863 3308 ut
894 3265 999 3309 omnes
1028 3266 1117 3309 voces
1144 3247 1345 3325 lormulaeque

124 3349 252 3425 patribus
286 3346 443 3424 utriusque
469 3345 610 3409 ecclesiae
642 3348 673 3409 in
700 3366 734 3411 re
763 3348 928 3427 dogmatica
954 3349 1093 3429 propriae
1120 3357 1151 3410 et
1181 3347 1344 3428 peculiares

124 3447 261 3510 lectorum
292 3447 387 3508 oculis
415 3445 646 3522 subiicerentur,
680 3467 807 3528 quorum
837 3450 896 3511 rim
927 3459 956 3512 et
982 3450 1225 3529 significationem
1253 3464 1346 3509 nosse

127 3559 151 3609 et
179 3549 339 3611 observare
366 3555 485 3628 oportet
517 3567 600 3622 eum,
632 3549 680 3628 qui
713 3568 811 3611 reram
840 3550 958 3612 illorum
993 3551 1029 3611 de
1063 3548 1249 3628 dogmatibus
1276 3546 1345 3609 fidei

127 3651 297 3712 sententiam
320 3647 442 3727 assequi
465 3648 574 3711 studet
617 3649 679 3711 Nee
700 3651 852 3729 quaeritur
877 3652 927 3712 hic
955 3650 991 3712 de
1015 3650 1087 3712 solis
1110 3650 1261 3722 terminis,
1295 3649 1345 3728 qui

127 3751 266 3826 dicuutur,
291 3750 435 3812 technicis
457 3749 623 3828 theologiae
646 3751 845 3829 dogmaticae,
874 3770 1000 3830 quorum
1029 3752 1059 3811 iu
1088 3770 1145 3813 usu
1173 3768 1277 3812 omues
1299 3748 1346 3809 rel

128 3851 250 3932 plerique
272 3852 352 3913 inter
374 3870 408 3913 se
431 3851 620 3923 conveniunt,
643 3850 696 3912 sed
719 3852 807 3913 etiam
829 3851 866 3913 de
888 3853 1009 3914 vocibus
1033 3852 1178 3914 eiusmodi
1202 3859 1232 3911 et
1252 3851 1344 3930 phra-

129 3951 214 4025 sibus,
235 3952 345 4033 quibus
368 3952 553 4013 diversarum
580 3951 747 4012 scholarum
776 3952 838 4014 sive
861 3953 1050 4014 ecclesiarum
1073 3954 1212 4014 doctores
1235 3960 1265 4012 et
1279 3951 1344 4011 siu·
1443 4017 1447 4021 ,

130 4054 179 4129 goti
206 4056 324 4135 quidam
356 4062 459 4133 patres
490 4052 611 4131 proprio
647 4070 700 4114 suo
735 4053 825 4114 modo
854 4064 1072 4114 consueverunt
1093 4054 1146 4114 uti.
1192 4053 1286 4125 Quam
1309 4049 1345 4110 ad

130 4158 328 4235 proprietatem
350 4154 513 4216 verborum
535 4155 585 4231 qui
608 4172 668 4215 uon
689 4153 828 4227 attendit,
857 4173 925 4215 eum
947 4163 1136 4233 praetereunt
1158 4151 1275 4214 subtilia
1297 4148 1345 4208 illa

132 4259 327 4320 enuntiarum
350 4253 542 4324 discrimina,
561 4273 635 4333 quae
657 4273 688 4315 xo
709 4256 836 4316 historia
858 4255 1027 4334 dogmatum
1057 4255 1215 4334 plurimum
1242 4256 1346 4310 nosne

130 4354 238 4422 interest
257 4368 380 4422 enotare
405 4366 437 4417 et
460 4353 634 4429 enucleare,
666 4356 805 4434 quoniam
834 4357 864 4416 in
887 4357 924 4417 iis
947 4358 1065 4436 saepius
1097 4357 1166 4415 lons
1190 4351 1234 4412 vel
1256 4348 1344 4411 sedes

133 4453 259 4537 dogmatis
280 4457 482 4529 ecclesiastici
506 4459 661 4536 reperitur.
707 4456 835 4520 Omnino
864 4457 989 4538 diligens
1012 4455 1180 4519 observatio
1202 4468 1275 4513 usus
1296 4449 1344 4512 lo·
