2948 5092
512 221 621 293 enemo
636 249 657 291 r.
674 248 789 293 course
803 246 952 309 sauros.
1274 240 1344 309 229'

120 398 176 478 ipsa
197 414 280 459 esse.
323 395 457 478 Namque
479 397 664 460 substantiae
684 398 781 462 Patris
803 401 880 463 letus
903 401 968 482 ipse
991 413 1048 478 est,
1070 405 1110 468 ita
1132 416 1164 469 ut
1184 385 1283 472 nullus
1300 409 1432 490 sitrbts‘*

120 496 265 560 dubitandi
287 496 390 571 loeus,
418 498 491 577 quin
519 499 555 561 nd
577 499 672 561 Patris
694 499 885 564 immutabilis
908 503 1131 570 similitudinem
1158 508 1200 572 sit
1221 529 1342 591 quoque

119 598 241 660 t'erbum
262 598 457 661 immutabile.

193 705 248 767 40.
292 701 444 764 llaotenus
473 702 593 782 quidem
619 701 686 764 Filii
714 703 887 769 notionibus
915 705 1104 770 inhaerentes
1132 710 1177 773 sic
1204 711 1345 777 absurdis

119 803 230 865 illorum
252 804 447 877 commentis,
468 811 559 884 prout
579 804 645 884 ipse
668 804 749 865 dedit
769 804 922 880 Dominus,
946 809 1141 872 occurrimus.
1185 811 1247 874 lam
1267 830 1339 876 vere
1446 786 1450 799 ¹

118 904 296 984 praestiterit
321 904 423 967 divina
449 923 598 985 exponere
627 906 760 982 oracula,
794 917 827 969 ut
853 915 884 968 et
905 907 970 970 Filii
997 910 1217 975 immutabilitas
1245 914 1339 994 magis

119 1006 316 1080 malmetun,
337 1006 437 1086 sitque
458 1005 648 1086 exploratius,
670 1014 823 1087 paternam
846 1009 911 1070 eius
932 1018 1067 1074 naturam
1080 1013 1254 1076 mutationis
1270 1034 1347 1081 esse:

119 1115 274 1186 expertem,
298 1115 330 1169 et
350 1107 458 1170 danus
479 1107 598 1169 illorum
619 1116 760 1187 appareat
780 1108 965 1189 improbitas.
1007 1111 1110 1192 ltaque
1123 1114 1172 1175 bis
1186 1113 1287 1177 verbis
1301 1115 1344 1178 atl-

117 1208 322 1289 Pbilippenses
343 1209 449 1272 soribit
468 1209 646 1290 Apostolus:
672 1210 738 1274 Hor
759 1229 813 1274 ooe
837 1215 953 1284 amore,
975 1214 1056 1294 quod
1076 1225 1106 1277 et
1128 1215 1267 1279 cbristus
1289 1216 1343 1277 le·

118 1329 174 1380 rue,
196 1314 253 1392 peri
273 1329 342 1372 eum
361 1314 396 1373 ὄπ
415 1313 518 1391 sermo
540 1311 599 1374 Dei
617 1323 703 1389 esset,
727 1331 790 1376 sorr
812 1317 953 1394 rapinum
975 1315 1145 1380 arbitratus
1163 1328 1208 1380 ert
1229 1335 1294 1380 esee
1309 1335 1344 1379 re
1433 1300 1436 1309 ⁵

118 1411 269 1491 sequetem
283 1411 358 1489 neo,
380 1413 433 1474 sel
448 1416 639 1494 senetipsum
655 1417 832 1487 retromeat,
855 1416 959 1494 [ormo
974 1421 1059 1478 serui
1079 1431 1209 1500 arrepta,
1231 1419 1342 1482 abrilis

118 1508 270 1574 bominum
290 1515 403 1593 furtes,
427 1526 454 1576 et
475 1504 579 1595 fipur'e
592 1519 734 1577 iuvemus
750 1527 786 1578 ut
801 1515 896 1578 bomo.
933 1516 1116 1580 Humilr'oor't
1129 1524 1342 1600 semetipsum,

117 1614 214 1690 [ertu
238 1613 377 1677 obediere
399 1635 493 1696 usque
514 1617 554 1678 el
574 1626 718 1689 mortem,
746 1627 875 1680 mortem
897 1631 997 1682 auten
1019 1624 1129 1682 cruris.
1172 1619 1290 1683 Idcirco
1313 1630 1344 1683 et

117 1714 193 1776 Deua
216 1715 369 1779 multavit
389 1716 478 1778 illum
499 1728 528 1778 et
550 1719 674 1779 donavit
695 1715 745 1779 stu·
763 1737 881 1792 nomen,
905 1721 984 1800 quorl
1006 1729 1053 1781 est
1073 1737 1167 1800 super
1184 1738 1270 1783 omre
1282 1736 1344 1783 no·
1381 1799 1387 1807 ,

118 1834 188 1890 nee,
210 1826 248 1877 ut
261 1821 304 1879 ’ire
323 1822 443 1882 nomine
465 1817 537 1880 lesu
559 1803 645 1880 omn}
666 1837 745 1897 penu
766 1821 912 1898 flectetur
933 1820 1125 1894 coelestium,
1149 1824 1345 1884 terrestrium

119 1928 143 1976 et
162 1919 373 1997 infernorum,
396 1931 425 1983 et
448 1924 542 1982 omnis
558 1919 662 2000 liapua
677 1920 870 2000 confiteatur,
893 1921 1134 2000 quod-Dominus
1149 1920 1235 1983 lesus
1253 1921 1345 1984 Cbrr’·

120 2030 179 2079 etue
201 2024 237 2081 ἐκ
258 2019 361 2098 utorio
382 2033 428 2084 ert
449 2021 507 2082 Dei
527 2020 641 2082 Patris.
671 2020 749 2092 Quid
772 2020 820 2081 bis
842 2021 1020 2083 luculentius
1043 2031 1073 2084 et
1087 2021 1253 2084 evidentius
1268 2041 1344 2102 pro·

120 2121 183 2181 ferri
204 2119 332 2200 potest?
374 2121 436 2183 Nee
458 2121 537 2182 enim
561 2141 596 2182 ex
618 2121 767 2182 deteriore
782 2121 888 2183 melior
903 2124 996 2184 lactus
1013 2131 1069 2195 rst,
1093 2123 1145 2183 sed
1160 2124 1261 2202 potius
1276 2138 1345 2185 urm

121 2220 193 2284 bens
215 2230 320 2297 esset,
344 2223 470 2284 formam
492 2222 572 2285 servi
593 2223 721 2302 aooepit,
750 2224 781 2284 in
808 2242 866 2301 qua
894 2223 1063 2302 aeoipienda
1085 2242 1147 2284 non
1168 2223 1275 2286 melior
1296 2231 1346 2286 est
1452 2257 1454 2260 ·

123 2326 249 2395 electus,
272 2324 327 2386 sed
339 2333 435 2385 semet
453 2324 552 2403 ipsum
567 2323 739 2386 humiliavit
784 2324 839 2386 Ubi
855 2324 943 2402 igitur
957 2323 1006 2386 bio
1020 2343 1134 2385 meroes
1156 2325 1272 2386 virtutis
1289 2332 1345 2399 est,

123 2426 158 2486 rel
179 2425 276 2505 qualis
299 2444 476 2505 progressus
498 2426 619 2504 qualeve
641 2426 672 2487 in
694 2424 800 2486 melius
823 2425 1039 2486 incrementum
1054 2426 1085 2486 iu
1099 2425 1270 2487 huiusmodi
1285 2426 1345 2487 hu·

122 2525 300 2589 niliatione?
344 2527 417 2588 Nam
440 2527 467 2588 si
489 2535 633 2605 quatenus
655 2544 722 2587 cum
745 2525 823 2588 Deus
846 2534 936 2599 esset,
959 2527 1049 2587 homo
1072 2527 1166 2588 lactus
1189 2535 1236 2588 est
1257 2535 1287 2587 et
1308 2544 1347 2588 ex

123 2628 270 2690 altitudine
291 2627 456 2700 descendit,
480 2627 598 2700 exaltari
622 2626 744 2701 dicitnr,
773 2646 832 2706 quo
861 2646 973 2705 quaeso
1003 2626 1102 2688 extolli
1130 2627 1192 2686 sive
1225 2625 1348 2689 exaltari
1436 2666 1440 2674 a

122 2729 275 2806 potestis,
297 2727 347 2806 qui
369 2726 449 2804 Deus
473 2727 543 2788 est?
570 2727 613 2787 Ex
636 2747 672 2788 eo
695 2727 784 2800 euim,
808 2728 887 2806 quod
902 2728 981 2788 [leus
997 2727 1035 2789 sit
1050 2726 1221 2799 altissimus,
1243 2724 1345 2804 liquet,¹
1391 2715 1393 2720 ’

123 2829 178 2891 eius
201 2848 323 2909 quoque
345 2828 474 2889 Verbum
497 2830 668 2907 necessario
692 2848 760 2890 esse
782 2828 970 2889 altissimum.
1015 2829 1082 2900 Quo
1098 2846 1168 2906 ergo
1189 2826 1275 2888 aluus
1292 2844 1346 2887 ex·

123 2931 178 2993 tolli
199 2931 301 3010 potuit
321 2930 365 3003 is,
394 2932 444 3009 qui
467 2930 496 2991 iu
518 2930 606 2990 Patre
629 2939 675 2992 est
698 2938 728 2991 et
749 2929 844 2991 Patris
869 2929 968 2990 estin
992 2927 1129 2989 omnibus
1153 2924 1346 2990 simillimus?

123 3031 217 3118 ltaque
239 3032 323 3092 nullo
345 3032 529 3094 incremento
552 3050 627 3110 opus
650 3031 740 3093 babet
761 3051 817 3092 neo
838 3031 864 3092 is
893 3039 955 3103 est,
983 3046 1071 3109 quem
1092 3029 1166 3090 lalso
1189 3028 1346 3110 suspican-

123 3140 163 3194 tur
183 3133 298 3194 Ariani.
341 3133 415 3194 Nam
437 3134 463 3194 si
485 3144 519 3193 ut
540 3133 734 3206 exaltaretur,
763 3131 891 3193 Verbum
921 3130 1088 3204 deseendit,
1104 3129 1204 3208 idque
1236 3128 1348 3191 indicat
1408 3148 1415 3162 ³

123 3232 287 3313 Scriptura,
310 3233 380 3312 quid
402 3245 466 3294 erat
487 3251 611 3295 neeesse
635 3235 767 3312 seipsum
789 3233 962 3306 humiliare,
985 3239 1018 3292 ut
1038 3230 1086 3304 id,
1108 3229 1269 3310 quodiam
1290 3225 1435 3295 hassrurs.

112 3331 220 3408 bebat,
251 3334 384 3412 aocipere
406 3333 573 3395 niteretur?
618 3334 714 3407 Quam
742 3352 833 3415 porro
862 3331 987 3411 gratiam
1016 3329 1128 3410 aceepit
1149 3330 1215 3410 ipse
1237 3330 1349 3409 gratiae

123 3433 226 3518 lator?
269 3437 328 3496 but
348 3435 499 3513 quomodo
521 3453 641 3507 nomen,
664 3454 724 3514 quo
747 3435 932 3506 adoraretur,
955 3433 1068 3512 aceepit
1089 3432 1132 3506 is,
1155 3432 1205 3511 qui
1226 3448 1349 3509 semper

122 3554 171 3596 suo
194 3534 318 3597 nomme
332 3536 388 3596 luit
402 3536 553 3610 adoratus,
577 3546 607 3598 et
621 3555 718 3614 quem,
741 3544 898 3614 antequam
916 3535 1011 3595 lactus
1027 3540 1110 3595 esset
1123 3533 1225 3605 bomo,
1248 3529 1351 3595 smett

121 3635 198 3698 bisce
220 3636 344 3698 vocibus
365 3636 557 3699 invocabant:
587 3637 685 3711 Deera,
716 3641 751 3698 tu
777 3642 898 3699 nomine
920 3647 972 3698 tuo
995 3634 1115 3696 saluum
1135 3653 1181 3695 me
1202 3627 1274 3712 sori
1303 3640 1348 3693 et:

122 3736 150 3797 tr·
169 3742 202 3800 r'rr
226 3737 370 3802 curribus
393 3751 422 3802 et
443 3738 478 3800 ta·
496 3742 528 3801 ire
551 3743 650 3820 equeb,
672 3757 729 3802 uos
751 3749 851 3801 autem
873 3744 906 3800 iu
927 3740 1047 3800 nomine
1068 3736 1193 3799 Domini
1212 3733 1271 3794 Dei
1290 3738 1350 3795 bo-

122 3983 552 4110 iiiiei⁹o‘ielazii“⁰⁹⁰⁰⁶⁶⁷“'
588 3984 711 4057 γράφω
763 3991 879 4104 raleii
892 3990 1037 4106 ῗέἔᾞῖῗὲ·
1056 3988 1155 4104 “ofili
1178 3986 1235 4116 ,ll
1251 3984 1353 4110 {ilidii
1402 4011 1407 4020 “

152 4127 176 4173 d.
193 4126 295 4187 Segner.
306 4126 406 4176 Gobler.
425 4133 448 4175 et
460 4125 564 4175 Felelrm.
577 4125 598 4173 l.
617 4117 710 4191 ἐξομο-
762 4123 816 4173 ποῦ
834 4110 884 4172 οὖν
900 4120 989 4175 uuor.
1022 4124 1110 4186 Regius
1133 4119 1191 4172 nois
1215 4103 1265 4166 οὖν
1281 4105 1354 4181 εἶχεν

120 4185 272 4255 monae.
365 4209 369 4219 ⁴
763 4195 856 4242 omisso
873 4188 974 4242 πλεῖον.
1333 4247 1344 4255 ..
1402 4250 1405 4255 .

153 4276 174 4308 e.
192 4262 234 4310 Sir
250 4261 354 4322 Segner.
391 4260 436 4310 Alii
462 4270 542 4310 autem
561 4268 585 4310 et
602 4259 659 4310 editi
679 4251 713 4307 ἂν
799 4261 821 4309 b.
840 4261 939 4310 Gobler.
951 4259 1087 4308 etleielm.
1100 4257 1122 4307 l.
1141 4245 1255 4329 ὅλόγοςο
1268 4247 1357 4299 1⁶³8

121 4322 236 4389 γίνοιτο.
763 4322 926 4392 γέγραπται.
962 4326 1037 4375 Panlo
1061 4331 1117 4388 post
1141 4323 1282 4382 Seguerren.
1308 4308 1358 4369 ln

154 4397 169 4443 l.
188 4396 287 4459 Segner.
307 4387 360 4456 uir
379 4384 484 4442 δούλου.
516 4395 579 4446 illiti
597 4389 648 4454 τὴν
664 4393 714 4444 τοῦ
764 4393 846 4442 τοῦτο
875 4385 976 4459 ζητήσῃ
1001 4389 1096 4454 λαβεῖν
1125 4382 1140 4436 b
1164 4385 1214 4447 τῆς
1238 4378 1358 4455 χάριτος

120 4456 224 4514 δούλου.
764 4453 861 4527 lule.
881 4463 980 4512 omissis
996 4457 1155 4537 intermedius·
1341 4462 1345 4471 '
