2948 5092
121 244 161 307 70
518 255 545 299 s.
560 254 713 299 ιτιιιιειειι
729 253 953 298 ιιιειιιιιοιεσουι

35 429 50 471 υ
66 401 427 490 εειῦπολαμβάνοντες,
457 401 490 468 οἱ
511 409 648 489 ποίησιν
670 387 770 467 αύτοῦ
792 398 850 487 τὴν
871 405 971 466 θείαν
992 397 1048 465 καὶ
1069 397 1212 487 ἄρρητον
1234 403 1345 487 γέννη-

122 530 176 573 σιν
197 507 302 592 λέγειν
322 504 516 589 τολμῶντες.
562 496 628 569 οὔτ’
653 491 711 568 οῦν
732 500 956 585 καταμερίζειν
975 499 1035 589 χρὴ
1059 500 1106 579 είς
1119 510 1209 585 τρεῖς
1223 499 1347 588 θεότη-

121 610 182 686 τα“ς
209 605 268 693 τὴν
295 603 493 693 θαυμαστὴν
522 600 578 668 καὶ
605 608 704 669 θείαν
724 601 869 687 μονάδα,
893 598 968 669 οῦτε
990 600 1126 689 ποιήσει
1146 600 1286 669 κωλύειν
1306 603 1345 667 τὸ

123 702 252 791 άξίωμα
272 703 329 773 καὶ
350 702 388 771 τὸ
410 700 617 790 ὑπερβάλλον
637 708 779 788 μέγεθος
800 707 859 768 τοῦ
880 709 1002 787 κυρίου,
1027 698 1111 769 6666
1125 708 1348 770 πεπιστευκέ-

122 833 178 874 ναι
206 806 254 885 είς
281 804 363 872 θεὸν
385 810 515 889 πατέρα
536 803 802 890 παντοκράτορα,
831 802 887 870 καὶ
908 803 955 881 είς
976 801 1125 888 Χριστὸν
1143 798 1266 890 Ἰησοῦν
1288 801 1349 870 τόν

123 907 196 974 υλόυ
226 903 343 987 αὐτοῦ,
371 904 428 972 καὶ
457 905 503 985 είς
523 904 563 970 τὸ
585 901 679 990 άγιον
701 908 847 987 πνεῦμα,
879 899 1036 991 ἡνῶσθαι
1058 905 1094 970 δὲ
1115 907 1162 990 τῷ
1184 907 1257 991 θεῷ
1279 907 1348 971 τῶν

124 1004 209 1074 όλων
232 1005 424 1092 τὸνλόγον·
448 1004 510 1093 ἐγὼ
531 1004 602 1091 γάρ,
626 1012 719 1094 φησί,
741 1005 797 1071 καὶ
819 1000 838 1070 6
860 1005 969 1093 πατὴρ
993 1005 1026 1072 όν
1048 1004 1189 1088 ἒσμεν’)·
1212 1004 1270 1071 καὶ
1285 993 1348 1090 ἐγώ

123 1108 158 1177 ἐν
186 1111 234 1195 τῷ
263 1114 382 1193 πατρί,
412 1107 468 1174 καὶ
496 1104 514 1172 6
542 1107 652 1196 πατὴρ
675 1107 710 1174 ἐν
731 1106 844 1191 ἐμοί’).
890 1103 976 1172 οῦτω
998 1104 1060 1191 γάρ
1083 1100 1123 1171 ἂν
1144 1104 1200 1171 καὶ
1221 1101 1241 1193 ἡ
1264 1110 1347 1172 θεία

122 1207 216 1296 τριὰς
237 1212 290 1276 καὶ
312 1209 351 1274 τὸ
374 1206 467 1294 ἅγιον
488 1206 634 1295 κήρυγμα
654 1212 712 1294 τῆς
732 1214 912 1291 μοναρχίας
934 1200 1140 1288 διασιῦζοιτο.

208 1317 258 1377 27.
302 1308 390 1394 Περὶ
417 1310 453 1375 δὲ
480 1311 539 1374 τοῦ
562 1304 678 1386 άῑδίως
707 1318 854 1374 συνεῖναι
874 1307 932 1373 τόν
954 1306 1051 1393 λόγον
1071 1311 1119 1394 τῷ
1141 1312 1261 1392 πατρί,
1292 1304 1350 1373 καὶ

121 1411 166 1497 μὴ
190 1411 303 1495 ἑτέρας
325 1404 440 1487 οὐσίας
461 1402 482 1496 6
503 1403 733 1487 ὑποστάσεως,
763 1405 848 1474 6666
869 1411 926 1497 τῆς
947 1412 1005 1474 τοῦ
1028 1407 1155 1492 πατρὸς
1177 1409 1266 1474 λ’διον
1289 1402 1349 1473 αύ-

122 1510 180 1577 τὸν
202 1506 296 1591 εἶναι,
321 1505 367 1588 (ῦς
388 1508 554 1597 εἰρήκασιν
577 1510 609 1576 ολ
631 1509 665 1576 zv
679 1512 719 1595 τῇ
735 1508 872 1595 συνόδῳ,
896 1509 1015 1589 ἐξέστω
1031 1508 1133 1576 πάλιν
1148 1504 1234 1593 ύμᾶς
1249 1503 1344 1574 6106-

125 1632 184 1678 σαι
210 1609 266 1678 καὶ
294 1610 387 1695 παρὰ
413 1614 472 1676 τοῦ
502 1609 688 1698 φιλοπόνου
715 1605 906 1694 Ὠριγενούς.
952 1608 974 1676 66
999 1611 1061 1694 ’μὲν
1089 1608 1150 1695 γάρ
1174 1604 1219 1687 ὥς
1242 1609 1346 1696 ζητῶν

40 1713 177 1781 ιιιιικαλ
200 1709 369 1795 γυμνάζων
391 1711 524 1796 ἔγραψε,
547 1714 651 1778 ταῦτα
671 1709 715 1798 μὴ
732 1705 777 1788 ιῦς
791 1705 892 1776 αὐτοῦ
903 1715 1104 1799 φρονοῦντος
1115 1712 1266 1793 δεχέσθω
1280 1731 1348 1789 τις·

124 1804 227 1877 '6666
252 1814 318 1877 τιῦν
347 1809 434 1896 πρὸς
461 1812 529 1895 ἔριν
552 1811 826 1900 φιλονεικούντων
848 1810 882 1877 ἐν
903 1815 950 1930 τηῦ
973 1811 1080 1899 ζητεῖν
1102 1806 1207 1890 άδειῦς
1230 1807 1351 1932 ὁρίζων

124 1905 260 2033 ἇποφαί
260 1936 359 1990 νεται,
383 1916 500 1978 1’τοῦτο
521 1916 580 1979 τοῦ
603 1910 790 2031 φιλοπόνου
812 1910 850 1977 τὸ
873 1910 1026 1999 φρόνημά
1048 1911 1127 1978 ἐστι.
1164 1904 1250 1995 μετά
1270 1915 1350 1998 γοῦν

123 2011 166 2078 τὰ
187 2008 233 2092 (ῦς
255 2012 320 2078 ἓν
310 2020 473 2101 γυμνασίᾳ
495 2013 652 2135 λεγόμενα
674 2011 759 2098 πρὸς
780 2011 858 2091 τοὺς
880 2012 1078 2111 αλρετικούς,
1114 2006 1215 2092 εὐθὺς
1248 2007 1351 2091 αὐτὸς

124 2111 333 2200 ἐπιφέρει
297 2140 340 2180 τα
361 2113 433 2180 ἴδια
455 2117 557 2199 λέγων
580 2111 715 2191 οὕτως’·
724 2113 811 2178 εί”
794 2136 882 2179 εστιν
905 2111 999 2180 είκών
1021 2116 1079 2178 τοῦ
1100 2113 1184 2179 θεοῦ
1206 2114 1267 2178 τοῦ
1289 2108 1350 2179 60-

123 2211 241 2334 ράτου,
272 2208 413 2299 ἇόρατος
442 2214 552 2281 εἰκών·
582 2213 645 2300 ἐγώ
674 2215 710 2280 δὲ
738 2212 905 2339 τολμησας
926 2212 1155 2300 προςθείην”
1132 2239 1187 2294 αν,
1218 2209 1273 2280 ότι
1293 2213 1351 2280 καὶ

124 2309 280 2401 ὁμοιότης
309 2318 474 2434 τυγγάνων
502 2319 561 2381 τοῦ
589 2313 717 2400 πατρὸς
739 2310 797 2380 οῦκ
819 2314 908 2382 ἔστιν
931 2310 986 2381 ότε
1009 2309 1066 2379 οῦκ
1086 2317 1135 2401 ἦν.
1179 2312 1265 2382 πότε
1286 2314 1350 2402 γὰρ

125 2410 143 2479 6
164 2411 286 2493 θεὸςί
270 2440 288 2480 ο
303 2415 386 2481 κατὰ
400 2416 458 2482 τόν
469 2411 617 2503 Ἰωάννην
634 2419 707 2503 φῶς
722 2411 938 2501 λεγόμενος,“
922 2439 940 2482 υ
954 2415 1038 2494 θεας
1052 2413 1113 2502 γάρ
1128 2416 1202 2502 φιῦς
1216 2414 1348 2495 ἐστιν’),

124 2509 327 2601 ἇπαύγασμα
350 2512 407 2582 οῦκ
430 2513 554 2598 είχε”
515 2543 573 2602 της
596 2514 682 2594 ἰδίας
705 2515 816 2604 δόξης,
840 2518 896 2582 ἵνα
916 2515 1083 2604 τολμήσας
1103 2541 1155 2594 τις
1177 2510 1278 2603 άρχην
1301 2517 1349 2600 δῷ

124 2611 210 2683 εἶναι
231 2616 304 2682 υλοῦ
325 2616 507 2739 ’πρότερον
530 2613 588 2683 οῦκ
610 2615 722 2698 όντος,·
756 2616 840 2684 πότε
863 2618 899 2684 δὲ
919 2613 939 2703 6
961 2621 1019 2704 τῆς
1041 2613 1183 2737 αἠῤῥήτου
1197 2613 1254 2683 καὶ
1268 2609 1350 2683 666-

123 2716 329 2801 τονομάστου
351 2716 407 2784 καὶ
429 2713 658 2840 άφθέγκτσυ“
641 2717 857 2796 υποστάσεως
878 2722 936 2784 τοῦ
959 2716 1087 2802 πατρὸς
1108 2714 1272 2796 οιεἰκών,
1255 2740 1275 2783 ο
1287 2741 1350 2800 χα-

123 2817 282 2938 ρακτήρλ),
306 2815 452 2905 λόγος’
436 2819 643 2905 ογινιόσκων
664 2819 723 2886 τὸν
744 2823 882 2904 πατέρα,
907 2814 964 2884 οῦκ
979 2809 1037 2906 66,-
1071 2824 1271 2884 κατανοείτω
1277 2816 1350 2939 γάρ

125 2915 143 2981 6
165 2920 296 3003 τολμῶν
318 2919 373 2985 καὶ
394 2911 554 3007 66766·3
534 2947 574 3008 ην
596 2943 680 2987 ποτε
702 2915 757 2987 ὅτε
779 2914 837 2986 οὐκ
858 2922 896 3004 ἢν
920 2915 938 2984 6
961 2914 1079 2998 6663,r
1066 2914 1120 2984 ότι
1141 2917 1210 3004 ἐρεῖ
1230 2915 1288 2983 καὶ
1309 2917 1350 2984 τὸ

125 3027 230 3104 σοφία
251 3015 393 3085 ποτὲ’
358 3044 414 3086 ουκ
434 3011 483 3107 ἦν,
505 3046 561 3087 και
552 3020 678 3106 λόγος
700 3015 758 3086 οῦκ
779 3008 827 3104 ἦν,
851 3023 905 3085 καί
928 3015 1051 3106 ζωὴ’
1015 3044 1083 3086 ουκ
1093 3009 1142 3107 ἦν.
1173 3042 1229 3085 και
1220 3017 1349 3086 πάλιν

125 3117 159 3186 ἐν
181 3116 359 3203 ἑτέροις(
326 3117 412 3186 ούτω
435 3122 536 3208 λέγει·
560 3116 628 3187 666
653 3116 690 3187 06
712 3126 813 3205 θέμις
835 3119 925 3187 ἐστὶν
940 3117 1017 3187 οῦδὲ
1031 3113 1202 3187 άκόνδυνον
1219 3116 1325 3184 διὰ
1290 3144 1351 3206 την

125 3212 303 3286 άσθίνειαν
330 3216 422 3306 ἡμῶν
449 3220 489 3287 τὸ
519 3219 597 3289 ὅσον
625 3216 676 3309 ἐφ’
700 3217 794 3309 ’ἡμῖν
816 3217 1084 3305 ἀποστερεῖσθαι
1103 3218 1162 3285 τόν
1182 3219 1267 3287 θεὸν
1288 3224 1349 3287 τοῦ

125 3314 178 3387 ἀεὶ
193 3319 348 3400 συνόντος
363 3318 452 3410 αῦτηῦ
467 3321 566 3409 λόγου
580 3326 785 3408 μονογενοῦς,
803 3328 925 3409 σοφίας
940 3319 1035 3400 όντος
1048 3310 1070 3407 ᾗ
1085 3322 1351 3407 προςέχαιρενλγ·

124 3417 211 3488 οῦτω
238 3421 299 3508 γάρ
322 3417 405 3491 οῦδὲ
421 3418 474 3492 ἀεὶ
493 3430 617 3508 χαίρων
640 3423 850 3543 νοηθησεται.
897 3421 969 3489 ἰδοὺ
991 3418 1086 3508 ἡμεῖς
1106 3421 1166 3505 μὲν
1189 3420 1224 3488 ἐκ
1245 3426 1352 3487 πατέ-

124 3548 190 3608 ρων
214 3523 262 3602 ελς
282 3529 429 3610 πατόρας
451 3526 680 3612 διαβεβηκέναι
701 3521 760 3608 τὴν
781 3521 936 3607 τοιαύτην
958 3521 1108 3589 διάνοιαν
1130 3515 1350 3588 άποδεικνόο-

122 3644 200 3707 μεν
228 3620 323 3708 ῦμείς
345 3625 396 3706 δέ,
428 3615 454 3691 6
477 3632 546 3693 νέοι
564 3621 719 3692 Ἰουδαῖοι
739 3625 795 3690 καὶ
816 3626 875 3689 τοῦ
897 3622 1039 3710 Καιάφα
1057 3627 1226 3708 μαθηταί,
1255 3627 1354 3700 τίνας

125 3722 190 3810 άρα
217 3727 284 3792 τῶν
312 3723 511 3813 ρημάτων“
493 3729 585 3810 υμῶν
613 3725 701 3808 ἔχετε
722 3724 830 3802 δείξαι
851 3729 1014 3811 πατέραςς
1048 3717 1116 3788 ἄλλ’
1142 3716 1275 3789 ούδένα
1282 3724 1351 3789 τῶν

125 3822 296 3945 φρονίμων
317 3824 373 3893 καὶ
394 3830 510 3916 σοφῶν
532 3820 572 3893 άν
587 3825 730 3893 ε’ίποιτε
753 3822 876 3903 πάντες
889 3822 950 3909 γὰρ
965 3819 1062 3944 ύμᾶς·
1065 3818 1349 3943 ἀποστρέφονται,

124 3925 212 4011 πλὴν
232 3925 336 4010 μόνου
358 3931 417 3993 τοῦ
440 3927 613 4014 διαβόλου·
635 3924 737 4010 μόνος
750 3924 811 4011 γὰρ
827 3920 904 4007 ύμῖν
916 3947 1012 4003 ουτος
1014 3949 1080 4008 της
1090 3946 1246 4010 τοιαυτης
1260 3918 1350 3990 άπα-

195 4115 219 4170 ¹}
237 4115 302 4164 Ιοεο.
323 4114 363 4175 10,
382 4114 422 4165 30.
510 4115 620 4176 2)Ιοιο.
641 4114 739 4175 14,10.
825 4112 850 4174 θ)
870 4113 968 4163 1.Ιοιο.
990 4113 1013 4174 ¹,
1032 4112 1056 4162 5.
1142 4113 1168 4173 4)
1186 4112 1260 4163 Hebr.
1281 4111 1350 4173 63.

125 4181 236 4242 6616.
256 4181 280 4244 8,
299 4181 339 4231 30.

158 4316 270 4366 &Certe
288 4315 416 4378 legendum
435 4305 528 4363 ἀλλ”
511 4331 543 4371 α,
563 4315 635 4380 idque
654 4329 708 4365 om·
761 4315 817 4394 Βος.
835 4307 905 4380 μετὰ
921 4298 1004 4380 γοῦν,
1031 4313 1072 4363 ubi
1096 4311 1137 4363 am
1160 4319 1184 4363 ει
1202 4311 1260 4362 editi
1276 4304 1351 4377 μετὰ

124 4385 181 4433 nino
200 4383 270 4444 exigit
285 4397 380 4434 εειιιιιυ.
763 4369 819 4431 οῦν.

157 4451 180 4500 b.
198 4451 240 4502 Sic
254 4450 312 4514 λος.
346 4450 391 4502 Alii
409 4458 433 4502 ει
449 4449 506 4500 editi
523 4441 631 4499 τούτου.
657 4448 709 4500 Μαι
796 4465 817 4500 ι
836 4443 942 4514 [Haec
935 4462 959 4499 ιο
977 4448 1007 4498 ιιι
1025 4461 1086 4513 quae
1104 4446 1176 4498 hodie
1194 4451 1274 4497 ωιιυι
1292 4443 1353 4495 θιί·
