2948 5092
505 264 708 310 tenerorum.
724 267 760 308 an
776 264 972 311 santrionsrr.
1289 259 1350 320 'i'ib
1455 254 1461 270 '

121 417 171 478 lta
195 417 273 477 enim
298 415 442 495 scriptum
465 427 509 476 est
532 416 686 494 trigesimo
710 417 841 478 secundo
864 418 999 479 Psalmo:
1020 420 1255 495 Verbaliomini
1277 426 1435 488 ecelinus.

120 519 248 598 firmati
268 527 351 592 surii,
375 528 403 577 et
426 515 544 597 Spiritu
568 523 630 578 oris
654 521 838 580 antemnis
861 525 963 581 oirtus
986 539 1100 584 eorum.
1143 522 1287 585 Nimirum
1311 526 1350 586 ita

121 619 256 698 Spiritus
280 618 424 679 indivisus
448 627 495 679 est
516 618 631 691 aFiiio,
655 626 687 680 ut
710 637 746 678 ex
767 638 856 698 supra
879 620 965 681 dictis
988 622 1087 684 nullus
1110 624 1240 703 supersit
1262 626 1350 686 dubi-

118 719 208 782 tandi
229 720 323 781 locus.
369 720 495 791 Quando
518 739 643 800 namque
667 720 792 782 Verbum
815 722 922 782 iactum
945 732 991 784 est
1012 724 1048 784 ad
1063 725 1252 805 Prophetam,
1276 745 1352 804 quae

119 820 251 882 aVerbo
273 820 441 900 prodibant,
465 822 495 881 in
507 821 618 900 Spiritu
640 821 815 899 loquebatur
835 822 994 902 Propheta.
1041 825 1091 886 Sic
1113 826 1190 888 enim
1207 827 1351 906 scripturn

119 933 181 991 ιιι,
205 924 235 983 in
256 922 378 983 Actibus
400 923 489 983 Petro
512 923 643 983 dicente:
672 923 734 985 Viri
752 925 881 1002 fratres,
907 928 1065 1005 oportebat
1079 928 1203 1007 impleri
1215 933 1352 1008 scriptu-

120 1043 209 1094 ram,
237 1044 326 1106 quom
351 1026 507 1105 praediscit
530 1025 667 1104 Spiritus
697 1037 839 1099 sonctus3
869 1027 947 1104 apud
969 1028 1137 1088 Zachariam
1166 1047 1255 1102 vero,
1283 1049 1351 1092 oum

119 1126 255 1187 Verbum
277 1127 314 1187 ad
337 1126 417 1186 ilturn
441 1127 549 1186 iactum
572 1136 667 1199 esset,
691 1127 833 1207 seriptum
856 1138 916 1189 est:
950 1128 1148 1192 Veruntamen
1170 1131 1264 1192 verba
1285 1150 1351 1194 mea

120 1241 156 1290 et
186 1227 316 1307 lepitrnm
343 1245 408 1288 meo
436 1232 593 1307 suscipite,
622 1248 813 1310 quaeeunque
835 1249 887 1310 eqo
907 1235 1066 1311 praecepio
1088 1237 1120 1293 in
1143 1232 1263 1311 Spiritu
1285 1217 1350 1296 meo

119 1328 296 1408 Prophetis.
342 1329 379 1388 Et
407 1329 495 1408 paulo
525 1340 593 1416 post
620 1331 762 1409 populum
791 1331 978 1410 coarguendo
1001 1332 1074 1393 baec
1095 1333 1151 1393 ait:
1181 1333 1240 1394 Cor
1261 1353 1352 1396 suarm

116 1442 298 1512 posuerunt
321 1431 527 1511 inobsequens,
550 1448 588 1491 ne
610 1433 753 1493 audirent
775 1431 867 1511 ieqem
888 1445 1033 1494 meam-et
1055 1435 1157 1505 verba,
1180 1453 1255 1515 quae
1268 1439 1353 1498 misit

118 1531 273 1593 Dominus
298 1537 483 1611 amnipotens
507 1537 539 1593 in
550 1531 669 1612 Spiritu
692 1551 749 1595 sito
767 1552 827 1613 per
842 1551 948 1595 nsotrae
961 1534 1185 1615 Prophetarum
1197 1527 1350 1616 priorum.

117 1632 202 1693 >item
224 1632 343 1694 Christo
366 1633 506 1711 loquente
528 1633 559 1693 in
581 1633 682 1706 Pauio,
706 1640 739 1694 ut
760 1635 827 1713 ipse
850 1636 905 1695 ait:
929 1637 975 1697 An
997 1642 1236 1715 experimentum
1258 1656 1351 1718 quae-

119 1738 197 1796 ritis
220 1739 283 1795 etus
307 1739 359 1814 qui
380 1740 411 1795 in
433 1754 478 1795 me
502 1735 637 1815 loquitur
660 1735 800 1797 Christi?
842 1736 1040 1798 Nihilominus
1052 1738 1194 1817 Spiritum
1216 1746 1352 1800 sanctum

119 1833 253 1896 babebat
274 1835 332 1907 iile,
356 1836 406 1913 qui
429 1835 485 1895 sibi
508 1835 596 1895 verba
619 1836 840 1914 suppeditaret,
864 1839 909 1898 sio
924 1838 1077 1918 enimipse
1093 1840 1212 1901 scribit:
1235 1839 1352 1908 Secun-¹

119 1936 198 1998 dum
230 1937 541 1999 subministrationem
575 1937 712 2016 Spiritus
741 1938 812 2000 Iesu
843 1939 958 2001 Cbristi
986 1944 1020 2001 in
1053 1960 1109 2003 me.
1165 1942 1352 2019 Rursumque

118 2037 243 2098 Christo
267 2040 296 2098 in
320 2057 353 2098 se
375 2039 514 2116 loquente
537 2038 591 2099 aitt‘
615 2038 685 2099 Nisi
704 2040 784 2120 quod
799 2039 935 2120 Spiritus
959 2054 1083 2104 sanetus
1103 2060 1161 2122 per
1185 2060 1284 2104 omnes
1308 2045 1352 2103 ci-

119 2145 234 2202 vitates
263 2140 338 2202 miii
360 2151 555 2220 protestatur
578 2142 687 2212 dicens,
711 2146 853 2220 quoniam
875 2142 997 2203 vineata
1020 2155 1049 2206 et
1071 2142 1284 2204 tribulationes
1306 2161 1353 2204 me

117 2254 257 2304 manent.
302 2242 367 2301 Non
391 2242 470 2302 enim
493 2252 573 2302 extra
596 2242 723 2302 Verbum
747 2253 790 2302 est
805 2242 945 2321 Spiritus,
969 2244 1021 2303 sed
1044 2261 1110 2304 cum
1135 2243 1175 2303 sit
1195 2242 1352 2317 imVerbo,

118 2362 180 2424 per
203 2343 300 2422 ipsum
324 2343 353 2402 in
376 2343 438 2403 Deo
462 2352 524 2415 est,
552 2345 591 2405 ita
620 2329 653 2403 ut
683 2343 812 2404 donain
836 2343 980 2403 Trinitate
1004 2343 1181 2405 tribuantur.
1225 2344 1298 2404 Nam
1322 2345 1352 2404 in

118 2446 232 2506 horum
256 2444 417 2517 divisione,
445 2455 478 2506 ut
499 2445 535 2506 ad
559 2444 731 2505 Corinthios
749 2444 876 2515 scribit,
899 2443 977 2504 idenr
1001 2445 1131 2523 Spiritus
1154 2453 1200 2505 est
1222 2453 1252 2505 et
1273 2445 1352 2505 idem

118 2547 270 2609 Dominus
293 2546 431 2626 idemque
453 2547 544 2621 Deus,
567 2547 616 2625 qui
640 2556 779 2626 operatur
801 2547 900 2606 omnia
915 2546 945 2605 in
963 2546 1112 2606 omnibus.
1142 2546 1210 2625 lpse
1224 2563 1354 2623 namque
1420 2592 1423 2597 -

119 2649 216 2710 Pater
237 2667 291 2727 per
312 2649 418 2710 Filium
442 2651 471 2709 in
494 2649 606 2727 Spiritu
629 2658 769 2727 operatur
783 2657 820 2708 -et
842 2648 891 2708 dat
914 2647 1023 2708 omnia.

212 3162 240 3222 6.
286 3159 362 3219 Sane
386 3177 452 3219 curn
476 3157 639 3219 Corinthiis
662 3157 738 3218 bene
759 3166 941 3235 precaretur,
966 3157 995 3216 in
1009 3155 1154 3216 Trinitate
1176 3153 1352 3234 precabatur

119 3262 171 3323 his
196 3260 310 3320 verbis:
340 3261 448 3322 Grutio
469 3259 593 3321 Domini
615 3259 685 3320 iesu
709 3258 825 3320 Christi
850 3269 879 3319 et
908 3263 1021 3345 raritas
1044 3257 1101 3319 Dei
1129 3242 1157 3320 et
1186 3260 1352 3318 communi-

119 3366 204 3425 eotio
231 3367 331 3423 sancti
351 3362 487 3440 Spiritus
516 3365 555 3422 sit
584 3380 651 3422 cum
679 3362 815 3423 omnibus
845 3361 940 3421 vobis.
990 3358 1063 3419 Nam
1093 3376 1160 3419 curn
1191 3357 1351 3438 participes

119 3464 219 3524 simus
241 3462 384 3542 Spiritus,
420 3461 505 3523 Verbi
533 3463 655 3540 gratiam
684 3461 827 3523 babemus
857 3472 886 3522 et
914 3461 944 3521 in
973 3460 1040 3539 ipso
1063 3460 1160 3522 Patris
1189 3459 1437 3523 caritatemnsss.

117 3567 219 3628 Porro
247 3573 280 3625 ut
309 3583 366 3624 una
394 3573 440 3625 est
468 3564 619 3626 'Vrinitatis
653 3565 761 3642 gratia,
796 3564 840 3624 sic
868 3562 993 3623 indivisa
1021 3570 1068 3623 est
1089 3562 1238 3634 Trinitas3
1271 3556 1352 3639 quod

120 3811 211 3883 ὀλίγα.
250 3818 324 3868 Paulo
349 3827 404 3882 post
428 3819 483 3879 Reg.
504 3826 527 3865 ιι
545 3818 644 3879 Saguer.
664 3815 713 3865 τοῦ
765 3809 840 3866 ἐστὶν
856 3810 908 3880 μὲν
924 3808 985 3869 aui,
1006 3824 1029 3863 ιι
1048 3815 1071 3863 in
1090 3812 1188 3862 Gobier.
1207 3820 1230 3859 et
1242 3810 1354 3890 ἱιιεΙιΙιιιι.

118 3882 220 3954 νόμον,
242 3889 314 3936 ceteri
333 3895 356 3934 et
375 3887 431 3935 editi
451 3878 513 3936 τοὺς
531 3879 640 3951 νόμους.
767 3886 788 3934 1.
807 3877 867 3931 ἔστί
884 3884 959 3931 deest.
995 3881 1067 3932 basii.
1093 3882 1182 3930 ibidem
1206 3890 1251 3926 και
1275 3893 1288 3924 o
1308 3892 1355 3924 ou-

157 3957 182 4005 d.
202 3956 298 4005 Gobier.
317 3962 340 4002 ιι
358 3953 493 4003 Veiskm.i.
512 3953 560 4002 sio:
578 3947 624 4000 καὶ
642 3951 713 3999 Παῦ·
764 3944 899 4005 τὸςθιός.
1159 4008 1166 4025 ἱ
1222 4006 1229 4022 Ι
1345 4003 1353 4022 ’

118 4022 181 4076 λος·
215 4016 240 4070 ei
272 4015 387 4086 δοκιμήν
423 4021 570 4070 intermediis
606 4020 712 4070 omissis.
799 4021 820 4067 b.
840 4020 909 4070 Gobi.
930 4027 953 4066 ιι
971 4017 1075 4066 Veicirm.
1097 4015 1117 4063 i.
1137 4028 1171 4062 τα
1190 4026 1289 4089 numu.
1309 4023 1356 4059 nae

121 4092 216 4142 ibidem
235 4086 264 4138 δι’
283 4100 337 4154 post
348 4088 472 4154 Χριστοῦ
491 4090 573 4138 deerat
590 4090 613 4137 in
633 4089 712 4147 editis,
762 4079 845 4134 πάλιν
863 4080 1024 4150 Κορινθίοις
1046 4077 1152 4148 γράφει
1177 4094 1290 4148 agapae
1308 4087 1353 4128 ete.

119 4161 166 4210 sed
188 4160 273 4221 iegitur
294 4161 316 4208 in
337 4159 392 4218 fleg.
413 4166 435 4206 et
454 4159 553 4218 Seguer.
765 4155 847 4204 moitis
872 4155 902 4203 de
929 4168 995 4202 mora
1014 4153 1120 4201 omissis.
1158 4149 1217 4199 ibid.
1236 4156 1353 4211 postero·
1375 4198 1383 4204 ,

159 4243 182 4276 ι.
202 4227 341 4277 Gobierian.
355 4235 378 4274 et
391 4227 494 4274 Feleirm.
509 4226 530 4274 i.
548 4217 586 4277 εἷς
603 4216 650 4289 tpt
668 4218 713 4272 καὶ
765 4217 826 4288 ρίου
850 4223 906 4272 editi
931 4214 1010 4286 ἡμῶν
1027 4228 1050 4268 et
1069 4227 1124 4281 post
1142 4215 1192 4265 roei
1209 4213 1277 4264 θεοῦ
1295 4215 1355 4264 haee

119 4288 206 4344 πάλιν
224 4288 255 4342 τὸ
274 4293 380 4358 πνεῦμα
398 4295 496 4342 omissis
515 4294 673 4355 interpositis.
763 4284 809 4338 arti
825 4281 931 4357 πατρός
949 4289 1053 4349 betrent3
1072 4294 1095 4334 et
1113 4287 1199 4334 desunt
1217 4282 1355 4360 eafliuiieg.

158 4366 175 4413 i.
194 4364 228 4412 Ita
256 4365 312 4424 dog.
336 4371 360 4412 et
385 4358 525 4423 Seguerian.
544 4371 617 4410 reete.
653 4360 713 4409 Editi
766 4359 865 4421 Seguer.
885 4356 954 4407 (lobi.
974 4363 997 4404 et
1017 4352 1159 4403 teretur.
1196 4352 1280 4400 Statim
1300 4357 1356 4412 post

120 4430 219 4498 λέγων.
765 4421 836 4494 μετὰ
858 4417 970 4473 πάντων
995 4423 1051 4471 editi
1077 4421 1169 4492 babent
1191 4412 1285 4485 ἡμῶν,
1310 4416 1356 4467 sed

157 4516 181 4564 g.
199 4502 240 4550 Sic
264 4501 321 4563 fleg.
346 4500 445 4561 Seguer.
463 4498 537 4547 iiasit.
577 4496 640 4545 Editi
658 4509 713 4545 reso
766 4495 824 4557 Vter.
844 4501 867 4542 et
885 4493 984 4556 Seguer.
1004 4481 1083 4556 ὑμῶν
1100 4489 1197 4539 rectius.
