2948 5092
591 244 749 291 nrosrrro
765 246 855 291 rrum.
1022 232 1025 241 '
1319 236 1340 303 9

122 416 150 461 m
167 396 251 459 Patre
271 415 328 477 par
348 396 445 477 gloria
468 404 500 459 et
519 394 610 459 virtue
631 396 722 459 simul
741 396 871 477 ingenita
892 406 955 461 est:
976 416 1046 463 nam
1061 406 1114 483 qui
1125 404 1206 467 uidet
1219 404 1427 477 Μαικία.

121 498 395 563 aeterternae.
439 499 554 580 Nemm
581 498 681 561 omnia
701 517 757 578 per
777 500 883 563 Filium
905 508 1003 563 ereata
1024 510 1110 565 sunt:
1138 512 1168 567 at
1189 522 1251 567 non
1272 508 1340 588 ipse

119 620 161 663 res
180 610 227 662 ast
248 610 359 673 mmm,
383 601 427 663 uti
449 600 497 663 iris
519 600 617 663 verbis
640 600 728 663 dooet
741 601 865 665 Paulos:
892 603 973 677 Quia
993 608 1027 665 iu
1047 608 1114 685 ipro
1138 616 1242 670 eremo
1263 619 1339 673 runt

119 706 217 775 mio,
242 714 272 765 ot
292 706 360 784 ipro
381 714 427 767 est
448 714 520 765 orato
543 708 652 766 ornrn’o.
683 702 748 765 Non
771 712 868 766 autem
884 704 954 765 dicit
968 722 1037 767 eum
1051 714 1120 768 ants
1136 708 1235 771 omnia
1250 728 1336 773 orea-

118 816 171 865 tnm
201 822 289 879 osse,
320 804 375 867 sod
404 822 475 867 esse
505 812 573 867 anta
602 804 712 867 omnia.
756 804 820 867 lioo
850 806 941 885 igitur
964 806 1086 869 verbam
1117 820 1253 874 ereetum
1274 832 1339 876 erra

117 904 149 966 dr
173 904 315 967 omuibus
348 904 471 985 quidem
502 904 622 968 dieitur:
654 906 708 967 sed
738 924 805 970 arra
836 916 904 969 ante
930 908 1029 971 omnia
1053 908 1109 970 soli
1137 910 1237 991 utique
1261 912 1423 982 ililiornu.

117 1006 252 1087 mugruit.

191 1312 223 1373 3.
268 1309 322 1371 lile
344 1310 444 1389 itaque
466 1309 544 1371 letus
566 1318 613 1373 ost
633 1320 738 1373 natura
759 1312 908 1391 perlectus
930 1328 967 1371 ex
980 1312 1123 1391 perlecto,
1146 1322 1214 1375 ante
1229 1331 1336 1377 omnes

117 1412 197 1473 colles
219 1412 359 1491 genitus,
392 1412 452 1473 hoo
485 1420 533 1473 est
564 1421 633 1474 ante
655 1430 773 1474 omnem
796 1420 931 1475 naturam
952 1412 1068 1475 ratione
1091 1420 1121 1475 et
1143 1413 1336 1495 intelligentia

117 1512 282 1593 praeditam,
305 1512 557 1593 quemadmodum
578 1512 647 1575 alibi
664 1514 772 1575 i‘aulus
795 1532 862 1575 eum
884 1522 969 1575 vorat
986 1518 1224 1597 primopenr'tunr
1239 1520 1336 1579 omnir
1380 1532 1385 1543 ·

120 1624 282 1677 erraturae.
329 1614 438 1675 ilerum
461 1632 527 1677 eum
549 1614 779 1695 primogenitum
801 1614 889 1689 dixit,
918 1615 999 1676 illum
1021 1634 1081 1677 non
1104 1623 1234 1679 creatum
1257 1636 1336 1693 esse,

117 1716 163 1777 sad
182 1720 275 1777 letum
298 1734 370 1777 esse
383 1714 482 1778 Patris
503 1716 685 1797 significarit.
729 1714 881 1795 Siquidem
903 1716 1031 1779 alienum
1052 1726 1099 1779 est
1120 1718 1157 1778 alr
1180 1718 1244 1779 eius
1259 1716 1337 1781 diri-

117 1816 213 1889 nitate,
247 1836 313 1879 rom
347 1824 477 1879 creatam
510 1818 607 1897 ipsum
641 1816 708 1880 diei.
752 1817 859 1880 Omnia
887 1816 967 1879 enim
986 1836 1011 1879 .a
1038 1818 1126 1881 Patre
1153 1836 1209 1899 per
1228 1818 1337 1881 Filium

118 1928 205 1979 ereata
231 1926 320 1980 sunt:
349 1918 434 1980 solus
462 1925 561 1979 autem
581 1918 675 1979 Filius
703 1916 740 1979 ab
769 1918 943 1981 aeternitate
971 1937 1006 1980 ex
1028 1919 1115 1981 Patre
1137 1920 1255 1999 gentitus
1277 1928 1335 1993 ost,

119 2018 187 2079 unde
207 2018 289 2081 lleus
313 2018 441 2081 i'erlrum
462 2018 677 2100 primogenitus
699 2029 745 2081 est
768 2020 866 2081 omnis
889 2030 1057 2093 creaturae,
1086 2019 1277 2083 immutabilis
1299 2038 1337 2083 ex

120 2119 294 2181 immutabili.
339 2122 442 2201 ltaque
470 2140 589 2201 eorpus,
618 2122 697 2199 quod
725 2121 843 2201 quidem
872 2130 994 2201 propter
1015 2138 1072 2183 nos
1095 2120 1252 2197 assumsit,
1286 2140 1337 2185 res

119 2232 204 2283 uota
227 2231 286 2295 est,
310 2222 348 2284 de
370 2240 431 2302 quo
452 2221 524 2283 dicit
544 2220 684 2283 Ieremias
705 2222 786 2284 iuxta
800 2222 991 2303 Septuaginta
1006 2223 1205 2302 interpretum
1226 2222 1336 2286 editio-

119 2342 193 2383 nem:
216 2324 367 2387 Dominus
391 2328 507 2386 errauit
527 2324 614 2385 nodio
637 2328 668 2384 in
687 2322 910 2404 plantationem
930 2323 1061 2390 sulutem
1082 2342 1201 2396 nouom,
1224 2328 1256 2386 in
1277 2342 1338 2407 quo

119 2426 207 2487 arieto
228 2426 365 2489 homines
389 2424 598 2487 eirornniiunt.
641 2424 806 2503 interprete
828 2430 926 2486 atatem
947 2424 1065 2504 Aquila:
1089 2426 1210 2489 Croaoit
1232 2426 1338 2489 Domi-

120 2544 170 2587 ruu
189 2546 304 2589 norrun
326 2530 359 2589 iu
381 2528 506 2605 sonnino.
551 2526 653 2586 Create
675 2544 766 2603 porro
789 2524 878 2585 nobis
894 2524 924 2586 in
938 2526 1150 2606 plantationem
1166 2527 1246 2589 salus
1260 2546 1337 2588 nova

119 2638 144 2688 ot
162 2646 220 2690 non
242 2630 375 2708 antiqua,
409 2627 497 2689 nobis
520 2635 550 2687 et
572 2645 631 2687 non
654 2634 722 2688 ante
744 2645 818 2698 nos,
841 2627 925 2687 lesus
948 2634 1004 2698 est,
1027 2628 1077 2704 qni
1099 2635 1246 2705 quatenns
1270 2628 1336 2688 Sal-

120 2738 192 2789 rator
211 2732 311 2791 iaetus
334 2730 512 2801 esthemo,
547 2746 624 2807 «purae
645 2727 763 2806 quidem
786 2746 842 2787 ron
866 2726 952 2789 testas
976 2727 1131 2806 aliquando
1154 2728 1245 2801 salus,
1280 2728 1337 2789 ali-

120 2832 226 2907 quando
256 2830 387 2892 salrator
414 2830 556 2891 redditur.
601 2828 653 2889 Est
680 2838 779 2889 autem
809 2848 844 2889 ex
867 2827 1020 2889 Salvatore
1048 2828 1146 2899 salus,
1175 2835 1208 2889 ut
1231 2847 1266 2889 ex
1288 2829 1336 2891 lu·

119 2932 188 2992 uine
216 2930 404 2993 illuminatio.
449 2930 551 3009 itaquo
579 2948 655 2991 nova
683 2948 718 2989 ex
740 2930 891 2991 Salvatore
914 2938 1009 2991 creata
1032 2928 1130 3000 saltus,
1153 2935 1185 2988 nt
1206 2930 1338 3009 loquitur

119 3030 261 3103 Ieremias,
284 3032 375 3095 nobis
396 3032 520 3093 salutent
543 3050 649 3093 trovam
671 3030 790 3093 crearit.
835 3030 886 3091 Vel
908 3038 940 3093 ul
961 3030 1048 3091 vortit
1072 3029 1190 3109 Aqurila:
1216 3030 1338 3095 Craooit

120 3134 262 3195 dominus
291 3152 403 3195 nomam
437 3139 469 3195 iu
495 3135 625 3213 sentuno,
655 3134 685 3194 id
707 3142 753 3193 est
775 3133 805 3193 iu
827 3130 928 3193 diaria.
973 3131 1051 3192 Nihil
1073 3132 1151 3194 enim
1175 3150 1284 3193 novum
1305 3132 1336 3195 in

119 3236 217 3296 lamina
239 3244 374 3297 creatum
396 3244 451 3307 est,
474 3233 531 3297 nisi
554 3233 733 3295 dominicum
757 3250 882 3313 corpus,
905 3232 983 3312 qnod
1007 3232 1097 3293 liaria
1120 3234 1201 3312 virgo
1224 3234 1337 3314 absque

119 3338 269 3399 roueubitu
293 3338 420 3417 peperit,
444 3344 476 3398 nt
498 3356 532 3397 ex
556 3354 684 3414 perseum
706 3337 773 3397 lesu
796 3336 827 3397 in
848 3334 1019 3396 Proverbiis
1042 3334 1164 3413 iegitur:
1188 3334 1337 3397 Domitius

145 3576 166 3623 d.
182 3572 548 3636 §trangressoresGruter.
560 3572 697 3621 eti'eirlrm.
783 3587 805 3633 g.
825 3556 928 3643 mpod]
948 3572 1012 3620 unrlo
1037 3586 1125 3620 nomen
1145 3572 1212 3619 iesus
1233 3586 1245 3619 a
1265 3571 1336 3619 norbo

118 3642 131 3689 Ι·
144 3658 215 3719 .³.'¹⁰⁰‘
253 3648 281 3691 ³²
300 3641 340 3689 ’Μ
359 3655 413 3717 ⁶¹¹⁰}
433 3641 503 3719 9¹⁵¹.ss
523 3634 555 3686 ¹⁶
573 3640 697 3717 ⁰¹¹¹ll¹¹¹¹¹¹²
749 3640 811 3703 ’'di''
834 3658 933 3721 proprie
951 3656 1047 3719 qrridem
1067 3656 1194 3704 ostentus:
1214 3664 1236 3703 ol
1250 3670 1339 3704 rromru

117 3710 212 3775 *lilii*
231 3716 358 3775 limem
375 3702 402 3754 ‘f‘
429 3698 697 3773 ‘'l“‘i'll03‘3‘P0Qm
750 3726 877 3787 proprium
907 3724 962 3771 inde
991 3724 1119 3771 rierlnctum
1144 3731 1208 3771 reete
1232 3724 1339 3773 Salvator

118 3782 204 3829 mm·
751 3796 857 3841 vertitur.
894 3792 955 3840 ilinc
980 3791 1137 3852 llioronynrns
1162 3788 1203 3837 lib.
1224 3790 1239 3838 Ι.
1270 3804 1338 3839 oom-

144 3895 161 3927 ε.
172 3874 700 3944 pawwffldmljncomm.501ch
753 3868 854 3908 mentor.
874 3860 898 3908 in
917 3858 1012 3907 nstin:
1032 3860 1094 3907 leam
1113 3858 1215 3907 llrirurn
1235 3872 1339 3908 sunnone

118 3948 132 3993 p¹
147 3964 215 3997 mn·
253 3948 298 3997 ffic
315 3961 391 4011 pom,
413 3944 481 3995 pocus
500 3944 536 3995 ,jc
553 3944 700 3994 inflebmo
753 3928 859 4005 Solootor
883 3928 975 3975 dicitur.
1013 3926 1080 3974 llnne
1108 3926 1187 4006 inerim
1212 3926 1339 3975 l'aeundus

121 4014 212 4077 {quun
753 3995 874 4044 llermran.
895 3994 948 4042 loro
968 4008 1040 4056 supra
1060 3988 1095 4055 [p.
1109 4008 1131 4040 o.
1152 3988 1220 4057 ng]
1240 3993 1338 4042 inundato

146 4098 227 4175 nez
253 4096 350 4172 rare
375 4092 474 4173 omn
494 4092 575 4168 uu
598 4096 665 4177 re
699 4118 705 4131 ·
753 4063 790 4180 l:
808 4062 1206 4192 {illuit,lenimina
1221 4075 1337 4185 lilii,

466 4178 541 4259 ⁸⁸¹3?
563 4180 670 4259 word,
753 4214 811 4248 nouo
829 4206 862 4247 ert
882 4205 903 4247 rt
921 4213 966 4247 non
984 4204 1055 4249 orirer.
1075 4191 1142 4245 nolis
1161 4202 1181 4245 et
1199 4211 1244 4244 non
1258 4194 1342 4258 eisqui

119 4256 136 4299 ⁵⁴¹
152 4265 197 4305 ‘⁵¹²
217 4255 379 4305 sfldf'w‘u'
388 4264 475 4301 “mm
490 4265 515 4298 ¹¹¹
527 4258 596 4311 'mir
616 4254 703 4313 {murno
753 4274 805 4315 artie
823 4282 873 4326 nor,
894 4266 956 4315 leros
974 4268 1014 4328 qui
1032 4266 1099 4312 iltuto
1113 4265 1254 4313 Solrolorrnt
1264 4267 1340 4325 [netur

117 4326 253 4374 “mimmii
269 4326 355 4373 ‘ism'
753 4340 786 4383 est
804 4336 885 4393 homo,
913 4334 953 4395 qui
970 4336 1133 4395 intorpretatur
1149 4338 1242 4395 pastor,
1264 4330 1337 4389 tolus,

144 4410 157 4456 l.
173 4410 210 4459 Sir
227 4412 329 4473 Separor.
370 4404 455 4455 Ceteri
473 4414 530 4451 roro
548 4402 637 4453 etoditi
648 4412 701 4449 σω·
751 4403 866 4449 intentum
883 4402 952 4449 etiem
969 4400 1082 4450 Solootor.
1118 4399 1182 4447 llaec
1200 4398 1232 4447 ilri
1251 4411 1341 4461 perpo-

118 4480 196 4539 litae,-
210 4472 303 4537 καινή,
324 4473 461 4527 mendoso.
752 4482 803 4517 ram
822 4482 835 4517 o
851 4470 943 4519 Graeco
966 4469 1067 4517 reddita.
