2948 5092
407 260 755 309 mut-neumam!
768 260 859 309 ΙιΙΙΙΙ
871 261 904 305 ll.
1148 327 1153 334 ι
1199 247 1262 313 m

21 413 137 477 medio
160 411 268 475 tollunt
288 410 319 473 in
340 411 503 490 perniciem
525 421 612 486 eunt,
644 429 712 475 cum
734 419 766 474 et
785 430 855 473 scra
875 412 1039 476 incarnatio
1060 413 1137 482 lacta
1158 423 1189 477 et
1209 430 1349 477 semme„

15 515 110 579 titas
133 515 207 588 visa,
229 514 321 593 grstia
344 530 463 593 quoque
485 513 660 575 testimonio
682 512 873 592 comprobata
894 514 994 577 luerit.

28 770 61 793 ,,
120 723 151 782 4.
198 717 257 777 Cur
288 714 388 794 itaque
423 714 546 794 argutiis
581 713 872 797 sophismatibusque
899 714 1102 779 contenditis?
1139 716 1205 790 Qua
1225 717 1264 780 de

24 836 124 891 musa
146 816 335 891 simulatione
357 798 490 889 utimini,
521 824 552 876 et
572 832 664 895 quare
686 816 781 895 palam
804 835 865 877 uon
887 817 1003 892 dicitis,
1036 831 1105 881 eum
1127 837 1189 881 nou
1211 838 1262 881 aa·

18 902 133 985 nnita
156 919 235 981 serui
256 919 351 980 torma
373 917 525 979 hominem
548 918 657 980 laetum
678 917 790 991 luisse,
813 917 864 979 sed
887 919 972 997 quasi
994 919 1146 982 hominem
1167 937 1262 1000 appa·-

22 1019 160 1085 nisset
202 1019 244 1081 Ea
267 1018 377 1098 quippe
399 1028 446 1081 est
463 1019 705 1099 interrogationis
733 1026 847 1083 vestrae
869 1020 1062 1102 significatio,
1095 1040 1152 1100 qua
1179 1022 1262 1083 lrsu-

25 1122 172 1189 dolenter
198 1122 263 1200 ipse
291 1130 322 1181 et
349 1120 415 1200 ipse
443 1120 548 1182 iterato
570 1120 678 1185 dicitis.
721 1121 852 1201 Ideoque
880 1139 967 1184 serae
988 1122 1183 1208 incarnationi
1207 1126 1244 1183 ad

23 1222 294 1295 munientem
323 1240 437 1301 nosque
459 1222 614 1284 calumniis
637 1223 831 1303 oppugnatis,
855 1222 1026 1304 dicitisque:
1054 1222 1198 1286 Homines
1219 1221 1346 1286 illinita

26 1326 138 1391 dicunt
159 1323 307 1386 Christum
329 1341 399 1385 esse
420 1324 581 1397 hominem,
605 1325 655 1404 qui
674 1323 755 1387 Deus
776 1326 871 1387 lactus
894 1325 944 1387 sit.
986 1325 1098 1404 Ecquid
1121 1324 1178 1385 sihi
1200 1323 1261 1387 vult

24 1426 121 1493 illud:
143 1425 181 1489 Is
199 1428 355 1507 principio
372 1436 440 1488 erut
466 1425 599 1497 Verium,
622 1433 653 1488 et
673 1425 815 1489 Formosa
836 1432 921 1490 aerei
938 1432 1089 1509 memsam
1104 1427 1200 1489 tactus
1215 1433 1262 1487 est

24 1528 143 1601 homo,
166 1544 253 1606 quam
274 1536 325 1589 aut
352 1525 519 1600 hominem,
542 1527 633 1602 aiunt,
655 1546 723 1590 cum
743 1528 807 1590 lleo
829 1527 1016 1602 existentem,
1039 1537 1090 1591 sut
1109 1526 1261 1590 hominem

24 1628 97 1695 lieo
113 1628 329 1708 complicatum,
352 1637 403 1689 sut
416 1628 567 1690 hominem
581 1646 639 1706 pro
659 1628 771 1690 mundo
793 1638 943 1691 mortuum
959 1630 1053 1709 etqui
1067 1647 1137 1708 pars
1158 1628 1261 1691 mundi

25 1731 91 1805 stt,
119 1738 170 1797 aut
190 1728 345 1790 hominem
367 1728 479 1808 pcccati
501 1747 562 1790 non
584 1738 751 1811 expertem,
775 1738 824 1791 aut
845 1731 998 1792 hominem
1017 1730 1136 1809 Angelis
1162 1729 1260 1809 impe·

21 1840 159 1903 nutem,
181 1838 232 1891 aut
252 1830 415 1901 homiuem,
438 1830 488 1909 qui
511 1848 528 1891 a
550 1831 694 1893 creaturis
709 1831 860 1905 adoretur,
883 1831 1110 1904 authominem,
1131 1829 1260 1910 quilla·
1293 1869 1313 1893 ,-

24 1933 134 1997 minus
157 1933 206 2004 sit,
228 1932 345 1993 dicente
366 1931 528 2011 Apostolo;
549 1931 665 1995 Paulos
680 1950 790 1995 servus
805 1932 876 1996 Iesu
894 1932 1017 2005 Christi,
1038 1941 1089 1995 aut
1109 1931 1261 1994 hominem

24 2033 219 2106 mutuum,
251 2033 302 2112 qui
322 2032 467 2095 llominus
491 2033 531 2094 sit
551 2032 679 2112 gloriae,
707 2042 759 2095 aut
778 2034 946 2109 hominem,
976 2034 1027 2114 qui
1049 2034 1123 2095 haec
1143 2033 1260 2096 audiat:

24 2136 110 2205 Sede
131 2155 151 2197 o
173 2136 290 2197 destris
311 2138 400 2207 orcis,
423 2143 473 2196 aut
495 2116 659 2209 ho'minem,
680 2135 732 2214 qui
753 2144 895 2197 venturus
917 2135 966 2207 sit,
990 2143 1023 2196 ut
1043 2134 1186 2196 mundum
1207 2134 1261 2195 iu·

24 2235 135 2303 dicet?
165 2235 245 2297 llaec
266 2244 311 2298 est
333 2237 435 2298 lutoso
456 2246 553 2298 vestra
576 2238 745 2307 audoenio,
772 2255 828 2315 qua
851 2235 987 2304 homines
1007 2236 1119 2314 potatis
1140 2244 1172 2296 et
1192 2235 1260 2298 iue-

22 2338 146 2403 lrriatis.
188 2338 371 2416 Interrogate
393 2356 465 2416 ergo
486 2337 632 2411 ludaeos,
667 2345 701 2398 ut
730 2355 799 2399 cum
831 2337 905 2398 haec
937 2336 1003 2416 ipss
1035 2335 1125 2398 verba
1156 2344 1260 2397 contra

25 2440 183 2505 ssiris'tum
206 2448 235 2501 et
256 2446 357 2500 contra
380 2438 491 2500 Christi
512 2438 615 2499 fideles
638 2438 754 2500 abillis
777 2438 890 2518 prolata
911 2437 1074 2510 audieritis,
1098 2435 1259 2499 eruhesca-

23 2541 80 2605 tis.
126 2539 237 2601 Discite
258 2558 377 2619 quoque
399 2540 435 2601 ab
458 2539 522 2600 aliis
544 2539 711 2613 haereticis,
735 2540 785 2619 qui
808 2539 910 2600 eadem
932 2558 1007 2618 quae
1022 2557 1076 2599 vos
1095 2537 1259 2616 loquuntur

24 2651 62 2705 et
81 2640 227 2705 sentiunt
271 2642 306 2703 ln
327 2641 457 2703 medium
472 2640 655 2703 adducantur
675 2640 775 2720 itaque
791 2640 1013 2719 haereticorum
1034 2640 1183 2718 dogmata,
1205 2656 1258 2699 ve·

23 2752 92 2807 stre
108 2743 265 2817 sententia,
287 2741 357 2804 lidei
372 2749 493 2805 nostrae
508 2741 595 2815 ratio,
618 2742 768 2821 Evangelii
782 2741 927 2816 delinitio,
941 2740 1153 2822 Apostolorum
1167 2756 1258 2818 prae-

24 2844 151 2919 dicatio,
171 2844 388 2924 Prophetarum
410 2844 616 2906 testimoninm
638 2852 669 2907 et
689 2852 825 2924 peractae
840 2843 1032 2907 oeconomiae
1045 2860 1135 2904 verus
1150 2840 1258 2903 modus

22 2964 159 3035 yet-aque
178 2945 266 3009 ratio.

116 3153 147 3215 5.
189 3140 380 3228 Respondete
403 3146 502 3226 igitur,
524 3164 581 3225 qua
603 3146 718 3208 radone
740 3144 838 3207 dicitis
851 3144 946 3211 Deum
962 3144 1134 3213 euNazmet
1148 3145 1259 3205 laetum

22 3251 134 3323 lusisse,
155 3249 319 3329 Deitatique
340 3248 459 3310 initium
481 3247 625 3309 existendi
648 3247 729 3311 iuxta
742 3246 866 3308 Paulum
881 3247 1122 3308 Samosatensem
1140 3243 1256 3307 adscri-
1370 3272 1375 3279 ·

22 3352 118 3425 hitis,
146 3358 198 3412 aut
224 3349 323 3411 camis
349 3348 571 3428 generationem
593 3348 706 3426 negatis
729 3347 809 3408 iuxta
830 3346 1013 3409 Marcionem
1033 3353 1064 3408 et
1083 3345 1160 3408 alios
1181 3346 1256 3407 hae-

21 3452 152 3525 reticos,
174 3469 230 3513 nec
249 3450 282 3511 in
303 3449 422 3513 statutis
443 3449 626 3528 Evangelicis
647 3448 794 3522 inceditis,
818 3448 873 3510 sed
894 3447 981 3511 vultis
1003 3466 1041 3509 ex
1061 3446 1182 3529 propria
1208 3445 1256 3507 lo·

23 3553 78 3637 qui
101 3549 272 3615 sententia?
313 3551 385 3614 ldeo
408 3552 488 3612 enim
510 3551 608 3614 dicitis
630 3550 725 3613 Deum
746 3570 783 3613 ex
797 3550 915 3630 Virgine
937 3559 1040 3611 natum
1061 3568 1131 3613 csse
1144 3567 1180 3611 ac
1193 3564 1255 3609 non

21 3655 124 3719 Deum
145 3661 175 3714 et
195 3651 347 3714 huminem
368 3653 449 3714 iuxta
470 3652 677 3732 Iisangelicam¹
695 3652 908 3725 definitionem,
931 3669 969 3714 ue
989 3651 1018 3713 si
1039 3649 1137 3713 carnis
1159 3666 1253 3728 geue·

21 3755 176 3820 rationem
197 3753 412 3828 confiteamini,
441 3754 536 3833 ipsam
558 3753 721 3817 naturalem
742 3753 897 3816 admittere
919 3749 1082 3833 cogamini,
1104 3767 1162 3831 qua
1183 3764 1256 3811 sane

60 4008 86 4058 d.
107 4009 207 4065 Segaer.
224 4000 270 4054 atui
286 3999 368 4054 utto
385 3998 417 4053 ri
434 3998 464 4054 lv
482 3996 560 4071 ἀρχῇ.
705 4008 729 4055 h.
748 4005 782 4056 lts
799 3997 890 4063 lactis.
909 4004 1010 4066 Seguer.
1030 4000 1128 4053 Gnhler.
1141 3997 1258 4050 etlelclr·

60 4091 83 4126 a.
103 4066 119 4134 ἢ
139 4069 291 4139 ἄνθρωπον
308 4072 375 4139 θεῷ,
394 4076 501 4136 Seguerq
670 4075 751 4123 manni
763 4074 785 4122 l.
821 4073 882 4122 Editi
900 4087 955 4121 uero
972 4066 1088 4134 γένεσιν.
1124 4065 1257 4117 llcrllssil.

60 4145 79 4193 l.
99 4144 198 4194 Gobler.
220 4151 244 4192 st
261 4135 488 4206 folmuchamp&
506 4138 562 4187 τῶν
574 4131 619 4188 ἄλ·
669 4134 734 4194 τοὺς
751 4131 846 4193 ἄλλους
862 4137 919 4189 τῶν
936 4131 1088 4203 ripuensis.

19 4208 82 4262 Μ’
101 4202 305 4289 αἱθπαῶνῖὰ
330 4203 465 4273 δόγματα·
502 4209 553 4257 ⁸⁰¹
572 4209 618 4258 S⁰'
704 4241 719 4290 i.
743 4235 791 4288 nul
812 4240 880 4291 deest
904 4241 927 4290 in
951 4237 1049 4290 Gohler.
1068 4244 1091 4286 et
1108 4233 1212 4285 Felclrn
1233 4233 1256 4282 l.
1348 4278 1353 4283 .

20 4294 96 4345 Μ·
113 4291 149 4326 W
165 4269 236 4326 “¹3¹3
253 4274 327 4342 W·
669 4307 722 4357 Ιοι
740 4309 838 4371 Segner.
858 4307 956 4359 Gchler.
974 4304 1112 4355 etl'elrlm.
1124 4302 1148 4351 1.
1164 4296 1257 4366 rimi·

16 4345 206 4477 s‘affilssiil
221 4343 428 4469 tillidi:
441 4343 618 4465 ‘illicit
670 4385 717 4454 ‘e
733 4369 841 4443 «aas
879 4374 942 4425 suu
960 4382 984 4424 et
1001 4373 1042 4422 ,c
1067 4366 1175 4436 rem
1191 4378 1257 4437 oc·

17 4475 116 4550 “dliv
132 4483 203 4535 deest
218 4481 245 4533 in
261 4480 363 4544 Segusa.
669 4454 736 4496 τοι·
