2948 5092
481 126 920 175 enarremeonrmonrrsos.
1248 106 1314 179 tte

68 282 245 365 emenoni,
271 288 503 363 constanterque
523 279 554 343 in
577 278 696 342 curten
718 279 869 353 vivamus,
889 278 1030 359 quonum
1050 280 1190 345 ants-itta
1211 281 1400 345 omniorum

74 388 143 449 rita
166 393 272 449 nostra
295 384 325 445 in
347 382 467 445 Christo
490 382 558 445 iesu
579 382 697 443 tundata
721 389 751 442 et
772 389 872 462 parata
895 382 993 443 suerit

172 490 225 551 77.
270 486 331 547 Nee
359 485 438 546 anim
460 485 492 546 in
514 483 572 545 ulio
594 501 682 563 quem
710 482 740 543 in
767 481 911 555 Domino,
944 483 995 564 qni
1024 490 1073 545 e'st
1096 493 1166 547 ente
1199 486 1316 551 nasonia
1390 555 1396 567 ³

84 597 116 650 et
135 607 194 669 per
214 606 304 669 quam
326 589 402 649 taeta
423 593 495 648 sunt
516 585 651 660 nuenario,
681 583 770 646 vitam
798 592 934 647 nostram
962 584 1079 648 fundari
1098 604 1155 679 par
1176 596 1255 660 erat,
1282 598 1318 653 ut

85 709 154 753 eum
177 689 228 753 iile
248 689 281 751 in
301 688 369 768 ipso
389 687 480 751 reiuti
503 694 600 760 esset,
628 704 687 747 nos
714 685 803 748 etia·
825 692 964 749 aetarnae
984 685 1062 749 ritae
1082 676 1226 751 niernum
1247 708 1317 757 asse

89 808 261 871 possemus.
302 788 406 851 Bonus
428 788 507 851 enim
530 795 578 849 est
598 786 687 861 Deus,
708 785 896 872 proindeque
916 804 984 849 earm
1006 786 1048 850 sit
1067 806 1187 870 sempor
1207 790 1316 866 bonus,

90 894 116 955 id
136 893 277 975 proiecto
298 890 407 969 soluit,
435 889 547 971 qnippe
567 890 620 969 qui
640 888 786 951 infirmem
807 896 941 951 nostram
961 896 1098 953 naturam
1119 890 1184 954 eius
1206 891 1316 955 auxiiio

92 1004 118 1057 ot
136 995 238 1058 uluto
258 1010 337 1074 opus
359 991 469 1054 hahere
491 998 697 1072 cognosceret.
728 990 767 1052 nt
786 989 1035 1070 quamadmodum
1057 992 1083 1055 si
1105 990 1173 1071 quis
1195 976 1316 1073 sapiens

92 1095 269 1159 udrite'etus
300 1093 423 1155 domum
456 1090 802 1183 statueretflaediflenrm
834 1090 981 1172 simulque
1009 1091 1040 1153 in
1066 1092 1167 1155 animo
1193 1093 1317 1157 haberet

91 1197 228 1272 eandem,
248 1196 277 1258 si
298 1197 376 1258 torte
397 1202 503 1275 postea
525 1193 713 1268 destruatur,
734 1194 869 1269 retinere,
891 1193 941 1257 iile
961 1194 1065 1275 utique
1084 1194 1169 1275 prius
1190 1212 1318 1277 praepa·

92 1308 170 1362 reret
189 1298 337 1379 emaque
364 1296 468 1359 nrtifiei
496 1314 546 1369 ea,
576 1313 653 1375 quae
679 1295 718 1357 ad
738 1295 983 1359 instaurationem
1010 1304 1113 1359 essent
1138 1296 1319 1373 decesseris,

91 1401 188 1483 itique
209 1400 298 1463 tieret
318 1405 385 1459 sote
407 1397 528 1459 domum
550 1396 646 1477 ipsam
668 1396 734 1461 aius
755 1396 979 1461 instaurationis
1008 1399 1212 1479 praeperati03
1239 1398 1320 1463 haud

92 1503 175 1566 aliter
194 1508 321 1563 nostrae
342 1498 447 1561 solutis
476 1498 631 1561 renovatio
651 1498 684 1562 in
705 1498 826 1563 Christo
855 1507 923 1561 ante
950 1518 1009 1561 nos
1040 1499 1160 1562 tundata
1191 1509 1253 1575 est,
1284 1508 1321 1564 nt

10 1618 12 1631 ·
92 1604 117 1667 iu
138 1605 212 1685 ipso
232 1619 352 1683 quoque
373 1600 455 1662 refici
476 1618 647 1680 possemus.
691 1598 882 1682 Quapropter
902 1601 1057 1663 eonsilium
1079 1607 1110 1662 et
1128 1602 1318 1682 propositum
1327 1610 1402 1656 ΡΜ.

10 1754 13 1781 ἱ
93 1716 157 1770 ente
179 1722 286 1769 nevum
308 1710 529 1783 mperatum,
562 1710 633 1765 tune
661 1710 760 1766 aotam
788 1704 926 1767 effaetum
948 1720 1026 1784 opus
1049 1712 1112 1777 est,
1134 1722 1201 1766 eum
1223 1702 1321 1785 eregit

93 1806 259 1871 nenessitas
286 1812 317 1867 et
337 1804 474 1867 Salvator
502 1803 628 1867 advenit,
671 1804 805 1887 Namque
821 1803 892 1886 ipse
904 1804 1050 1867 Dominus
1072 1805 1167 1869 instar
1187 1805 1321 1869 omnium

93 1910 178 1972 nobis
201 1908 236 1971 in
257 1906 346 1970 melis
368 1904 434 1977 erit,
456 1925 522 1969 eum
545 1924 602 1968 nos
617 1906 650 1969 in
670 1890 822 1970 fleternam
842 1906 934 1969 situm
955 1907 1100 1970 admittet.
1143 1906 1223 1969 Haeo
1244 1924 1319 1987 pro·

93 2011 167 2075 tecto
189 2009 330 2073 sufficere
350 2008 470 2088 possint
490 2008 528 2070 ad
550 2008 780 2084 ostendendum,
800 2008 856 2071 liei
871 2006 1001 2071 Verbum
1022 2015 1153 2071 creatum
1168 2026 1229 2070 non
1252 2026 1322 2071 essa

89 2122 263 2191 rectamque
285 2109 456 2193 Scripturas
479 2128 548 2172 esso
569 2110 758 2173 sententiam.
794 2110 904 2174 Varum
925 2110 1164 2192 quandoquidem
1186 2116 1323 2173 accurate
1368 2112 1372 2119 '

90 2232 225 2296 arpenna
252 2211 302 2275 itta
327 2212 418 2274 rerba
450 2219 564 2275 rectum
597 2230 712 2292 quaqua
740 2230 777 2275 ex
805 2224 889 2294 parto
917 2230 1041 2275 sensum
1063 2211 1214 2274 includere
1236 2227 1320 2274 eom·

82 2317 266 2393 pertentor,
298 2333 315 2376 e
342 2332 377 2375 re
405 2331 476 2375 esso
506 2312 624 2375 ridetur
650 2332 708 2377 nee
728 2314 818 2377 istum
848 2315 990 2389 retieere;
1023 2315 1100 2376 torte
1127 2313 1255 2387 aooidet‚
1287 2318 1324 2373 nt

83 2417 193 2480 multis
226 2414 387 2478 afferendis
417 2414 532 2494 pudore
564 2414 730 2477 aidoiantur
759 2415 868 2485 insani.
923 2416 978 2478 liis
1010 2423 1124 2489 autem,
1155 2430 1232 2495 quae
1263 2412 1323 2475 ianr

77 2526 214 2583 tractato
237 2526 316 2590 sunt,
340 2535 417 2596 opus
439 2516 527 2578 nobis
550 2526 612 2592 est;
634 2516 685 2580 irio
704 2517 785 2579 enim
800 2518 838 2579 de
853 2517 958 2580 eodem
972 2515 1133 2598 proverbio
1149 2515 1186 2577 de
1200 2514 1322 2601 eadem-

76 2637 149 2701 que
171 2619 320 2701 snpientia
342 2618 448 2698 agitur.
491 2618 558 2680 Non
581 2617 655 2680 dixit
675 2619 805 2681 Verbum
827 2638 862 2682 se
882 2627 987 2681 natura
1010 2637 1079 2681 asse
1101 2625 1247 2692 creatum,
1270 2616 1324 2679 sed

69 2717 122 2785 in
143 2720 317 2785 Proverbiis
339 2720 425 2782 dixit:
453 2721 604 2783 Dominus
627 2725 743 2783 ereeoit
764 2740 819 2784 me.
862 2720 1049 2782 Manifestum
1072 2726 1120 2780 est
1140 2727 1253 2791 autem,
1275 2717 1327 2781 bio

69 2840 217 2888 sensnm
249 2822 375 2903 aliquem
403 2841 465 2884 nou
496 2822 616 2884 obvium
638 2823 692 2885 sed
721 2822 862 2884 latentem
890 2821 1065 2902 significari,
1096 2837 1183 2900 quem
1206 2820 1324 2901 quidem

65 2941 329 3007 consequemur,
361 2924 388 2985 si
415 2923 566 3003 proverbii
588 2923 686 2987 seium
709 2924 910 2986 detrahamus.
954 2922 1063 3003 Ecquis
1086 2922 1165 2983 enim
1187 2920 1325 3002 opitioem

67 3025 278 3110 Sapientiam
299 3026 446 3089 dicentem
468 3025 609 3088 audiens:
631 3026 780 3089 Dominus
803 3030 919 3088 ereouit
932 3043 978 3086 ase
996 3026 1184 3105 principium
1205 3026 1327 3085 uiam

67 3145 241 3201 Senum,
274 3147 336 3191 non
369 3128 512 3190 continuo
546 3146 670 3190 sensum
697 3127 833 3208 exquirat
859 3145 1021 3207 senumque
1044 3125 1155 3205 cogitet
1175 3124 1326 3203 quomodo

68 3231 223 3294 creatrix
251 3228 347 3291 creari
374 3227 495 3309 possit?
532 3228 608 3302 Quis
638 3228 822 3309 unigenitum
844 3227 898 3291 Dei
920 3228 1026 3290 Filium
1049 3245 1083 3288 se
1104 3227 1217 3290 niumm
1237 3224 1326 3307 prin·

67 3333 206 3413 cipium
237 3330 332 3393 ornari
360 3331 489 3392 aientem
519 3331 642 3394 audiens
671 3348 732 3392 non
761 3349 818 3411 qua
840 3331 955 3392 ratione
977 3330 1008 3391 id
1030 3327 1137 3390 dixerit
1157 3327 1326 3408 investigat,

74 3434 334 3513 admireturque,
362 3432 412 3512 qui
435 3432 500 3494 iieri
523 3441 628 3512 queat,
656 3441 691 3495 ut
711 3431 882 3512 unigenitus
902 3432 996 3494 Filius
1018 3430 1179 3492 multorum
1200 3428 1327 3491 aliorum

77 3621 167 3677 etat.
192 3610 390 3673 ἇνωιαινῖσεως
414 3610 579 3684 παρασκευή,
615 3618 688 3668 Basit.
774 3620 798 3668 h.
815 3619 915 3681 Seguer.
933 3610 965 3666 τὸ
984 3607 1074 3683 ῥητόν.
1110 3616 1154 3664 tttt
1180 3624 1202 3665 et
1221 3614 1277 3663 editi
1295 3606 1328 3663 ri

81 3682 157 3751 [teg.
175 3697 200 3738 et
223 3689 330 3739 Feictm.
348 3687 372 3736 5.
390 3688 480 3738 ostent
503 3689 559 3736 item
579 3677 690 3735 simeo·
740 3682 825 3752 ῥῆμα.
861 3673 1228 3750 metamorfoseon&
1254 3675 1329 3735 ἴσως.
1392 3698 1405 3709 ·

80 3759 202 3810 vinens.
231 3756 293 3807 Editi
312 3745 690 3822 etatiieirexoismoeorsupo-
774 3757 790 3804 i.
810 3753 914 3803 Feteim.
932 3753 956 3802 d.
975 3745 1006 3799 τὸ
1024 3742 1124 3819 κύριος.
1161 3750 1329 3800 itsidemiden

79 3817 263 3890 ‘superstrui
741 3821 888 3883 et-Seauer.
911 3812 1000 3869 tamt
1022 3831 1057 3885 με
1079 3811 1117 3871 εἰς
1139 3811 1170 3883 ἔρ
1191 3832 1209 3864 α
1234 3806 1327 3864 ednod.

134 3907 155 3942 n.
172 3894 282 3969 Sepone..
298 3888 349 3949 sris
373 3884 510 3955 σωτηρίας
533 3885 582 3971 τῆς
598 3881 691 3955 ripere·
741 3890 798 3970 im.
811 3897 834 3939 et
857 3889 932 3968 ‚editio
950 3888 1068 3967 Commet.
1086 3832 1225 3969 inculpo
1243 3874 1332 3949 ἀρχὴν

89 3972 172 4077 ἷῖἳ.
196 3958 644 4092 ἳῖ’,ὲ“’ἒρ.ῗ,,ἓ“”“ἔὲῐιῖξῖ“.ᾟὶ
661 3956 693 4074 ἓν·
742 3951 1135 4093 :ittt‘ttut'tii‘ttt
1150 3948 1332 4069 iiiiii&

98 4092 224 4160 Χρίπῷ.
744 4093 862 4142 commet.
881 4093 938 4142 ibid.
958 4092 1047 4141 tabent
1064 4080 1113 4137 oa’re
1129 4080 1217 4141 dode.
1253 4084 1331 4135 Editio

137 4164 153 4212 i.
171 4161 313 4215 tetum.
328 4151 567 4221 ἀνααυισθῆναι.
592 4160 692 4224 Sepuer.
744 4160 887 4211 Porisiensis
904 4153 1043 4226 napeoetc
1061 4148 1093 4205 οὗ
1111 4154 1188 4221 sputi.
1217 4153 1268 4203 iios
1286 4152 1333 4203 Sa·

104 4230 199 4281 contar.
220 4230 325 4281 tetum.
345 4229 369 4279 1.
387 4219 579 4293 draps-‘tiras
745 4242 811 4289 paor.
837 4228 892 4290 fleg.
917 4230 1008 4289 tngttc.
1026 4225 1123 4277 Gobier.
1143 4223 1246 4272 Felcim.
1267 4221 1289 4271 i.
1307 4220 1332 4271 t.

134 4314 159 4376 β.
176 4296 276 4414 ὃῖιιι.
294 4290 500 4362 προλαμβάνων
517 4295 626 4361 etpouio
639 4303 696 4360 post
746 4302 768 4344 et
787 4297 812 4346 5.
839 4289 854 4356 ἢ
878 4293 1013 4352 nicoeno.
1049 4293 1076 4342 in
1101 4293 1156 4342 otiis
1181 4299 1205 4340 et
1228 4278 1332 4349 editisi

106 4379 170 4428 μηῐε
187 4380 199 4416 e
228 4380 258 4415 ne
273 4361 385 4432 κτίσμα.
747 4362 823 4413 deest.

22 4496 26 4507 ,
138 4455 264 4497 trunam
276 4464 329 4497 arr.
341 4462 412 4495 noer.
427 4463 476 4494 ιιι.
1096 4442 1130 4493 29
