2948 5092
440 244 555 292 auno
569 245 592 289 s.
609 246 725 290 conans
738 246 874 293 amasa
995 311 1001 322 Ι
1209 233 1272 304 278

40 411 133 464 sautu
153 397 312 482 indigeret.
354 398 394 460 dt
412 396 502 460 Verbi
534 398 677 460 adrentus
698 397 794 459 Patris
816 416 893 478 opus
914 400 1047 479 perierit.
1091 401 1167 467 iiiuc
1187 413 1358 472 remeare

46 505 81 566 si
101 503 199 566 Adur
224 503 266 566 sd
291 498 427 583 Moysen
453 519 537 563 mors
566 499 685 578 quidem
713 505 871 580 reperavit,
904 501 957 563 sed
986 502 1072 564 Verbi
1104 508 1274 583 praesentis

47 615 172 667 mntem
192 605 315 685 pennus
337 601 494 677 destruxit,
516 620 573 662 nee
594 601 719 681 amplius
741 603 773 663 in
794 603 885 664 Adam
908 605 1069 678 morimur,
1093 607 1145 667 sed
1169 625 1273 670 omues

51 707 217 769 uchristo
238 705 299 767 rita
319 705 475 767 donamur.
518 701 675 765 Praeterea
696 712 781 765 antea
808 705 910 766 alian
939 725 1033 786 usque
1061 708 1097 768 ad
1124 709 1272 772 Bersabee

51 808 92 869 lex
111 802 332 887 divulgabatur,
362 814 453 886 atque
480 803 511 866 in
539 805 602 866 sola
623 804 729 867 iudaea
752 815 842 869 notus
864 816 929 869 erat
949 807 1044 884 Deus3
1072 828 1154 872 nune
1171 822 1355 877 autemnon

53 915 215 973 nomast
236 918 353 971 terrun
373 912 470 970 sarrit
492 925 586 970 eonas
609 925 729 980 eornm,
752 918 784 970 et
805 911 904 970 omnis
925 919 1004 974 terra
1027 911 1080 972 Dei
1102 913 1272 992 cognitione

54 1020 94 1072 att
110 1010 239 1090 repieta,
267 1018 432 1089 gentesque
459 1008 615 1070 universas
643 1008 789 1071 edocuere
810 1009 969 1090 Discipuli,
1003 1030 1037 1073 ae
1063 1012 1192 1093 denique
1214 1015 1272 1076 hoa

55 1122 178 1193 tempere
204 1109 279 1173 iliud
305 1110 476 1190 Scripturae
505 1109 659 1190 impletum
684 1122 748 1172 est:
782 1111 885 1175 Erunt
912 1132 1027 1175 ornnes·
1046 1115 1129 1177 riocti
1154 1135 1173 1176 a
1194 1115 1269 1178 Deo.

55 1214 158 1276 Rasin
180 1231 257 1294 quae
278 1219 351 1274 tuno
372 1211 490 1291 quidem
511 1212 701 1292 apparebant,
723 1231 823 1275 merae
837 1222 922 1275 erant
935 1214 1056 1293 figurae,
1079 1232 1159 1277 nuno
1172 1225 1286 1282 auteur.¹
1350 1222 1353 1229 '

56 1317 108 1394 ipsa
126 1316 273 1395 patefacta
294 1314 402 1375 veritas
426 1323 486 1388 est,
517 1315 597 1394 quod
618 1313 779 1393 Apostolus
801 1323 905 1393 postea
926 1316 1105 1378 luculentius
1127 1316 1193 1396 ipse
1216 1335 1269 1378 ex-

56 1417 131 1496 plicet
149 1417 201 1478 his
222 1415 340 1477 serbis:
363 1414 402 1478 in
424 1425 544 1478 tantum
562 1420 803 1496 praestantioris
827 1423 1000 1481 testamenti
1020 1436 1153 1498 sponsor
1166 1420 1270 1498 soatrse

57 1531 92 1582 est
110 1517 214 1590 ium,
242 1527 274 1579 et
293 1535 416 1579 rursus:
443 1516 532 1580 Nune
560 1528 660 1581 autent
688 1518 886 1582 ertemarius
908 1524 1038 1584 sortitas
1067 1531 1113 1581 est
1132 1523 1272 1586 minister

58 1623 133 1697 rhu,
154 1629 270 1702 pesato
293 1630 321 1681 et
339 1622 580 1700 praestantioris
603 1625 776 1683 testamenti
795 1623 945 1684 mediator
958 1632 1013 1694 est,
1036 1623 1115 1703 prod
1129 1626 1162 1683 in
1174 1638 1271 1701 prae-

58 1721 245 1785 sterneretur
262 1722 517 1801 promissionibus
540 1725 690 1784 suentem
712 1731 766 1784 est.
804 1721 883 1784 Nam
896 1723 975 1784 niiii
994 1724 1034 1785 ad
1050 1724 1272 1802 perfectionne
1309 1728 1313 1735 '

58 1825 169 1887 street
189 1823 257 1894 len,
285 1823 339 1884 sed
360 1831 427 1884 erat
447 1820 635 1886 introductio
656 1828 723 1903 spei
738 1828 997 1904 praestantioris,
1021 1833 1051 1885 et
1071 1821 1158 1903 paulo
1180 1831 1268 1904 post:

58 1922 167 1991 inere
184 1934 234 1987 est
254 1942 332 2004 erpo·
349 1924 538 2005 exemplaria
561 1923 733 1990 maiestimn
755 1925 802 1988 itis
821 1927 975 2002 mandari,
998 1931 1066 2006 ipsa
1087 1938 1188 1990 aman
1202 1943 1271 1988 cas·

60 2025 130 2089 iestr'a
144 2027 428 2109 praestantioribus
452 2026 557 2088 iostiis
579 2045 668 2108 paam
683 2018 771 2089 istis)
804 2028 915 2088 Vocem
929 2027 1018 2103 igitur
1029 2018 1270 2107 praestantioris

58 2125 95 2187 iio
109 2136 138 2190 et
155 2146 214 2208 per
234 2134 331 2188 tetum
351 2126 503 2205 Epistolae
524 2135 698 2207 contextum
709 2125 847 2202 Domino,
870 2129 920 2208 qui
933 2129 1135 2209 praestantior
1149 2137 1180 2188 et
1193 2127 1269 2188 alius

59 2237 92 2290 et
114 2248 129 2291 a
154 2228 248 2291 rebus
275 2228 379 2303 iactis,
407 2228 551 2290 attribuit.
595 2228 748 2309 Siquidem
776 2230 977 2311 praestantius
1006 2238 1053 2291 est
1080 2229 1267 2304 samiiioium,

59 2331 121 2408 quod
139 2349 196 2412 per
214 2331 313 2411 ipsum
334 2332 502 2411 peragitur,
532 2332 735 2411 praestantior
761 2350 847 2412 spes,
880 2351 956 2412 quae
982 2332 1014 2393 in
1036 2349 1072 2392 eo
1094 2331 1267 2404 collocatur,

59 2448 84 2492 ae
97 2433 252 2512 premissa,
273 2451 351 2512 quae
371 2432 461 2494 nobis
482 2452 538 2512 per
550 2432 640 2511 ‚iilum
663 2441 733 2494 sunt
754 2436 839 2508 iacta,
862 2453 923 2496 non
947 2442 979 2495 ut
994 2451 1097 2512 magna
1114 2450 1180 2494 eum
1194 2450 1267 2511 par·

59 2533 325 2617 irrumperentur,
348 2535 401 2596 sed
424 2543 458 2596 ut
478 2534 593 2596 diversa
616 2534 652 2597 ab
675 2535 742 2597 aiiis
763 2540 879 2611 naturi,
902 2535 970 2615 quia
992 2536 1037 2609 is,
1061 2535 1111 2614 qui
1132 2535 1191 2594 ista
1213 2533 1267 2594 ed-

60 2635 226 2712 nitistrarit,
247 2636 339 2698 rebus
359 2637 443 2699 iactis
465 2644 513 2698 est
533 2638 744 2717 praestantior.

125 2945 174 3007 (id.
217 2941 282 3003 Iam
307 2959 381 3002 sero
408 2941 488 3020 quod
516 2939 638 3002 dicitur:
671 2942 775 3021 [artus
805 2951 852 3001 est
877 2957 1024 3019 sponsor,
1060 2937 1293 3016 sponsionem„

63 3057 128 3118 turm
148 3043 197 3106 itte
217 3062 275 3124 pro
296 3042 385 3105 nobis
406 3042 490 3113 iecit,
522 3043 678 3121 signifieat.
723 3042 977 3115 Quemadmodum
1007 3038 1172 3114 animilia,
1201 3056 1268 3101 nrm

64 3140 165 3208 Verbum
187 3153 287 3218 esset,
315 3163 383 3205 earo
413 3145 507 3206 iactus
530 3153 594 3220 est,
621 3124 754 3224 hocque,
784 3143 864 3223 quod
892 3144 1017 3207 dicimus
1049 3144 1157 3219 iactum
1186 3159 1267 3216 esse,

66 3246 124 3306 mn
136 3246 333 3310 adscribimus
356 3246 441 3322 (haec
455 3247 535 3308 enim
550 3248 625 3308 sacta
647 3255 677 3308 et
698 3256 796 3309 ereata
818 3250 887 3323 est),
910 3246 950 3307 ita
973 3245 1061 3307 etiam
1083 3246 1158 3307 haee
1178 3234 1267 3305 iterii

67 3342 143 3419 intus
163 3360 210 3412 est
230 3351 310 3411 iuxta
332 3349 492 3411 secandam
515 3349 762 3429 significationem
777 3349 826 3410 hio
840 3356 887 3410 est
900 3347 1100 3427 intelligenda,
1123 3355 1269 3425 quatenrrs

68 3444 175 3512 itant
193 3453 289 3513 iaetus
309 3453 401 3513 homo
424 3458 481 3512 est.
524 3452 668 3513 Norerint
688 3450 815 3532 proinde
836 3451 1004 3530 pertinaces
1032 3448 1187 3521 homines,
1215 3464 1268 3508 ra·

70 3564 118 3610 run
135 3571 250 3633 meque
281 3572 404 3634 pravum
431 3553 490 3617 hoc
515 3552 634 3615 illorum
657 3561 857 3615 commentum
879 3570 964 3624 esse3
992 3549 1114 3610 audiant
1133 3548 1268 3620 Paulum,

72 3650 102 3708 wi
117 3654 383 3736 perspectissimum
406 3664 482 3729 erat,
506 3674 574 3717 eum
598 3664 628 3717 et
648 3655 753 3716 Filium
775 3672 811 3715 ao
832 3652 1024 3733 sapientium,
1057 3650 1267 3730 splendorem-

72 3765 111 3824 tae
125 3764 152 3816 et
169 3758 328 3837 imaginem
349 3757 447 3819 Patris
469 3776 549 3831 esse,
572 3757 693 3819 minime
715 3757 762 3818 his
783 3756 884 3817 uerbis
900 3753 1067 3833 significare
1082 3753 1146 3814 eius
1162 3754 1268 3813 iactam

73 3848 139 3917 iuisse
157 3869 313 3943 naturam,
340 3858 392 3920 sed
420 3878 484 3920 eam
507 3859 668 3921 dictionem
691 3860 803 3921 referre
825 3857 861 3919 ad
877 3856 1055 3917 testamenti
1077 3853 1269 3915 administra-

73 4075 146 4178 {iim
161 4095 213 4131 enm
231 4081 290 4142 lies.
310 4073 436 4156 ttrt'aertjtf
453 4075 630 4145 λειτουργίας.
718 4080 741 4128 it.
761 4079 817 4156 Rep.
843 4069 879 4156 ”if
905 4067 999 4154 Matr:
1014 4144 1019 4155 ‚
1035 4074 1089 4154 *¹⁰¹5
1107 4075 1169 4152 idgm
1189 4080 1212 4122 et
1230 4072 1270 4120 aiii

87 4134 103 4185 ΙΙΙ
117 4152 136 4193 n
149 4149 201 4200 editi
219 4140 320 4214 irrisor
337 4140 352 4196 i
369 4140 428 4201 ries
445 4143 630 4215 etrireyeits·
683 4161 741 4197 mss.
759 4159 830 4214 repes
847 4140 921 4194 etta.
956 4145 1019 4194 Edrtr
1037 4155 1108 4209 apos
1125 4136 1211 4192 aiios.

72 4211 186 4274 ''wtt-
716 4218 730 4264 i.
750 4216 790 4264 Sic
814 4228 872 4263 mss.
915 4214 944 4263 tt
967 4213 1024 4261 editi
1044 4202 1198 4285 edduqntsrai
1214 4212 1271 4269 post

95 4307 180 4369 tauri.
198 4309 282 4369 asar
299 4310 329 4366 a
346 4309 507 4368 aaaron.
680 4275 795 4400 iiii
813 4273 1153 4412 gggp⁰⁸²ffffi⁰gffi
1162 4270 1271 4406 5533·-

94 4424 109 4471 i·
127 4417 240 4484 inplicam
273 4412 351 4488 παρὰ
378 4417 482 4470 ταῦτα·
510 4412 543 4469 τὸ
571 4409 627 4490 ἄρα
679 4431 773 4465 νουσα.
811 4417 912 4479 Seguer.
937 4411 985 4464 eni
1007 4407 1129 4464 inesse
1145 4406 1269 4477 γέγονεν,

69 4479 175 4540 ‘iinon
448 4547 456 4561 ·
679 4476 724 4533 ἵνα
740 4479 787 4534 eei
803 4483 894 4535 reiro.

93 4567 200 4624 imarus
211 4588 266 4625 err.
275 4585 348 4622 seru.
362 4586 410 4620 ssu.
1035 4564 1067 4616 18
