<?xml version="1.0" encoding="UTF-8"?>
<!DOCTYPE html PUBLIC "-//W3C//DTD XHTML 1.0 Transitional//EN"
    "http://www.w3.org/TR/xhtml1/DTD/xhtml1-transitional.dtd">
<html xmlns="http://www.w3.org/1999/xhtml" xml:lang="en" lang="en">
 <head>
  <title>
</title>
<meta http-equiv="Content-Type" content="text/html;charset=utf-8" />
  <meta name='ocr-system' content='tesseract 3.04.00' />
  <meta name='ocr-capabilities' content='ocr_page ocr_carea ocr_par ocr_line ocrx_word'/>
</head>
<body>
  <div class='ocr_page' id='page_1' title='image "./sanctiathanasii02athagoog_0532.png"; bbox 0 0 2948 5092; ppageno 0'>
   <div class='ocr_carea' id='block_1_1' title="bbox 451 244 1280 310">
    <p class='ocr_par' dir='ltr' id='par_1_1' title="bbox 451 244 1280 310">
     <span class='ocr_line' id='line_1_1' title="bbox 451 244 1280 310; baseline 0.01 -13"><span class='ocrx_word' id='word_1_1' title='bbox 451 250 567 301; x_wconf 78' lang='lat' dir='ltr'><strong>orsum</strong></span> <span class='ocrx_word' id='word_1_2' title='bbox 583 252 614 295; x_wconf 90' lang='lat' dir='ltr'><strong>n.</strong></span> <span class='ocrx_word' id='word_1_3' title='bbox 632 252 749 297; x_wconf 74' lang='lat' dir='ltr'><strong>cosroe</strong></span> <span class='ocrx_word' id='word_1_4' title='bbox 761 246 898 305; x_wconf 60' lang='lat' dir='ltr'><strong>murium</strong></span> <span class='ocrx_word' id='word_1_5' title='bbox 1217 244 1280 310; x_wconf 72' lang='grc'><strong>435</strong></span> 
     </span>
    </p>
   </div>
   <div class='ocr_carea' id='block_1_2' title="bbox 49 403 1365 897">
    <p class='ocr_par' dir='ltr' id='par_1_2' title="bbox 49 403 1365 897">
     <span class='ocr_line' id='line_1_2' title="bbox 49 403 1365 487; baseline 0.005 -18"><span class='ocrx_word' id='word_1_6' title='bbox 49 403 215 471; x_wconf 75' lang='lat' dir='ltr'><strong>admodum</strong></span> <span class='ocrx_word' id='word_1_7' title='bbox 247 421 398 484; x_wconf 77' lang='lat' dir='ltr'><strong>nunquam</strong></span> <span class='ocrx_word' id='word_1_8' title='bbox 425 421 442 464; x_wconf 89' lang='lat' dir='ltr'><strong>a</strong></span> <span class='ocrx_word' id='word_1_9' title='bbox 469 410 648 482; x_wconf 64' lang='lat' dir='ltr'><strong>peccatum</strong></span> <span class='ocrx_word' id='word_1_10' title='bbox 679 422 696 464; x_wconf 92' lang='lat' dir='ltr'><strong>a</strong></span> <span class='ocrx_word' id='word_1_11' title='bbox 727 404 940 469; x_wconf 75' lang='lat' dir='ltr'><strong>maledictione·</strong></span> <span class='ocrx_word' id='word_1_12' title='bbox 960 404 1076 469; x_wconf 81' lang='lat' dir='ltr'><strong>liberati</strong></span> <span class='ocrx_word' id='word_1_13' title='bbox 1103 409 1365 487; x_wconf 68' lang='lat' dir='ltr'><strong>miserrumum.</strong></span> 
     </span>
     <span class='ocr_line' id='line_1_3' title="bbox 51 504 1280 588; baseline 0.003 -15"><span class='ocrx_word' id='word_1_14' title='bbox 51 507 115 573; x_wconf 80' lang='lat' dir='ltr'><strong>misi</strong></span> <span class='ocrx_word' id='word_1_15' title='bbox 136 525 220 583; x_wconf 78' lang='lat' dir='ltr'><strong>mro,</strong></span> <span class='ocrx_word' id='word_1_16' title='bbox 240 523 331 588; x_wconf 76' lang='lat' dir='ltr'><strong>mum</strong></span> <span class='ocrx_word' id='word_1_17' title='bbox 349 504 446 569; x_wconf 89' lang='lat' dir='ltr'><strong>induit</strong></span> <span class='ocrx_word' id='word_1_18' title='bbox 460 505 599 578; x_wconf 78' lang='lat' dir='ltr'>Verbum,</span> <span class='ocrx_word' id='word_1_19' title='bbox 621 508 725 569; x_wconf 83' lang='lat' dir='ltr'><strong>natust</strong></span> <span class='ocrx_word' id='word_1_20' title='bbox 747 505 873 570; x_wconf 86' lang='lat' dir='ltr'><strong>bumana</strong></span> <span class='ocrx_word' id='word_1_21' title='bbox 896 515 986 582; x_wconf 84' lang='lat' dir='ltr'><strong>esset,</strong></span> <span class='ocrx_word' id='word_1_22' title='bbox 1009 508 1082 571; x_wconf 89' lang='lat' dir='ltr'><strong>nibil</strong></span> <span class='ocrx_word' id='word_1_23' title='bbox 1096 510 1176 575; x_wconf 85' lang='lat' dir='ltr'><strong>enim</strong></span> <span class='ocrx_word' id='word_1_24' title='bbox 1191 512 1280 577; x_wconf 82' lang='lat' dir='ltr'><strong>nobis</strong></span> 
     </span>
     <span class='ocr_line' id='line_1_4' title="bbox 52 608 1282 690; baseline 0.002 -15"><span class='ocrx_word' id='word_1_25' title='bbox 52 628 124 675; x_wconf 70' lang='lat' dir='ltr'><strong>mm</strong></span> <span class='ocrx_word' id='word_1_26' title='bbox 156 608 256 675; x_wconf 75' lang='lat' dir='ltr'><strong>abeno</strong></span> <span class='ocrx_word' id='word_1_27' title='bbox 283 626 319 671; x_wconf 89' lang='lat' dir='ltr'><strong>re</strong></span> <span class='ocrx_word' id='word_1_28' title='bbox 347 625 505 671; x_wconf 82' lang='lat' dir='ltr'><strong>commune</strong></span> <span class='ocrx_word' id='word_1_29' title='bbox 536 614 641 688; x_wconf 81' lang='lat' dir='ltr'><strong>posset</strong></span> <span class='ocrx_word' id='word_1_30' title='bbox 673 626 758 685; x_wconf 80' lang='lat' dir='ltr'><strong>esse3</strong></span> <span class='ocrx_word' id='word_1_31' title='bbox 788 608 827 671; x_wconf 79' lang='lat' dir='ltr'><strong>ite</strong></span> <span class='ocrx_word' id='word_1_32' title='bbox 859 627 1009 690; x_wconf 85' lang='lat' dir='ltr'><strong>nunquam</strong></span> <span class='ocrx_word' id='word_1_33' title='bbox 1040 612 1130 675; x_wconf 89' lang='lat' dir='ltr'><strong>bomo</strong></span> <span class='ocrx_word' id='word_1_34' title='bbox 1163 612 1282 678; x_wconf 78' lang='lat' dir='ltr'><strong>divinus</strong></span> 
     </span>
     <span class='ocr_line' id='line_1_5' title="bbox 54 708 1283 789; baseline 0.004 -14"><span class='ocrx_word' id='word_1_35' title='bbox 54 712 184 775; x_wconf 67' lang='lat' dir='ltr'><strong>enesim</strong></span> <span class='ocrx_word' id='word_1_36' title='bbox 210 709 335 784; x_wconf 80' lang='lat' dir='ltr'><strong>inisset,</strong></span> <span class='ocrx_word' id='word_1_37' title='bbox 368 709 428 771; x_wconf 88' lang='lat' dir='ltr'><strong>nisi</strong></span> <span class='ocrx_word' id='word_1_38' title='bbox 455 708 497 782; x_wconf 83' lang='lat' dir='ltr'><strong>is,</strong></span> <span class='ocrx_word' id='word_1_39' title='bbox 527 709 579 789; x_wconf 83' lang='lat' dir='ltr'><strong>qui</strong></span> <span class='ocrx_word' id='word_1_40' title='bbox 606 727 675 771; x_wconf 85' lang='lat' dir='ltr'><strong>caro</strong></span> <span class='ocrx_word' id='word_1_41' title='bbox 708 711 802 773; x_wconf 85' lang='lat' dir='ltr'><strong>iactus</strong></span> <span class='ocrx_word' id='word_1_42' title='bbox 834 718 896 784; x_wconf 88' lang='lat' dir='ltr'><strong>est,</strong></span> <span class='ocrx_word' id='word_1_43' title='bbox 929 715 1034 777; x_wconf 71' lang='lat' dir='ltr'><strong>nature</strong></span> <span class='ocrx_word' id='word_1_44' title='bbox 1066 722 1149 778; x_wconf 86' lang='lat' dir='ltr'><strong>esset</strong></span> <span class='ocrx_word' id='word_1_45' title='bbox 1178 734 1283 779; x_wconf 85' lang='lat' dir='ltr'><strong>verum</strong></span> 
     </span>
     <span class='ocr_line' id='line_1_6' title="bbox 55 809 1281 897; baseline 0.003 -22"><span class='ocrx_word' id='word_1_46' title='bbox 55 820 87 875; x_wconf 83' lang='lat' dir='ltr'><strong>et</strong></span> <span class='ocrx_word' id='word_1_47' title='bbox 117 811 277 893; x_wconf 76' lang='lat' dir='ltr'><strong>proprium</strong></span> <span class='ocrx_word' id='word_1_48' title='bbox 306 810 405 875; x_wconf 82' lang='lat' dir='ltr'><strong>Patris</strong></span> <span class='ocrx_word' id='word_1_49' title='bbox 438 809 575 875; x_wconf 86' lang='lat' dir='ltr'><strong>Verbum.</strong></span> <span class='ocrx_word' id='word_1_50' title='bbox 629 811 761 892; x_wconf 85' lang='lat' dir='ltr'><strong>Namque</strong></span> <span class='ocrx_word' id='word_1_51' title='bbox 792 813 901 875; x_wconf 87' lang='lat' dir='ltr'><strong>idcirco</strong></span> <span class='ocrx_word' id='word_1_52' title='bbox 934 812 1105 877; x_wconf 85' lang='lat' dir='ltr'><strong>huiusmodi</strong></span> <span class='ocrx_word' id='word_1_53' title='bbox 1132 816 1281 897; x_wconf 83' lang='lat' dir='ltr'><strong>copulatio</strong></span> 
     </span>
    </p>
   </div>
   <div class='ocr_carea' id='block_1_3' title="bbox 55 913 1294 2009">
    <p class='ocr_par' dir='ltr' id='par_1_3' title="bbox 55 913 1294 2009">
     <span class='ocr_line' id='line_1_7' title="bbox 57 913 1294 998; baseline 0.005 -21"><span class='ocrx_word' id='word_1_54' title='bbox 57 914 133 977; x_wconf 73' lang='lat' dir='ltr'><strong>mu</strong></span> <span class='ocrx_word' id='word_1_55' title='bbox 167 921 231 988; x_wconf 79' lang='lat' dir='ltr'><strong>est,</strong></span> <span class='ocrx_word' id='word_1_56' title='bbox 259 920 294 977; x_wconf 90' lang='lat' dir='ltr'><strong>ut</strong></span> <span class='ocrx_word' id='word_1_57' title='bbox 326 932 410 986; x_wconf 83' lang='lat' dir='ltr'><strong>eum,</strong></span> <span class='ocrx_word' id='word_1_58' title='bbox 444 913 495 992; x_wconf 85' lang='lat' dir='ltr'><strong>qui</strong></span> <span class='ocrx_word' id='word_1_59' title='bbox 527 916 632 977; x_wconf 79' lang='lat' dir='ltr'><strong>natust</strong></span> <span class='ocrx_word' id='word_1_60' title='bbox 665 913 757 977; x_wconf 89' lang='lat' dir='ltr'><strong>bomo</strong></span> <span class='ocrx_word' id='word_1_61' title='bbox 790 925 849 989; x_wconf 85' lang='lat' dir='ltr'><strong>eet,</strong></span> <span class='ocrx_word' id='word_1_62' title='bbox 883 934 948 978; x_wconf 92' lang='lat' dir='ltr'><strong>cum</strong></span> <span class='ocrx_word' id='word_1_63' title='bbox 983 916 1052 989; x_wconf 84' lang='lat' dir='ltr'><strong>ilio,</strong></span> <span class='ocrx_word' id='word_1_64' title='bbox 1090 919 1140 998; x_wconf 81' lang='lat' dir='ltr'><strong>qui</strong></span> <span class='ocrx_word' id='word_1_65' title='bbox 1176 922 1294 983; x_wconf 81' lang='lat' dir='ltr'><strong>naturd&#39;·</strong></span> 
     </span>
     <span class='ocr_line' id='line_1_8' title="bbox 56 1014 1282 1097; baseline 0.005 -18"><span class='ocrx_word' id='word_1_66' title='bbox 56 1014 137 1079; x_wconf 81' lang='lat' dir='ltr'><strong>bens</strong></span> <span class='ocrx_word' id='word_1_67' title='bbox 170 1023 235 1089; x_wconf 77' lang='lat' dir='ltr'><strong>est,</strong></span> <span class='ocrx_word' id='word_1_68' title='bbox 265 1016 475 1095; x_wconf 71' lang='lat' dir='ltr'><strong>coniungeret,</strong></span> <span class='ocrx_word' id='word_1_69' title='bbox 513 1015 630 1095; x_wconf 86' lang='lat' dir='ltr'><strong>hocque</strong></span> <span class='ocrx_word' id='word_1_70' title='bbox 660 1025 747 1097; x_wconf 78' lang='lat' dir='ltr'><strong>pecto</strong></span> <span class='ocrx_word' id='word_1_71' title='bbox 780 1016 894 1081; x_wconf 87' lang='lat' dir='ltr'><strong>stabilis</strong></span> <span class='ocrx_word' id='word_1_72' title='bbox 927 1027 958 1080; x_wconf 88' lang='lat' dir='ltr'><strong>et</strong></span> <span class='ocrx_word' id='word_1_73' title='bbox 987 1021 1071 1083; x_wconf 80' lang='lat' dir='ltr'><strong>firma</strong></span> <span class='ocrx_word' id='word_1_74' title='bbox 1103 1031 1187 1084; x_wconf 85' lang='lat' dir='ltr'><strong>esset</strong></span> <span class='ocrx_word' id='word_1_75' title='bbox 1217 1021 1282 1085; x_wconf 85' lang='lat' dir='ltr'><strong>eius</strong></span> 
     </span>
     <span class='ocr_line' id='line_1_9' title="bbox 55 1116 1284 1198; baseline 0.006 -19"><span class='ocrx_word' id='word_1_76' title='bbox 55 1117 137 1181; x_wconf 81' lang='lat' dir='ltr'><strong>ratus</strong></span> <span class='ocrx_word' id='word_1_77' title='bbox 169 1123 218 1190; x_wconf 86' lang='lat' dir='ltr'><strong>ot,</strong></span> <span class='ocrx_word' id='word_1_78' title='bbox 251 1124 286 1181; x_wconf 92' lang='lat' dir='ltr'><strong>ut</strong></span> <span class='ocrx_word' id='word_1_79' title='bbox 314 1116 354 1181; x_wconf 83' lang='lat' dir='ltr'><strong>itr</strong></span> <span class='ocrx_word' id='word_1_80' title='bbox 386 1117 507 1196; x_wconf 81' lang='lat' dir='ltr'><strong>loquar,</strong></span> <span class='ocrx_word' id='word_1_81' title='bbox 541 1116 699 1179; x_wconf 83' lang='lat' dir='ltr'><strong>deificatio.</strong></span> <span class='ocrx_word' id='word_1_82' title='bbox 754 1118 813 1190; x_wconf 78' lang='lat' dir='ltr'><strong>Qui</strong></span> <span class='ocrx_word' id='word_1_83' title='bbox 845 1137 916 1198; x_wconf 82' lang='lat' dir='ltr'><strong>ergo</strong></span> <span class='ocrx_word' id='word_1_84' title='bbox 948 1120 1053 1183; x_wconf 86' lang='lat' dir='ltr'><strong>Filium</strong></span> <span class='ocrx_word' id='word_1_85' title='bbox 1081 1125 1186 1185; x_wconf 81' lang='lat' dir='ltr'><strong>natust</strong></span> <span class='ocrx_word' id='word_1_86' title='bbox 1214 1140 1284 1186; x_wconf 81' lang='lat' dir='ltr'><strong>esse</strong></span> 
     </span>
     <span class='ocr_line' id='line_1_10' title="bbox 58 1217 1285 1303; baseline 0.002 -20"><span class='ocrx_word' id='word_1_87' title='bbox 58 1237 94 1283; x_wconf 78' lang='lat' dir='ltr'><strong>es</strong></span> <span class='ocrx_word' id='word_1_88' title='bbox 124 1217 219 1283; x_wconf 82' lang='lat' dir='ltr'><strong>Patre</strong></span> <span class='ocrx_word' id='word_1_89' title='bbox 255 1226 306 1283; x_wconf 81' lang='lat' dir='ltr'><strong>sut</strong></span> <span class='ocrx_word' id='word_1_90' title='bbox 342 1218 407 1281; x_wconf 88' lang='lat' dir='ltr'><strong>eius</strong></span> <span class='ocrx_word' id='word_1_91' title='bbox 444 1217 628 1281; x_wconf 86' lang='lat' dir='ltr'><strong>substantiae</strong></span> <span class='ocrx_word' id='word_1_92' title='bbox 662 1219 816 1299; x_wconf 87' lang='lat' dir='ltr'><strong>proprium</strong></span> <span class='ocrx_word' id='word_1_93' title='bbox 853 1238 921 1282; x_wconf 85' lang='lat' dir='ltr'><strong>esse</strong></span> <span class='ocrx_word' id='word_1_94' title='bbox 957 1220 1138 1298; x_wconf 76' lang='lat' dir='ltr'><strong>inficiantur,</strong></span> <span class='ocrx_word' id='word_1_95' title='bbox 1175 1228 1285 1303; x_wconf 74' lang='lat' dir='ltr'><strong>negent</strong></span> 
     </span>
     <span class='ocr_line' id='line_1_11' title="bbox 58 1320 1284 1405; baseline 0.004 -23"><span class='ocrx_word' id='word_1_96' title='bbox 58 1338 178 1400; x_wconf 66' lang='lat' dir='ltr'><strong>quoqu</strong></span> <span class='ocrx_word' id='word_1_97' title='bbox 216 1337 286 1383; x_wconf 89' lang='lat' dir='ltr'><strong>eum</strong></span> <span class='ocrx_word' id='word_1_98' title='bbox 324 1338 423 1385; x_wconf 81' lang='lat' dir='ltr'><strong>uerum</strong></span> <span class='ocrx_word' id='word_1_99' title='bbox 461 1320 619 1383; x_wconf 79' lang='lat' dir='ltr'><strong>humanam</strong></span> <span class='ocrx_word' id='word_1_100' title='bbox 657 1339 777 1383; x_wconf 82' lang='lat' dir='ltr'><strong>carnem</strong></span> <span class='ocrx_word' id='word_1_101' title='bbox 816 1340 852 1383; x_wconf 84' lang='lat' dir='ltr'><strong>ex</strong></span> <span class='ocrx_word' id='word_1_102' title='bbox 889 1323 981 1386; x_wconf 79' lang='lat' dir='ltr'><strong>bieria</strong></span> <span class='ocrx_word' id='word_1_103' title='bbox 1017 1342 1136 1405; x_wconf 82' lang='lat' dir='ltr'><strong>semper</strong></span> <span class='ocrx_word' id='word_1_104' title='bbox 1170 1324 1284 1405; x_wconf 76' lang='lat' dir='ltr'><strong>virgine</strong></span> 
     </span>
     <span class='ocr_line' id='line_1_12' title="bbox 57 1412 1285 1504; baseline 0.004 -20"><span class='ocrx_word' id='word_1_105' title='bbox 57 1412 223 1501; x_wconf 60' lang='lat' dir='ltr'><strong>ambisse</strong></span> <span class='ocrx_word' id='word_1_106' title='bbox 266 1420 345 1489; x_wconf 75' lang='lat' dir='ltr'><strong>uiuit</strong></span> <span class='ocrx_word' id='word_1_107' title='bbox 376 1423 455 1485; x_wconf 89' lang='lat' dir='ltr'><strong>onim</strong></span> <span class='ocrx_word' id='word_1_108' title='bbox 487 1421 575 1484; x_wconf 91' lang='lat' dir='ltr'><strong>nobis</strong></span> <span class='ocrx_word' id='word_1_109' title='bbox 607 1421 779 1486; x_wconf 90' lang='lat' dir='ltr'><strong>hominibus</strong></span> <span class='ocrx_word' id='word_1_110' title='bbox 811 1425 987 1504; x_wconf 76' lang='lat' dir='ltr'><strong>profuisset,</strong></span> <span class='ocrx_word' id='word_1_111' title='bbox 1018 1426 1044 1487; x_wconf 87' lang='lat' dir='ltr'><strong>si</strong></span> <span class='ocrx_word' id='word_1_112' title='bbox 1073 1444 1129 1489; x_wconf 90' lang='lat' dir='ltr'><strong>nec</strong></span> <span class='ocrx_word' id='word_1_113' title='bbox 1154 1425 1285 1489; x_wconf 82' lang='lat' dir='ltr'><strong>Verbum</strong></span> 
     </span>
     <span class='ocr_line' id='line_1_13' title="bbox 61 1516 1284 1607; baseline 0.002 -18"><span class='ocrx_word' id='word_1_114' title='bbox 61 1541 148 1589; x_wconf 74' lang='lat' dir='ltr'><strong>surus</strong></span> <span class='ocrx_word' id='word_1_115' title='bbox 171 1516 203 1587; x_wconf 78' lang='lat' dir='ltr'><strong>bt</strong></span> <span class='ocrx_word' id='word_1_116' title='bbox 223 1523 365 1589; x_wconf 81' lang='lat' dir='ltr'><strong>naturalis</strong></span> <span class='ocrx_word' id='word_1_117' title='bbox 380 1522 433 1586; x_wconf 88' lang='lat' dir='ltr'><strong>Dei</strong></span> <span class='ocrx_word' id='word_1_118' title='bbox 455 1523 533 1586; x_wconf 84' lang='lat' dir='ltr'><strong>titius</strong></span> <span class='ocrx_word' id='word_1_119' title='bbox 556 1533 647 1597; x_wconf 85' lang='lat' dir='ltr'><strong>esset,</strong></span> <span class='ocrx_word' id='word_1_120' title='bbox 669 1542 726 1586; x_wconf 90' lang='lat' dir='ltr'><strong>nec</strong></span> <span class='ocrx_word' id='word_1_121' title='bbox 746 1543 813 1587; x_wconf 79' lang='lat' dir='ltr'><strong>uere</strong></span> <span class='ocrx_word' id='word_1_122' title='bbox 829 1533 912 1587; x_wconf 88' lang='lat' dir='ltr'><strong>esset</strong></span> <span class='ocrx_word' id='word_1_123' title='bbox 924 1544 1004 1599; x_wconf 88' lang='lat' dir='ltr'><strong>carn,</strong></span> <span class='ocrx_word' id='word_1_124' title='bbox 1027 1545 1114 1607; x_wconf 84' lang='lat' dir='ltr'><strong>quom</strong></span> <span class='ocrx_word' id='word_1_125' title='bbox 1129 1527 1284 1591; x_wconf 75' lang='lat' dir='ltr'><strong>assumsit.</strong></span> 
     </span>
     <span class='ocr_line' id='line_1_14' title="bbox 60 1625 1286 1706; baseline 0.002 -15"><span class='ocrx_word' id='word_1_126' title='bbox 60 1625 120 1691; x_wconf 78' lang='lat' dir='ltr'><strong>Sed</strong></span> <span class='ocrx_word' id='word_1_127' title='bbox 139 1625 279 1706; x_wconf 74' lang='lat' dir='ltr'><strong>protecto</strong></span> <span class='ocrx_word' id='word_1_128' title='bbox 300 1644 399 1689; x_wconf 79' lang='lat' dir='ltr'><strong>verum</strong></span> <span class='ocrx_word' id='word_1_129' title='bbox 421 1625 534 1706; x_wconf 85' lang='lat' dir='ltr'><strong>accepit</strong></span> <span class='ocrx_word' id='word_1_130' title='bbox 555 1643 684 1700; x_wconf 86' lang='lat' dir='ltr'><strong>carnem,</strong></span> <span class='ocrx_word' id='word_1_131' title='bbox 707 1626 894 1704; x_wconf 82' lang='lat' dir='ltr'><strong>quantumvis</strong></span> <span class='ocrx_word' id='word_1_132' title='bbox 908 1629 988 1690; x_wconf 83' lang='lat' dir='ltr'><strong>iurat</strong></span> <span class='ocrx_word' id='word_1_133' title='bbox 1002 1626 1182 1691; x_wconf 82' lang='lat' dir='ltr'><strong>Valentinus.</strong></span> <span class='ocrx_word' id='word_1_134' title='bbox 1214 1628 1286 1693; x_wconf 78' lang='lat' dir='ltr'><strong>Erat</strong></span> 
     </span>
     <span class='ocr_line' id='line_1_15' title="bbox 62 1726 1285 1810; baseline 0.005 -21"><span class='ocrx_word' id='word_1_135' title='bbox 62 1727 130 1791; x_wconf 87' lang='lat' dir='ltr'><strong>item</strong></span> <span class='ocrx_word' id='word_1_136' title='bbox 153 1732 185 1789; x_wconf 88' lang='lat' dir='ltr'><strong>et</strong></span> <span class='ocrx_word' id='word_1_137' title='bbox 206 1729 312 1793; x_wconf 73' lang='lat' dir='ltr'><strong>uetuit</strong></span> <span class='ocrx_word' id='word_1_138' title='bbox 332 1735 363 1788; x_wconf 89' lang='lat' dir='ltr'><strong>et</strong></span> <span class='ocrx_word' id='word_1_139' title='bbox 383 1745 484 1790; x_wconf 82' lang='lat' dir='ltr'><strong>rerum</strong></span> <span class='ocrx_word' id='word_1_140' title='bbox 505 1726 559 1788; x_wconf 86' lang='lat' dir='ltr'><strong>Dei</strong></span> <span class='ocrx_word' id='word_1_141' title='bbox 582 1726 726 1801; x_wconf 78' lang='lat' dir='ltr'><strong>Verbum,</strong></span> <span class='ocrx_word' id='word_1_142' title='bbox 749 1728 898 1791; x_wconf 85' lang='lat' dir='ltr'><strong>insaniant</strong></span> <span class='ocrx_word' id='word_1_143' title='bbox 917 1727 986 1791; x_wconf 84' lang='lat' dir='ltr'><strong>licet</strong></span> <span class='ocrx_word' id='word_1_144' title='bbox 1005 1729 1121 1802; x_wconf 78' lang='lat' dir='ltr'><strong>Ariani,</strong></span> <span class='ocrx_word' id='word_1_145' title='bbox 1144 1738 1232 1810; x_wconf 80' lang='lat' dir='ltr'><strong>atque</strong></span> <span class='ocrx_word' id='word_1_146' title='bbox 1252 1730 1285 1795; x_wconf 86' lang='lat' dir='ltr'><strong>iu</strong></span> 
     </span>
     <span class='ocr_line' id='line_1_16' title="bbox 61 1828 1286 1911; baseline 0.003 -20"><span class='ocrx_word' id='word_1_147' title='bbox 61 1846 93 1891; x_wconf 82' lang='lat' dir='ltr'><strong>ea</strong></span> <span class='ocrx_word' id='word_1_148' title='bbox 111 1845 206 1893; x_wconf 79' lang='lat' dir='ltr'><strong>eosne</strong></span> <span class='ocrx_word' id='word_1_149' title='bbox 227 1835 365 1891; x_wconf 83' lang='lat' dir='ltr'><strong>nostrum</strong></span> <span class='ocrx_word' id='word_1_150' title='bbox 386 1847 480 1891; x_wconf 79' lang='lat' dir='ltr'><strong>nouae</strong></span> <span class='ocrx_word' id='word_1_151' title='bbox 501 1828 660 1891; x_wconf 77' lang='lat' dir='ltr'><strong>creationis</strong></span> <span class='ocrx_word' id='word_1_152' title='bbox 689 1829 745 1891; x_wconf 82' lang='lat' dir='ltr'><strong>tuit</strong></span> <span class='ocrx_word' id='word_1_153' title='bbox 770 1829 963 1909; x_wconf 82' lang='lat' dir='ltr'><strong>principium,</strong></span> <span class='ocrx_word' id='word_1_154' title='bbox 994 1829 1086 1893; x_wconf 91' lang='lat' dir='ltr'><strong>bomo</strong></span> <span class='ocrx_word' id='word_1_155' title='bbox 1112 1849 1169 1911; x_wconf 86' lang='lat' dir='ltr'><strong>pro</strong></span> <span class='ocrx_word' id='word_1_156' title='bbox 1197 1831 1286 1895; x_wconf 86' lang='lat' dir='ltr'><strong>nobis</strong></span> 
     </span>
     <span class='ocr_line' id='line_1_17' title="bbox 61 1929 1094 2009; baseline 0 -16"><span class='ocrx_word' id='word_1_157' title='bbox 61 1938 187 2001; x_wconf 76' lang='lat' dir='ltr'><strong>creatum,</strong></span> <span class='ocrx_word' id='word_1_158' title='bbox 208 1929 261 2009; x_wconf 80' lang='lat' dir='ltr'><strong>qui</strong></span> <span class='ocrx_word' id='word_1_159' title='bbox 282 1936 313 1991; x_wconf 84' lang='lat' dir='ltr'><strong>et</strong></span> <span class='ocrx_word' id='word_1_160' title='bbox 333 1929 420 1992; x_wconf 91' lang='lat' dir='ltr'><strong>nobis</strong></span> <span class='ocrx_word' id='word_1_161' title='bbox 443 1930 519 1993; x_wconf 80' lang='lat' dir='ltr'><strong>siem</strong></span> <span class='ocrx_word' id='word_1_162' title='bbox 542 1930 631 2004; x_wconf 84' lang='lat' dir='ltr'><strong>illam,</strong></span> <span class='ocrx_word' id='word_1_163' title='bbox 654 1931 697 1995; x_wconf 90' lang='lat' dir='ltr'><strong>uti</strong></span> <span class='ocrx_word' id='word_1_164' title='bbox 720 1930 830 1993; x_wconf 88' lang='lat' dir='ltr'><strong>dictum</strong></span> <span class='ocrx_word' id='word_1_165' title='bbox 853 1939 910 2005; x_wconf 80' lang='lat' dir='ltr'><strong>est,</strong></span> <span class='ocrx_word' id='word_1_166' title='bbox 932 1932 1094 1996; x_wconf 81' lang='lat' dir='ltr'><strong>renovavit.</strong></span> 
     </span>
    </p>
   </div>
   <div class='ocr_carea' id='block_1_4' title="bbox 66 2130 1377 3327">
    <p class='ocr_par' dir='ltr' id='par_1_4' title="bbox 66 2130 1377 3327">
     <span class='ocr_line' id='line_1_18' title="bbox 147 2130 1288 2215; baseline 0 -19"><span class='ocrx_word' id='word_1_167' title='bbox 147 2134 201 2196; x_wconf 81' lang='grc'><strong>71.</strong></span> <span class='ocrx_word' id='word_1_168' title='bbox 245 2130 347 2210; x_wconf 75' lang='lat' dir='ltr'><strong>tuque</strong></span> <span class='ocrx_word' id='word_1_169' title='bbox 368 2131 496 2195; x_wconf 87' lang='lat' dir='ltr'><strong>Verbum</strong></span> <span class='ocrx_word' id='word_1_170' title='bbox 518 2151 574 2194; x_wconf 89' lang='lat' dir='ltr'><strong>ncc</strong></span> <span class='ocrx_word' id='word_1_171' title='bbox 594 2151 644 2195; x_wconf 86' lang='lat' dir='ltr'><strong>res</strong></span> <span class='ocrx_word' id='word_1_172' title='bbox 667 2140 715 2195; x_wconf 88' lang='lat' dir='ltr'><strong>est</strong></span> <span class='ocrx_word' id='word_1_173' title='bbox 735 2141 833 2197; x_wconf 88' lang='lat' dir='ltr'><strong>creata</strong></span> <span class='ocrx_word' id='word_1_174' title='bbox 854 2151 910 2197; x_wconf 88' lang='lat' dir='ltr'><strong>nec</strong></span> <span class='ocrx_word' id='word_1_175' title='bbox 931 2152 1019 2215; x_wconf 88' lang='lat' dir='ltr'><strong>opus.</strong></span> <span class='ocrx_word' id='word_1_176' title='bbox 1051 2134 1125 2197; x_wconf 87' lang='lat' dir='ltr'><strong>Nam</strong></span> <span class='ocrx_word' id='word_1_177' title='bbox 1146 2133 1225 2197; x_wconf 87' lang='lat' dir='ltr'><strong>idem</strong></span> <span class='ocrx_word' id='word_1_178' title='bbox 1240 2144 1288 2199; x_wconf 82' lang='lat' dir='ltr'><strong>est</strong></span> 
     </span>
     <span class='ocr_line' id='line_1_19' title="bbox 66 2233 1289 2314; baseline 0.003 -19"><span class='ocrx_word' id='word_1_179' title='bbox 66 2251 110 2295; x_wconf 84' lang='lat' dir='ltr'><strong>rus</strong></span> <span class='ocrx_word' id='word_1_180' title='bbox 132 2240 234 2298; x_wconf 72' lang='lat' dir='ltr'><strong>meato</strong></span> <span class='ocrx_word' id='word_1_181' title='bbox 249 2239 280 2293; x_wconf 87' lang='lat' dir='ltr'><strong>et</strong></span> <span class='ocrx_word' id='word_1_182' title='bbox 292 2233 367 2297; x_wconf 79' lang='lat' dir='ltr'><strong>iacta</strong></span> <span class='ocrx_word' id='word_1_183' title='bbox 382 2243 470 2312; x_wconf 83' lang='lat' dir='ltr'><strong>atque</strong></span> <span class='ocrx_word' id='word_1_184' title='bbox 486 2251 580 2314; x_wconf 83' lang='lat' dir='ltr'><strong>opus;</strong></span> <span class='ocrx_word' id='word_1_185' title='bbox 603 2234 682 2297; x_wconf 84' lang='lat' dir='ltr'><strong>unde</strong></span> <span class='ocrx_word' id='word_1_186' title='bbox 704 2236 731 2295; x_wconf 90' lang='lat' dir='ltr'><strong>si</strong></span> <span class='ocrx_word' id='word_1_187' title='bbox 754 2252 804 2295; x_wconf 87' lang='lat' dir='ltr'><strong>res</strong></span> <span class='ocrx_word' id='word_1_188' title='bbox 826 2242 922 2297; x_wconf 88' lang='lat' dir='ltr'><strong>creata</strong></span> <span class='ocrx_word' id='word_1_189' title='bbox 944 2243 975 2296; x_wconf 91' lang='lat' dir='ltr'><strong>et</strong></span> <span class='ocrx_word' id='word_1_190' title='bbox 994 2235 1069 2297; x_wconf 84' lang='lat' dir='ltr'><strong>iacta</strong></span> <span class='ocrx_word' id='word_1_191' title='bbox 1092 2244 1182 2309; x_wconf 84' lang='lat' dir='ltr'><strong>esset,</strong></span> <span class='ocrx_word' id='word_1_192' title='bbox 1204 2242 1289 2299; x_wconf 86' lang='lat' dir='ltr'><strong>esset</strong></span> 
     </span>
     <span class='ocr_line' id='line_1_20' title="bbox 66 2332 1288 2418; baseline 0.006 -25"><span class='ocrx_word' id='word_1_193' title='bbox 66 2350 181 2413; x_wconf 71' lang='lat' dir='ltr'><strong>meque</strong></span> <span class='ocrx_word' id='word_1_194' title='bbox 196 2350 282 2412; x_wconf 86' lang='lat' dir='ltr'><strong>opus.</strong></span> <span class='ocrx_word' id='word_1_195' title='bbox 325 2332 402 2397; x_wconf 86' lang='lat' dir='ltr'><strong>Hinc</strong></span> <span class='ocrx_word' id='word_1_196' title='bbox 423 2352 483 2397; x_wconf 89' lang='lat' dir='ltr'><strong>non</strong></span> <span class='ocrx_word' id='word_1_197' title='bbox 506 2334 592 2397; x_wconf 80' lang='lat' dir='ltr'><strong>dixit:</strong></span> <span class='ocrx_word' id='word_1_198' title='bbox 616 2335 732 2397; x_wconf 81' lang='lat' dir='ltr'><strong>Grearit</strong></span> <span class='ocrx_word' id='word_1_199' title='bbox 754 2355 801 2398; x_wconf 90' lang='lat' dir='ltr'><strong>me</strong></span> <span class='ocrx_word' id='word_1_200' title='bbox 816 2355 903 2417; x_wconf 87' lang='lat' dir='ltr'><strong>opus,</strong></span> <span class='ocrx_word' id='word_1_201' title='bbox 927 2354 1039 2416; x_wconf 86' lang='lat' dir='ltr'><strong>neque:</strong></span> <span class='ocrx_word' id='word_1_202' title='bbox 1062 2355 1128 2399; x_wconf 91' lang='lat' dir='ltr'><strong>cum</strong></span> <span class='ocrx_word' id='word_1_203' title='bbox 1144 2336 1288 2418; x_wconf 86' lang='lat' dir='ltr'><strong>operibus</strong></span> 
     </span>
     <span class='ocr_line' id='line_1_21' title="bbox 69 2433 1289 2517; baseline 0.005 -22"><span class='ocrx_word' id='word_1_204' title='bbox 69 2433 143 2507; x_wconf 80' lang='lat' dir='ltr'><strong>tecit,</strong></span> <span class='ocrx_word' id='word_1_205' title='bbox 165 2452 207 2495; x_wconf 89' lang='lat' dir='ltr'><strong>ne</strong></span> <span class='ocrx_word' id='word_1_206' title='bbox 227 2437 332 2499; x_wconf 81' lang='lat' dir='ltr'><strong>ueturt</strong></span> <span class='ocrx_word' id='word_1_207' title='bbox 354 2440 385 2499; x_wconf 89' lang='lat' dir='ltr'><strong>et</strong></span> <span class='ocrx_word' id='word_1_208' title='bbox 399 2435 564 2499; x_wconf 79' lang='lat' dir='ltr'><strong>substantid</strong></span> <span class='ocrx_word' id='word_1_209' title='bbox 586 2455 636 2500; x_wconf 91' lang='lat' dir='ltr'><strong>res</strong></span> <span class='ocrx_word' id='word_1_210' title='bbox 660 2445 756 2500; x_wconf 88' lang='lat' dir='ltr'><strong>creata</strong></span> <span class='ocrx_word' id='word_1_211' title='bbox 773 2456 842 2500; x_wconf 90' lang='lat' dir='ltr'><strong>esse</strong></span> <span class='ocrx_word' id='word_1_212' title='bbox 862 2438 1021 2510; x_wconf 86' lang='lat' dir='ltr'><strong>videretur,</strong></span> <span class='ocrx_word' id='word_1_213' title='bbox 1044 2456 1154 2517; x_wconf 90' lang='lat' dir='ltr'><strong>neque:</strong></span> <span class='ocrx_word' id='word_1_214' title='bbox 1177 2438 1289 2501; x_wconf 81' lang='lat' dir='ltr'><strong>creavit</strong></span> 
     </span>
     <span class='ocr_line' id='line_1_22' title="bbox 68 2534 1291 2618; baseline 0.004 -19"><span class='ocrx_word' id='word_1_215' title='bbox 68 2554 114 2599; x_wconf 80' lang='lat' dir='ltr'><strong>ne</strong></span> <span class='ocrx_word' id='word_1_216' title='bbox 131 2534 172 2599; x_wconf 80' lang='lat' dir='ltr'><strong>ad</strong></span> <span class='ocrx_word' id='word_1_217' title='bbox 194 2535 449 2614; x_wconf 70' lang='lat' dir='ltr'><strong>oneratissimum,</strong></span> <span class='ocrx_word' id='word_1_218' title='bbox 473 2556 510 2599; x_wconf 90' lang='lat' dir='ltr'><strong>ne</strong></span> <span class='ocrx_word' id='word_1_219' title='bbox 532 2556 639 2601; x_wconf 87' lang='lat' dir='ltr'><strong>rursus</strong></span> <span class='ocrx_word' id='word_1_220' title='bbox 661 2557 729 2601; x_wconf 86' lang='lat' dir='ltr'><strong>eum</strong></span> <span class='ocrx_word' id='word_1_221' title='bbox 751 2547 889 2618; x_wconf 87' lang='lat' dir='ltr'><strong>tanquam</strong></span> <span class='ocrx_word' id='word_1_222' title='bbox 913 2557 1056 2617; x_wconf 80' lang='lat' dir='ltr'><strong>organum</strong></span> <span class='ocrx_word' id='word_1_223' title='bbox 1078 2538 1174 2601; x_wconf 89' lang='lat' dir='ltr'><strong>nostri</strong></span> <span class='ocrx_word' id='word_1_224' title='bbox 1201 2556 1291 2605; x_wconf 68' lang='lat' dir='ltr'><strong>causo</strong></span> 
     </span>
     <span class='ocr_line' id='line_1_23' title="bbox 68 2636 1292 2721; baseline 0.002 -20"><span class='ocrx_word' id='word_1_225' title='bbox 68 2639 173 2701; x_wconf 79' lang='lat' dir='ltr'><strong>iactum</strong></span> <span class='ocrx_word' id='word_1_226' title='bbox 194 2637 263 2701; x_wconf 73' lang='lat' dir='ltr'><strong>&#39;dsse</strong></span> <span class='ocrx_word' id='word_1_227' title='bbox 284 2636 511 2712; x_wconf 74' lang='lat' dir='ltr'><strong>arbitraremur,</strong></span> <span class='ocrx_word' id='word_1_228' title='bbox 542 2659 618 2721; x_wconf 83' lang='lat' dir='ltr'><strong>quae</strong></span> <span class='ocrx_word' id='word_1_229' title='bbox 645 2659 733 2719; x_wconf 81' lang='lat' dir='ltr'><strong>prava</strong></span> <span class='ocrx_word' id='word_1_230' title='bbox 755 2649 801 2703; x_wconf 89' lang='lat' dir='ltr'><strong>est</strong></span> <span class='ocrx_word' id='word_1_231' title='bbox 822 2640 981 2719; x_wconf 85' lang='lat' dir='ltr'><strong>impiorum</strong></span> <span class='ocrx_word' id='word_1_232' title='bbox 1002 2639 1165 2712; x_wconf 87' lang='lat' dir='ltr'><strong>sententia,</strong></span> <span class='ocrx_word' id='word_1_233' title='bbox 1192 2656 1292 2718; x_wconf 78' lang='lat' dir='ltr'><strong>neque</strong></span> 
     </span>
     <span class='ocr_line' id='line_1_24' title="bbox 67 2737 1293 2820; baseline 0 -17"><span class='ocrx_word' id='word_1_234' title='bbox 67 2741 153 2805; x_wconf 79' lang='lat' dir='ltr'><strong>etism</strong></span> <span class='ocrx_word' id='word_1_235' title='bbox 175 2738 265 2801; x_wconf 81' lang='lat' dir='ltr'><strong>dixit:</strong></span> <span class='ocrx_word' id='word_1_236' title='bbox 285 2743 362 2801; x_wconf 80' lang='lat' dir='ltr'><strong>Ante</strong></span> <span class='ocrx_word' id='word_1_237' title='bbox 383 2758 474 2818; x_wconf 84' lang='lat' dir='ltr'><strong>opera</strong></span> <span class='ocrx_word' id='word_1_238' title='bbox 497 2741 607 2802; x_wconf 87' lang='lat' dir='ltr'><strong>creavit</strong></span> <span class='ocrx_word' id='word_1_239' title='bbox 628 2759 686 2813; x_wconf 91' lang='lat' dir='ltr'><strong>me,</strong></span> <span class='ocrx_word' id='word_1_240' title='bbox 709 2760 746 2801; x_wconf 92' lang='lat' dir='ltr'><strong>ne</strong></span> <span class='ocrx_word' id='word_1_241' title='bbox 768 2740 1016 2820; x_wconf 87' lang='lat' dir='ltr'><strong>quemadmodum</strong></span> <span class='ocrx_word' id='word_1_242' title='bbox 1032 2745 1079 2800; x_wconf 90' lang='lat' dir='ltr'><strong>est</strong></span> <span class='ocrx_word' id='word_1_243' title='bbox 1100 2746 1167 2801; x_wconf 85' lang='lat' dir='ltr'><strong>ante</strong></span> <span class='ocrx_word' id='word_1_244' title='bbox 1190 2737 1293 2803; x_wconf 74' lang='lat' dir='ltr'><strong>omniu</strong></span> 
     </span>
     <span class='ocr_line' id='line_1_25' title="bbox 68 2838 1292 2920; baseline -0.002 -15"><span class='ocrx_word' id='word_1_245' title='bbox 68 2843 200 2918; x_wconf 69' lang='lat' dir='ltr'><strong>gemtor,</strong></span> <span class='ocrx_word' id='word_1_246' title='bbox 223 2838 263 2903; x_wconf 83' lang='lat' dir='ltr'><strong>ita</strong></span> <span class='ocrx_word' id='word_1_247' title='bbox 285 2857 419 2920; x_wconf 82' lang='lat' dir='ltr'><strong>quoque,</strong></span> <span class='ocrx_word' id='word_1_248' title='bbox 444 2841 469 2901; x_wconf 86' lang='lat' dir='ltr'><strong>si</strong></span> <span class='ocrx_word' id='word_1_249' title='bbox 491 2851 560 2903; x_wconf 88' lang='lat' dir='ltr'><strong>ante</strong></span> <span class='ocrx_word' id='word_1_250' title='bbox 583 2860 673 2920; x_wconf 85' lang='lat' dir='ltr'><strong>opera</strong></span> <span class='ocrx_word' id='word_1_251' title='bbox 696 2851 812 2904; x_wconf 89' lang='lat' dir='ltr'><strong>creatus</strong></span> <span class='ocrx_word' id='word_1_252' title='bbox 835 2843 997 2914; x_wconf 82' lang='lat' dir='ltr'><strong>diceretur,</strong></span> <span class='ocrx_word' id='word_1_253' title='bbox 1020 2842 1081 2902; x_wconf 85' lang='lat' dir='ltr'><strong>inte</strong></span> <span class='ocrx_word' id='word_1_254' title='bbox 1103 2840 1292 2919; x_wconf 76' lang='lat' dir='ltr'><strong>colligeretur</strong></span> 
     </span>
     <span class='ocr_line' id='line_1_26' title="bbox 68 2940 1292 3021; baseline -0.001 -16"><span class='ocrx_word' id='word_1_255' title='bbox 68 2941 143 3005; x_wconf 83' lang='lat' dir='ltr'><strong>idern</strong></span> <span class='ocrx_word' id='word_1_256' title='bbox 164 2940 326 3019; x_wconf 73' lang='lat' dir='ltr'><strong>signifieat</strong></span> <span class='ocrx_word' id='word_1_257' title='bbox 340 2942 489 3005; x_wconf 81' lang='lat' dir='ltr'><strong>uocabulis</strong></span> <span class='ocrx_word' id='word_1_258' title='bbox 511 2947 630 3021; x_wconf 65' lang='lat' dir='ltr'><strong>uomitus</strong></span> <span class='ocrx_word' id='word_1_259' title='bbox 653 2949 685 3003; x_wconf 88' lang='lat' dir='ltr'><strong>ct</strong></span> <span class='ocrx_word' id='word_1_260' title='bbox 707 2947 838 3015; x_wconf 81' lang='lat' dir='ltr'><strong>creoue&#39;t3</strong></span> <span class='ocrx_word' id='word_1_261' title='bbox 861 2961 962 3004; x_wconf 86' lang='lat' dir='ltr'><strong>verum</strong></span> <span class='ocrx_word' id='word_1_262' title='bbox 978 2941 1148 3005; x_wconf 79' lang='lat' dir='ltr'><strong>cautissime</strong></span> <span class='ocrx_word' id='word_1_263' title='bbox 1163 2940 1292 3004; x_wconf 80' lang='lat' dir='ltr'><strong>addidit:</strong></span> 
     </span>
     <span class='ocr_line' id='line_1_27' title="bbox 66 3042 1331 3127; baseline -0.002 -20"><span class='ocrx_word' id='word_1_264' title='bbox 66 3047 96 3107; x_wconf 77' lang='lat' dir='ltr'><strong>io</strong></span> <span class='ocrx_word' id='word_1_265' title='bbox 117 3061 230 3127; x_wconf 64' lang='lat' dir='ltr'><strong>ome,</strong></span> <span class='ocrx_word' id='word_1_266' title='bbox 253 3042 334 3122; x_wconf 81' lang='lat' dir='ltr'><strong>quod</strong></span> <span class='ocrx_word' id='word_1_267' title='bbox 355 3043 432 3105; x_wconf 83' lang='lat' dir='ltr'><strong>idern</strong></span> <span class='ocrx_word' id='word_1_268' title='bbox 455 3044 605 3106; x_wconf 83' lang='lat' dir='ltr'><strong>estensi</strong></span> <span class='ocrx_word' id='word_1_269' title='bbox 628 3044 755 3106; x_wconf 85' lang='lat' dir='ltr'><strong>diceret:</strong></span> <span class='ocrx_word' id='word_1_270' title='bbox 779 3044 808 3105; x_wconf 88' lang='lat' dir='ltr'><strong>in</strong></span> <span class='ocrx_word' id='word_1_271' title='bbox 832 3062 949 3107; x_wconf 85' lang='lat' dir='ltr'><strong>curnem</strong></span> <span class='ocrx_word' id='word_1_272' title='bbox 972 3063 1020 3107; x_wconf 82' lang='lat' dir='ltr'><strong>une</strong></span> <span class='ocrx_word' id='word_1_273' title='bbox 1041 3043 1111 3106; x_wconf 84' lang='lat' dir='ltr'><strong>iecit</strong></span> <span class='ocrx_word' id='word_1_274' title='bbox 1130 3043 1234 3116; x_wconf 87' lang='lat' dir='ltr'><strong>Pater,</strong></span> <span class='ocrx_word' id='word_1_275' title='bbox 1258 3050 1293 3105; x_wconf 94' lang='lat' dir='ltr'><strong>ut</strong></span> <span class='ocrx_word' id='word_1_276' title='bbox 1325 3058 1331 3069; x_wconf 84' lang='lat'>·</span> 
     </span>
     <span class='ocr_line' id='line_1_28' title="bbox 68 3144 1292 3224; baseline 0 -19"><span class='ocrx_word' id='word_1_277' title='bbox 68 3144 155 3207; x_wconf 88' lang='lat' dir='ltr'><strong>bomo</strong></span> <span class='ocrx_word' id='word_1_278' title='bbox 177 3145 292 3205; x_wconf 85' lang='lat' dir='ltr'><strong>fierem.</strong></span> <span class='ocrx_word' id='word_1_279' title='bbox 335 3144 419 3205; x_wconf 88' lang='lat' dir='ltr'><strong>Unde</strong></span> <span class='ocrx_word' id='word_1_280' title='bbox 440 3163 476 3207; x_wconf 87' lang='lat' dir='ltr'><strong>ex</strong></span> <span class='ocrx_word' id='word_1_281' title='bbox 497 3145 556 3207; x_wconf 88' lang='lat' dir='ltr'><strong>buu</strong></span> <span class='ocrx_word' id='word_1_282' title='bbox 578 3146 666 3207; x_wconf 88' lang='lat' dir='ltr'><strong>etiam</strong></span> <span class='ocrx_word' id='word_1_283' title='bbox 694 3145 761 3207; x_wconf 85' lang='lat' dir='ltr'><strong>loco</strong></span> <span class='ocrx_word' id='word_1_284' title='bbox 792 3145 912 3207; x_wconf 81' lang='lat' dir='ltr'><strong>evidens</strong></span> <span class='ocrx_word' id='word_1_285' title='bbox 941 3145 995 3218; x_wconf 87' lang='lat' dir='ltr'><strong>sit,</strong></span> <span class='ocrx_word' id='word_1_286' title='bbox 1026 3145 1107 3207; x_wconf 86' lang='lat' dir='ltr'><strong>ilium</strong></span> <span class='ocrx_word' id='word_1_287' title='bbox 1130 3162 1191 3207; x_wconf 89' lang='lat' dir='ltr'><strong>non</strong></span> <span class='ocrx_word' id='word_1_288' title='bbox 1214 3160 1292 3224; x_wconf 79' lang='lat' dir='ltr'><strong>opus</strong></span> 
     </span>
     <span class='ocr_line' id='line_1_29' title="bbox 67 3245 1377 3327; baseline -0.002 -18"><span class='ocrx_word' id='word_1_289' title='bbox 67 3247 117 3309; x_wconf 84' lang='lat' dir='ltr'><strong>sed</strong></span> <span class='ocrx_word' id='word_1_290' title='bbox 138 3246 272 3326; x_wconf 72' lang='lat' dir='ltr'><strong>genitum</strong></span> <span class='ocrx_word' id='word_1_291' title='bbox 296 3262 374 3309; x_wconf 89' lang='lat' dir='ltr'><strong>esse.</strong></span> <span class='ocrx_word' id='word_1_292' title='bbox 418 3245 491 3308; x_wconf 88' lang='lat' dir='ltr'><strong>Nam</strong></span> <span class='ocrx_word' id='word_1_293' title='bbox 514 3248 617 3327; x_wconf 84' lang='lat' dir='ltr'><strong>utqui</strong></span> <span class='ocrx_word' id='word_1_294' title='bbox 640 3247 760 3311; x_wconf 88' lang='lat' dir='ltr'><strong>domurn</strong></span> <span class='ocrx_word' id='word_1_295' title='bbox 783 3247 965 3327; x_wconf 80' lang='lat' dir='ltr'><strong>ingreditur,</strong></span> <span class='ocrx_word' id='word_1_296' title='bbox 988 3265 1050 3308; x_wconf 87' lang='lat' dir='ltr'><strong>non</strong></span> <span class='ocrx_word' id='word_1_297' title='bbox 1072 3254 1118 3308; x_wconf 85' lang='lat' dir='ltr'><strong>est</strong></span> <span class='ocrx_word' id='word_1_298' title='bbox 1139 3263 1210 3325; x_wconf 84' lang='lat' dir='ltr'><strong>paro</strong></span> <span class='ocrx_word' id='word_1_299' title='bbox 1231 3245 1377 3307; x_wconf 73' lang='lat' dir='ltr'><strong>tio-ruse.</strong></span> 
     </span>
    </p>
   </div>
   <div class='ocr_carea' id='block_1_5' title="bbox 65 3525 1413 4612">
    <p class='ocr_par' dir='ltr' id='par_1_5' title="bbox 65 3525 1413 4612">
     <span class='ocr_line' id='line_1_30' title="bbox 95 3525 1292 3610; baseline -0.001 -27"><span class='ocrx_word' id='word_1_300' title='bbox 95 3535 112 3583; x_wconf 86' lang='lat' dir='ltr'><strong>t.</strong></span> <span class='ocrx_word' id='word_1_301' title='bbox 138 3530 264 3582; x_wconf 76' lang='lat' dir='ltr'><strong>‘i&#39;beodon</strong></span> <span class='ocrx_word' id='word_1_302' title='bbox 286 3528 435 3595; x_wconf 73' lang='grc' dir='ltr'><strong>παρθένου.</strong></span> <span class='ocrx_word' id='word_1_303' title='bbox 477 3535 561 3599; x_wconf 86' lang='lat' dir='ltr'><strong>ibique</strong></span> <span class='ocrx_word' id='word_1_304' title='bbox 587 3536 655 3584; x_wconf 85' lang='lat' dir='ltr'><strong>locus</strong></span> <span class='ocrx_word' id='word_1_305' title='bbox 705 3526 822 3592; x_wconf 79' lang='grc' dir='ltr'><strong>ποιῆσαί</strong></span> <span class='ocrx_word' id='word_1_306' title='bbox 836 3546 872 3598; x_wconf 78' lang='grc' dir='ltr'><strong>με</strong></span> <span class='ocrx_word' id='word_1_307' title='bbox 888 3525 965 3598; x_wconf 80' lang='grc' dir='ltr'><strong>ἔργα.</strong></span> <span class='ocrx_word' id='word_1_308' title='bbox 993 3531 1292 3610; x_wconf 54' lang='lat' dir='ltr'><strong>seuuemGobbFeicim.</strong></span> 
     </span>
     <span class='ocr_line' id='line_1_31' title="bbox 68 3590 1413 3677; baseline -0.001 -26"><span class='ocrx_word' id='word_1_309' title='bbox 68 3600 160 3651; x_wconf 79' lang='lat' dir='ltr'><strong>desinit.</strong></span> <span class='ocrx_word' id='word_1_310' title='bbox 197 3598 259 3648; x_wconf 86' lang='lat' dir='ltr'><strong>ibid.</strong></span> <span class='ocrx_word' id='word_1_311' title='bbox 276 3595 373 3668; x_wconf 76' lang='grc' dir='ltr'><strong>κέρδος</strong></span> <span class='ocrx_word' id='word_1_312' title='bbox 390 3603 458 3653; x_wconf 80' lang='lat' dir='ltr'><strong>rbest</strong></span> <span class='ocrx_word' id='word_1_313' title='bbox 475 3616 488 3650; x_wconf 86' lang='lat' dir='ltr'><strong>o</strong></span> <span class='ocrx_word' id='word_1_314' title='bbox 508 3602 612 3653; x_wconf 82' lang='lat' dir='ltr'><strong>Feictm.</strong></span> <span class='ocrx_word' id='word_1_315' title='bbox 631 3600 657 3652; x_wconf 82' lang='lat'><strong>2.</strong></span> <span class='ocrx_word' id='word_1_316' title='bbox 709 3600 731 3649; x_wconf 91' lang='lat' dir='ltr'><strong>l.</strong></span> <span class='ocrx_word' id='word_1_317' title='bbox 751 3611 775 3650; x_wconf 86' lang='lat' dir='ltr'><strong>et</strong></span> <span class='ocrx_word' id='word_1_318' title='bbox 791 3601 816 3650; x_wconf 79' lang='lat' dir='ltr'><strong>d.</strong></span> <span class='ocrx_word' id='word_1_319' title='bbox 839 3599 955 3660; x_wconf 79' lang='grc' dir='ltr'><strong>ποιῆσαι</strong></span> <span class='ocrx_word' id='word_1_320' title='bbox 976 3612 1047 3665; x_wconf 76' lang='grc' dir='ltr'><strong>μετα</strong></span> <span class='ocrx_word' id='word_1_321' title='bbox 1069 3592 1156 3677; x_wconf 71' lang='grc' dir='ltr'><strong><em>ἔργα,</em></strong></span> <span class='ocrx_word' id='word_1_322' title='bbox 1176 3590 1327 3651; x_wconf 73' lang='lat' dir='ltr'><strong>mendose&#39;</strong></span> <span class='ocrx_word' id='word_1_323' title='bbox 1407 3619 1413 3631; x_wconf 92' lang='lat'><strong>·</strong></span> 
     </span>
     <span class='ocr_line' id='line_1_32' title="bbox 68 3658 1296 3735; baseline -0.001 -17"><span class='ocrx_word' id='word_1_324' title='bbox 68 3668 212 3719; x_wconf 72' lang='lat' dir='ltr'><strong>deditisne</strong></span> <span class='ocrx_word' id='word_1_325' title='bbox 230 3666 351 3719; x_wconf 79' lang='lat' dir='ltr'><strong>Commet.</strong></span> <span class='ocrx_word' id='word_1_326' title='bbox 707 3668 799 3718; x_wconf 83' lang='lat' dir='ltr'><strong>sciticet</strong></span> <span class='ocrx_word' id='word_1_327' title='bbox 822 3683 866 3731; x_wconf 84' lang='lat' dir='ltr'><strong>pro</strong></span> <span class='ocrx_word' id='word_1_328' title='bbox 888 3662 1005 3727; x_wconf 69' lang='grc' dir='ltr'><strong>ποιῆσαί</strong></span> <span class='ocrx_word' id='word_1_329' title='bbox 1019 3679 1055 3727; x_wconf 82' lang='grc' dir='ltr'><strong>με</strong></span> <span class='ocrx_word' id='word_1_330' title='bbox 1077 3680 1112 3713; x_wconf 85' lang='grc' dir='ltr'><strong>τα</strong></span> <span class='ocrx_word' id='word_1_331' title='bbox 1134 3658 1211 3735; x_wconf 73' lang='grc' dir='ltr'><strong>ἔργα.</strong></span> <span class='ocrx_word' id='word_1_332' title='bbox 1248 3665 1296 3721; x_wconf 79' lang='lat' dir='ltr'><strong>ttu</strong></span> 
     </span>
     <span class='ocr_line' id='line_1_33' title="bbox 112 3720 1169 3802; baseline -0.002 -17"><span class='ocrx_word' id='word_1_333' title='bbox 112 3773 119 3785; x_wconf 93' lang='lat'>.</span> <span class='ocrx_word' id='word_1_334' title='bbox 137 3736 243 3799; x_wconf 73' lang='lat' dir='ltr'><strong>Sessoer.</strong></span> <span class='ocrx_word' id='word_1_335' title='bbox 262 3726 391 3796; x_wconf 72' lang='grc' dir='ltr'><strong>ἀληθινὸς</strong></span> <span class='ocrx_word' id='word_1_336' title='bbox 409 3724 442 3795; x_wconf 74' lang='grc' dir='ltr'><strong>ἦν</strong></span> <span class='ocrx_word' id='word_1_337' title='bbox 458 3730 504 3784; x_wconf 76' lang='grc' dir='ltr'><strong>καὶ</strong></span> <span class='ocrx_word' id='word_1_338' title='bbox 522 3729 606 3802; x_wconf 73' lang='grc' dir='ltr'>φύσει</span> <span class='ocrx_word' id='word_1_339' title='bbox 622 3720 656 3795; x_wconf 78' lang='grc' dir='ltr'><strong>ἦν</strong></span> <span class='ocrx_word' id='word_1_340' title='bbox 706 3750 762 3785; x_wconf 81' lang='lat' dir='ltr'><strong>uero</strong></span> <span class='ocrx_word' id='word_1_341' title='bbox 781 3743 804 3784; x_wconf 89' lang='lat' dir='ltr'><strong>et</strong></span> <span class='ocrx_word' id='word_1_342' title='bbox 822 3736 879 3785; x_wconf 85' lang='lat' dir='ltr'><strong>editi</strong></span> <span class='ocrx_word' id='word_1_343' title='bbox 895 3732 1009 3795; x_wconf 78' lang='grc' dir='ltr'><strong>ποιῆσαι</strong></span> <span class='ocrx_word' id='word_1_344' title='bbox 1025 3728 1077 3801; x_wconf 77' lang='grc' dir='ltr'><strong>μὲν</strong></span> <span class='ocrx_word' id='word_1_345' title='bbox 1093 3727 1169 3798; x_wconf 82' lang='grc' dir='ltr'><strong>ἔργα.</strong></span> 
     </span>
     <span class='ocr_line' id='line_1_34' title="bbox 67 3751 1293 3864; baseline 0 -14"><span class='ocrx_word' id='word_1_346' title='bbox 67 3751 121 3858; x_wconf 51' lang='lat' dir='ltr'><strong>elic</strong></span> <span class='ocrx_word' id='word_1_347' title='bbox 138 3811 186 3852; x_wconf 82' lang='lat' dir='ltr'><strong>etr.</strong></span> <span class='ocrx_word' id='word_1_348' title='bbox 741 3804 757 3850; x_wconf 91' lang='grc' dir='ltr'><strong>Ι.</strong></span> <span class='ocrx_word' id='word_1_349' title='bbox 782 3802 923 3864; x_wconf 76' lang='lat' dir='ltr'><strong>Seguerian.</strong></span> <span class='ocrx_word' id='word_1_350' title='bbox 942 3803 1040 3852; x_wconf 85' lang='lat' dir='ltr'><strong>Gobler.</strong></span> <span class='ocrx_word' id='word_1_351' title='bbox 1059 3802 1163 3852; x_wconf 80' lang='lat' dir='ltr'><strong>Feicim.</strong></span> <span class='ocrx_word' id='word_1_352' title='bbox 1187 3801 1208 3851; x_wconf 91' lang='lat'><strong>1.</strong></span> <span class='ocrx_word' id='word_1_353' title='bbox 1228 3810 1251 3852; x_wconf 87' lang='lat' dir='ltr'><strong>et</strong></span> <span class='ocrx_word' id='word_1_354' title='bbox 1269 3800 1293 3851; x_wconf 78' lang='lat' dir='ltr'><strong>i.</strong></span> 
     </span>
     <span class='ocr_line' id='line_1_35' title="bbox 97 3867 1073 3933; baseline -0.005 -12"><span class='ocrx_word' id='word_1_355' title='bbox 97 3873 122 3921; x_wconf 88' lang='lat' dir='ltr'><strong>b.</strong></span> <span class='ocrx_word' id='word_1_356' title='bbox 140 3871 183 3921; x_wconf 83' lang='lat' dir='ltr'><strong>Sic</strong></span> <span class='ocrx_word' id='word_1_357' title='bbox 200 3870 302 3931; x_wconf 66' lang='lat' dir='ltr'><strong>Sernes.</strong></span> <span class='ocrx_word' id='word_1_358' title='bbox 318 3871 410 3933; x_wconf 65' lang='lat' dir='ltr'><strong>tngiic.</strong></span> <span class='ocrx_word' id='word_1_359' title='bbox 428 3870 498 3921; x_wconf 85' lang='lat' dir='ltr'><strong>Gobi.</strong></span> <span class='ocrx_word' id='word_1_360' title='bbox 517 3871 656 3920; x_wconf 78' lang='lat' dir='ltr'><strong>etVelch.</strong></span> <span class='ocrx_word' id='word_1_361' title='bbox 706 3867 829 3928; x_wconf 76' lang='grc' dir='ltr'><strong>ποιῆσαι.</strong></span> <span class='ocrx_word' id='word_1_362' title='bbox 1068 3902 1073 3909; x_wconf 84' lang='lat'><em>-</em></span> 
     </span>
     <span class='ocr_line' id='line_1_36' title="bbox 70 3926 1297 4003; baseline -0.002 -15"><span class='ocrx_word' id='word_1_363' title='bbox 70 3938 89 3988; x_wconf 84' lang='lat'><strong>1.</strong></span> <span class='ocrx_word' id='word_1_364' title='bbox 107 3946 133 3989; x_wconf 84' lang='lat' dir='ltr'><strong>et</strong></span> <span class='ocrx_word' id='word_1_365' title='bbox 149 3938 176 3989; x_wconf 78' lang='lat' dir='ltr'><strong>d.</strong></span> <span class='ocrx_word' id='word_1_366' title='bbox 210 3940 241 3987; x_wconf 82' lang='lat' dir='ltr'><strong>tr</strong></span> <span class='ocrx_word' id='word_1_367' title='bbox 264 3939 338 3988; x_wconf 77' lang='lat' dir='ltr'><strong>ceteri</strong></span> <span class='ocrx_word' id='word_1_368' title='bbox 363 3947 387 3989; x_wconf 84' lang='lat' dir='ltr'><strong>et</strong></span> <span class='ocrx_word' id='word_1_369' title='bbox 404 3939 460 3989; x_wconf 86' lang='lat' dir='ltr'><strong>editi</strong></span> <span class='ocrx_word' id='word_1_370' title='bbox 479 3930 558 4003; x_wconf 75' lang='grc' dir='ltr'><strong>ἡμῶν</strong></span> <span class='ocrx_word' id='word_1_371' title='bbox 575 3929 656 4002; x_wconf 74' lang='grc' dir='ltr'><strong>ἀρχή.</strong></span> <span class='ocrx_word' id='word_1_372' title='bbox 710 3938 724 3963; x_wconf 85' lang='lat'><em>⁰</em></span> <span class='ocrx_word' id='word_1_373' title='bbox 744 3952 776 3986; x_wconf 78' lang='lat' dir='ltr'><strong>m,</strong></span> <span class='ocrx_word' id='word_1_374' title='bbox 795 3937 894 3999; x_wconf 76' lang='lat' dir='ltr'><strong>Segner.</strong></span> <span class='ocrx_word' id='word_1_375' title='bbox 917 3928 955 3990; x_wconf 75' lang='grc' dir='ltr'><strong>εἰς</strong></span> <span class='ocrx_word' id='word_1_376' title='bbox 972 3926 1060 4003; x_wconf 74' lang='grc' dir='ltr'><strong><em>σάρκα</em></strong></span> <span class='ocrx_word' id='word_1_377' title='bbox 1076 3949 1118 4002; x_wconf 73' lang='grc' dir='ltr'><strong>με.</strong></span> <span class='ocrx_word' id='word_1_378' title='bbox 1154 3935 1181 3987; x_wconf 89' lang='lat' dir='ltr'><strong>in</strong></span> <span class='ocrx_word' id='word_1_379' title='bbox 1199 3935 1254 3985; x_wconf 79' lang='lat' dir='ltr'><strong>otiis</strong></span> <span class='ocrx_word' id='word_1_380' title='bbox 1272 3943 1297 3985; x_wconf 83' lang='lat' dir='ltr'><strong>et</strong></span> 
     </span>
     <span class='ocr_line' id='line_1_37' title="bbox 97 4003 1297 4084; baseline -0.003 -28"><span class='ocrx_word' id='word_1_381' title='bbox 97 4008 114 4056; x_wconf 89' lang='lat' dir='ltr'><strong>i.</strong></span> <span class='ocrx_word' id='word_1_382' title='bbox 139 4006 242 4068; x_wconf 61' lang='lat' dir='ltr'><strong>Sexum.</strong></span> <span class='ocrx_word' id='word_1_383' title='bbox 261 4005 359 4055; x_wconf 76' lang='lat' dir='ltr'><strong>(iobier.</strong></span> <span class='ocrx_word' id='word_1_384' title='bbox 377 4005 485 4056; x_wconf 77' lang='lat' dir='ltr'><strong>ieiebm.</strong></span> <span class='ocrx_word' id='word_1_385' title='bbox 505 4007 527 4056; x_wconf 90' lang='lat'><strong>1.</strong></span> <span class='ocrx_word' id='word_1_386' title='bbox 546 4015 570 4054; x_wconf 83' lang='lat' dir='ltr'><strong>et</strong></span> <span class='ocrx_word' id='word_1_387' title='bbox 586 4006 611 4054; x_wconf 80' lang='lat'><strong>4.</strong></span> <span class='ocrx_word' id='word_1_388' title='bbox 630 4021 658 4056; x_wconf 85' lang='lat' dir='ltr'><strong>re</strong></span> <span class='ocrx_word' id='word_1_389' title='bbox 709 4006 780 4055; x_wconf 84' lang='lat' dir='ltr'><strong>editis</strong></span> <span class='ocrx_word' id='word_1_390' title='bbox 797 4016 832 4084; x_wconf 54' lang='grc' dir='ltr'><strong>ξε</strong></span> <span class='ocrx_word' id='word_1_391' title='bbox 850 4003 926 4054; x_wconf 87' lang='lat' dir='ltr'><strong>deest.</strong></span> <span class='ocrx_word' id='word_1_392' title='bbox 962 4004 1039 4067; x_wconf 73' lang='lat' dir='ltr'><strong>Editio</strong></span> <span class='ocrx_word' id='word_1_393' title='bbox 1048 4003 1165 4054; x_wconf 85' lang='lat' dir='ltr'><strong>Commei.</strong></span> <span class='ocrx_word' id='word_1_394' title='bbox 1182 4003 1215 4052; x_wconf 91' lang='lat' dir='ltr'><strong>ibi</strong></span> <span class='ocrx_word' id='word_1_395' title='bbox 1226 4018 1297 4053; x_wconf 87' lang='lat' dir='ltr'><strong>men·</strong></span> 
     </span>
     <span class='ocr_line' id='line_1_38' title="bbox 68 4064 1297 4138; baseline -0.003 -15"><span class='ocrx_word' id='word_1_396' title='bbox 68 4073 123 4136; x_wconf 61' lang='lat' dir='ltr'><strong>teg.</strong></span> <span class='ocrx_word' id='word_1_397' title='bbox 146 4065 313 4138; x_wconf 55' lang='lat' dir='ltr'><strong>monicus·</strong></span> <span class='ocrx_word' id='word_1_398' title='bbox 347 4073 408 4123; x_wconf 78' lang='lat' dir='ltr'><strong>uum</strong></span> <span class='ocrx_word' id='word_1_399' title='bbox 432 4074 519 4124; x_wconf 85' lang='lat' dir='ltr'><strong>etalii</strong></span> <span class='ocrx_word' id='word_1_400' title='bbox 544 4064 657 4121; x_wconf 75' lang='grc' dir='ltr'><strong>ἀνακαι-</strong></span> <span class='ocrx_word' id='word_1_401' title='bbox 710 4074 769 4122; x_wconf 88' lang='lat' dir='ltr'><strong>dose</strong></span> <span class='ocrx_word' id='word_1_402' title='bbox 787 4085 811 4122; x_wconf 79' lang='lat' dir='ltr'><strong>ee</strong></span> <span class='ocrx_word' id='word_1_403' title='bbox 828 4065 925 4138; x_wconf 78' lang='grc' dir='ltr'><strong>σάρκα.</strong></span> <span class='ocrx_word' id='word_1_404' title='bbox 962 4070 1035 4121; x_wconf 80' lang='lat' dir='ltr'><strong>Pente</strong></span> <span class='ocrx_word' id='word_1_405' title='bbox 1054 4079 1111 4136; x_wconf 75' lang='lat' dir='ltr'><strong>pust</strong></span> <span class='ocrx_word' id='word_1_406' title='bbox 1128 4073 1227 4132; x_wconf 73' lang='lat' dir='ltr'><strong>Seguer.</strong></span> <span class='ocrx_word' id='word_1_407' title='bbox 1247 4071 1297 4120; x_wconf 79' lang='lat' dir='ltr'><strong>Ge·</strong></span> 
     </span>
     <span class='ocr_line' id='line_1_39' title="bbox 66 4128 1297 4206; baseline -0.002 -19"><span class='ocrx_word' id='word_1_408' title='bbox 66 4144 152 4192; x_wconf 70' lang='lat' dir='ltr'><strong>rerer.</strong></span> <span class='ocrx_word' id='word_1_409' title='bbox 187 4140 238 4190; x_wconf 81' lang='lat' dir='ltr'><strong>Sed</strong></span> <span class='ocrx_word' id='word_1_410' title='bbox 256 4140 360 4189; x_wconf 78' lang='lat' dir='ltr'><strong>ietetm</strong></span> <span class='ocrx_word' id='word_1_411' title='bbox 379 4140 403 4189; x_wconf 83' lang='lat'><strong>5.</strong></span> <span class='ocrx_word' id='word_1_412' title='bbox 427 4141 463 4191; x_wconf 84' lang='lat' dir='ltr'><strong>sie</strong></span> <span class='ocrx_word' id='word_1_413' title='bbox 487 4141 573 4191; x_wconf 81' lang='lat' dir='ltr'><strong>babet:</strong></span> <span class='ocrx_word' id='word_1_414' title='bbox 590 4133 657 4206; x_wconf 73' lang='grc' dir='ltr'><strong>ὑπὲρ</strong></span> <span class='ocrx_word' id='word_1_415' title='bbox 709 4141 768 4190; x_wconf 84' lang='lat' dir='ltr'><strong>bier.</strong></span> <span class='ocrx_word' id='word_1_416' title='bbox 780 4139 885 4190; x_wconf 83' lang='lat' dir='ltr'><strong>Fetetm.</strong></span> <span class='ocrx_word' id='word_1_417' title='bbox 900 4128 1065 4191; x_wconf 53' lang='lat' dir='ltr'><strong>latusim</strong></span> <span class='ocrx_word' id='word_1_418' title='bbox 1081 4132 1128 4186; x_wconf 80' lang='grc' dir='ltr'><strong>καὶ</strong></span> <span class='ocrx_word' id='word_1_419' title='bbox 1142 4131 1172 4188; x_wconf 74' lang='grc' dir='ltr'><strong>ἐκ</strong></span> <span class='ocrx_word' id='word_1_420' title='bbox 1188 4132 1297 4185; x_wconf 68' lang='grc' dir='ltr'><strong>τούτου.</strong></span> 
     </span>
     <span class='ocr_line' id='line_1_40' title="bbox 67 4196 1296 4283; baseline -0.002 -28"><span class='ocrx_word' id='word_1_421' title='bbox 67 4199 156 4273; x_wconf 58' lang='lat' dir='ltr'><strong>ipis,</strong></span> <span class='ocrx_word' id='word_1_422' title='bbox 176 4199 266 4272; x_wconf 69' lang='grc' dir='ltr'><strong><em>ὥςπερ</em></strong></span> <span class='ocrx_word' id='word_1_423' title='bbox 283 4199 403 4272; x_wconf 77' lang='grc' dir='ltr'><strong>εἴρηται,</strong></span> <span class='ocrx_word' id='word_1_424' title='bbox 424 4210 522 4258; x_wconf 82' lang='lat' dir='ltr'><strong>omissis</strong></span> <span class='ocrx_word' id='word_1_425' title='bbox 540 4209 656 4258; x_wconf 85' lang='lat' dir='ltr'><strong>interme·</strong></span> <span class='ocrx_word' id='word_1_426' title='bbox 708 4208 753 4258; x_wconf 77' lang='lat' dir='ltr'><strong>Atii</strong></span> <span class='ocrx_word' id='word_1_427' title='bbox 771 4215 795 4257; x_wconf 89' lang='lat' dir='ltr'><strong>et</strong></span> <span class='ocrx_word' id='word_1_428' title='bbox 813 4208 869 4259; x_wconf 85' lang='lat' dir='ltr'><strong>editi</strong></span> <span class='ocrx_word' id='word_1_429' title='bbox 888 4197 954 4261; x_wconf 74' lang='grc' dir='ltr'><strong>ὥςτε</strong></span> <span class='ocrx_word' id='word_1_430' title='bbox 970 4200 1016 4254; x_wconf 76' lang='grc' dir='ltr'><strong>καὶ</strong></span> <span class='ocrx_word' id='word_1_431' title='bbox 1033 4198 1061 4254; x_wconf 73' lang='grc' dir='ltr'><strong>ἐκ</strong></span> <span class='ocrx_word' id='word_1_432' title='bbox 1079 4203 1128 4254; x_wconf 80' lang='grc' dir='ltr'><strong>τοῦ</strong></span> <span class='ocrx_word' id='word_1_433' title='bbox 1144 4196 1296 4283; x_wconf 33' lang='grc' dir='ltr'><strong>τοιούτω(</strong></span> 
     </span>
     <span class='ocr_line' id='line_1_41' title="bbox 65 4266 1300 4341; baseline -0.005 -15"><span class='ocrx_word' id='word_1_434' title='bbox 65 4276 121 4326; x_wconf 75' lang='lat' dir='ltr'><strong>diis·</strong></span> <span class='ocrx_word' id='word_1_435' title='bbox 156 4275 225 4325; x_wconf 87' lang='lat' dir='ltr'><strong>idem</strong></span> <span class='ocrx_word' id='word_1_436' title='bbox 243 4275 332 4325; x_wconf 85' lang='lat' dir='ltr'><strong>ibidem</strong></span> <span class='ocrx_word' id='word_1_437' title='bbox 350 4266 413 4324; x_wconf 69' lang='grc' dir='ltr'><strong>οὔτε</strong></span> <span class='ocrx_word' id='word_1_438' title='bbox 427 4270 538 4341; x_wconf 76' lang='grc' dir='ltr'><strong>κτίσμα.</strong></span> <span class='ocrx_word' id='word_1_439' title='bbox 742 4291 766 4326; x_wconf 92' lang='lat' dir='ltr'><strong>n.</strong></span> <span class='ocrx_word' id='word_1_440' title='bbox 784 4276 884 4337; x_wconf 71' lang='lat' dir='ltr'><strong>segon.</strong></span> <span class='ocrx_word' id='word_1_441' title='bbox 909 4274 1009 4327; x_wconf 85' lang='lat' dir='ltr'><strong>Gobler.</strong></span> <span class='ocrx_word' id='word_1_442' title='bbox 1031 4274 1137 4325; x_wconf 78' lang='lat' dir='ltr'><strong>Fetebm.</strong></span> <span class='ocrx_word' id='word_1_443' title='bbox 1156 4274 1178 4323; x_wconf 90' lang='lat'><strong>1.</strong></span> <span class='ocrx_word' id='word_1_444' title='bbox 1198 4281 1221 4323; x_wconf 88' lang='lat' dir='ltr'><strong>et</strong></span> <span class='ocrx_word' id='word_1_445' title='bbox 1238 4272 1264 4323; x_wconf 78' lang='lat' dir='ltr'><strong>i.</strong></span> <span class='ocrx_word' id='word_1_446' title='bbox 1282 4286 1300 4319; x_wconf 80' lang='lat' dir='ltr'><strong>o</strong></span> 
     </span>
     <span class='ocr_line' id='line_1_42' title="bbox 100 4331 1295 4409; baseline -0.005 -17"><span class='ocrx_word' id='word_1_447' title='bbox 100 4345 124 4392; x_wconf 81' lang='lat' dir='ltr'><strong>t.</strong></span> <span class='ocrx_word' id='word_1_448' title='bbox 146 4344 248 4404; x_wconf 72' lang='lat' dir='ltr'><strong>Soguer.</strong></span> <span class='ocrx_word' id='word_1_449' title='bbox 274 4343 372 4394; x_wconf 88' lang='lat' dir='ltr'><strong>Gobier.</strong></span> <span class='ocrx_word' id='word_1_450' title='bbox 391 4344 601 4394; x_wconf 79' lang='lat' dir='ltr'><strong>Feictm.i.st4·</strong></span> <span class='ocrx_word' id='word_1_451' title='bbox 618 4336 656 4409; x_wconf 77' lang='grc' dir='ltr'><strong>μὴ</strong></span> <span class='ocrx_word' id='word_1_452' title='bbox 709 4334 900 4409; x_wconf 63' lang='grc' dir='ltr'><strong>εἰσερχόμενος.</strong></span> <span class='ocrx_word' id='word_1_453' title='bbox 929 4341 1055 4393; x_wconf 72' lang='lat' dir='ltr'><strong>[desiliens.</strong></span> <span class='ocrx_word' id='word_1_454' title='bbox 1075 4334 1089 4390; x_wconf 80' lang='lat' dir='ltr'><strong>d</strong></span> <span class='ocrx_word' id='word_1_455' title='bbox 1107 4331 1295 4409; x_wconf 66' lang='grc' dir='ltr'><strong>ἐργαζόμενος.</strong></span> 
     </span>
     <span class='ocr_line' id='line_1_43' title="bbox 67 4402 1300 4527; baseline -0.002 -66"><span class='ocrx_word' id='word_1_456' title='bbox 67 4408 100 4477; x_wconf 70' lang='grc' dir='ltr'><strong>τῇ</strong></span> <span class='ocrx_word' id='word_1_457' title='bbox 118 4403 212 4477; x_wconf 68' lang='lat' dir='ltr'><strong>meras</strong></span> <span class='ocrx_word' id='word_1_458' title='bbox 247 4409 292 4461; x_wconf 82' lang='lat' dir='ltr'><strong>sui</strong></span> <span class='ocrx_word' id='word_1_459' title='bbox 310 4419 335 4462; x_wconf 85' lang='lat' dir='ltr'><strong>et</strong></span> <span class='ocrx_word' id='word_1_460' title='bbox 351 4410 408 4463; x_wconf 85' lang='lat' dir='ltr'><strong>editi</strong></span> <span class='ocrx_word' id='word_1_461' title='bbox 416 4405 455 4477; x_wconf 78' lang='grc' dir='ltr'><strong>μὴ</strong></span> <span class='ocrx_word' id='word_1_462' title='bbox 466 4407 556 4477; x_wconf 74' lang='grc' dir='ltr'><strong>φύσει.</strong></span> <span class='ocrx_word' id='word_1_463' title='bbox 583 4412 658 4462; x_wconf 82' lang='lat' dir='ltr'><strong>Panto</strong></span> <span class='ocrx_word' id='word_1_464' title='bbox 708 4410 753 4463; x_wconf 84' lang='lat' dir='ltr'><strong>ttti</strong></span> <span class='ocrx_word' id='word_1_465' title='bbox 778 4421 802 4461; x_wconf 86' lang='lat' dir='ltr'><strong>et</strong></span> <span class='ocrx_word' id='word_1_466' title='bbox 827 4412 883 4462; x_wconf 84' lang='lat' dir='ltr'><strong>editi</strong></span> <span class='ocrx_word' id='word_1_467' title='bbox 908 4402 1112 4527; x_wconf 46' lang='lat' dir='ltr'><strong>dimissuros.</strong></span> <span class='ocrx_word' id='word_1_468' title='bbox 1148 4409 1223 4460; x_wconf 76' lang='lat' dir='ltr'><strong>Ponte</strong></span> <span class='ocrx_word' id='word_1_469' title='bbox 1241 4414 1300 4474; x_wconf 78' lang='lat' dir='ltr'><strong>poet</strong></span> 
     </span>
     <span class='ocr_line' id='line_1_44' title="bbox 66 4468 1033 4544; baseline -0.002 -14"><span class='ocrx_word' id='word_1_470' title='bbox 66 4487 124 4544; x_wconf 70' lang='lat' dir='ltr'><strong>post</strong></span> <span class='ocrx_word' id='word_1_471' title='bbox 146 4479 207 4542; x_wconf 63' lang='lat' dir='ltr'><strong>tier.</strong></span> <span class='ocrx_word' id='word_1_472' title='bbox 230 4476 304 4529; x_wconf 78' lang='lat' dir='ltr'><strong>basii.</strong></span> <span class='ocrx_word' id='word_1_473' title='bbox 321 4479 444 4543; x_wconf 72' lang='lat' dir='ltr'><strong>togiiran.</strong></span> <span class='ocrx_word' id='word_1_474' title='bbox 467 4487 492 4531; x_wconf 87' lang='lat' dir='ltr'><strong>et</strong></span> <span class='ocrx_word' id='word_1_475' title='bbox 509 4480 615 4532; x_wconf 81' lang='lat' dir='ltr'><strong>Veieim.</strong></span> <span class='ocrx_word' id='word_1_476' title='bbox 633 4480 657 4531; x_wconf 80' lang='lat'><strong>5.</strong></span> <span class='ocrx_word' id='word_1_477' title='bbox 709 4478 814 4531; x_wconf 79' lang='lat' dir='ltr'><strong>Feicbm</strong></span> <span class='ocrx_word' id='word_1_478' title='bbox 832 4479 858 4531; x_wconf 77' lang='lat'><strong>4.</strong></span> <span class='ocrx_word' id='word_1_479' title='bbox 875 4468 943 4529; x_wconf 69' lang='lat' dir='ltr'><strong>tm</strong></span> <span class='ocrx_word' id='word_1_480' title='bbox 1026 4514 1033 4528; x_wconf 94' lang='lat'><strong>.</strong></span> 
     </span>
     <span class='ocr_line' id='line_1_45' title="bbox 1038 4560 1094 4612; baseline 0.018 -1"><span class='ocrx_word' id='word_1_481' title='bbox 1038 4560 1094 4612; x_wconf 76' lang='lat'><strong>28*</strong></span> 
     </span>
    </p>
   </div>
   <div class='ocr_carea' id='block_1_6' title="bbox 0 0 1496 5092">
    <p class='ocr_par' dir='ltr' id='par_1_6' title="bbox 0 0 1496 5092">
     <span class='ocr_line' id='line_1_46' title="bbox 0 0 1496 5092; baseline 0 0"><span class='ocrx_word' id='word_1_482' title='bbox 0 0 1496 5092; x_wconf 95' lang='lat' dir='ltr'><strong> </strong></span> 
     </span>
    </p>
   </div>
  </div>
 </body>
</html>
