<?xml version="1.0" encoding="UTF-8"?>
<!DOCTYPE html PUBLIC "-//W3C//DTD XHTML 1.0 Transitional//EN"
    "http://www.w3.org/TR/xhtml1/DTD/xhtml1-transitional.dtd">
<html xmlns="http://www.w3.org/1999/xhtml" xml:lang="en" lang="en">
 <head>
  <title>
</title>
<meta http-equiv="Content-Type" content="text/html;charset=utf-8" />
  <meta name='ocr-system' content='tesseract 3.04.00' />
  <meta name='ocr-capabilities' content='ocr_page ocr_carea ocr_par ocr_line ocrx_word'/>
</head>
<body>
  <div class='ocr_page' id='page_1' title='image "./sanctiathanasii02athagoog_1050.png"; bbox 0 0 2948 5092; ppageno 0'>
   <div class='ocr_carea' id='block_1_1' title="bbox 198 249 1021 343">
    <p class='ocr_par' dir='ltr' id='par_1_1' title="bbox 198 249 1021 343">
     <span class='ocr_line' id='line_1_1' title="bbox 198 249 1021 343; baseline -0.017 -26"><span class='ocrx_word' id='word_1_1' title='bbox 198 249 261 317; x_wconf 73' lang='lat'><strong><em>⁸92</em></strong></span> <span class='ocrx_word' id='word_1_2' title='bbox 311 308 332 343; x_wconf 29' lang='grc'><strong><em>,1</em></strong></span> <span class='ocrx_word' id='word_1_3' title='bbox 591 257 784 305; x_wconf 82' lang='grc' dir='ltr'><strong><em>ι.ιτιιιιιειι</em></strong></span> <span class='ocrx_word' id='word_1_4' title='bbox 795 255 1021 303; x_wconf 71' lang='lat' dir='ltr'>nmmum</span> 
     </span>
    </p>
   </div>
   <div class='ocr_carea' id='block_1_2' title="bbox 89 400 1429 3555">
    <p class='ocr_par' dir='ltr' id='par_1_2' title="bbox 89 400 1429 3555">
     <span class='ocr_line' id='line_1_2' title="bbox 112 400 1424 503; baseline -0.005 -22"><span class='ocrx_word' id='word_1_5' title='bbox 112 416 368 503; x_wconf 67' lang='grc' dir='ltr'><strong><em>μοιφαντασία</em></strong></span> <span class='ocrx_word' id='word_1_6' title='bbox 391 403 431 476; x_wconf 78' lang='grc' dir='ltr'><strong><em>ἂν</em></strong></span> <span class='ocrx_word' id='word_1_7' title='bbox 453 413 630 492; x_wconf 71' lang='grc' dir='ltr'><em>νομισθείη</em></span> <span class='ocrx_word' id='word_1_8' title='bbox 653 409 707 472; x_wconf 78' lang='grc' dir='ltr'><strong><em>καὶ</em></strong></span> <span class='ocrx_word' id='word_1_9' title='bbox 729 405 772 472; x_wconf 84' lang='grc' dir='ltr'><strong><em>τὰ</em></strong></span> <span class='ocrx_word' id='word_1_10' title='bbox 791 403 959 491; x_wconf 86' lang='grc' dir='ltr'><strong><em>γενόμενα.</em></strong></span> <span class='ocrx_word' id='word_1_11' title='bbox 997 403 1054 471; x_wconf 78' lang='grc' dir='ltr'><strong><em>ἐλ</em></strong></span> <span class='ocrx_word' id='word_1_12' title='bbox 1078 405 1119 472; x_wconf 85' lang='grc' dir='ltr'><strong><em>δὲ</em></strong></span> <span class='ocrx_word' id='word_1_13' title='bbox 1143 401 1203 473; x_wconf 74' lang='grc' dir='ltr'><strong><em>ἐπ’</em></strong></span> <span class='ocrx_word' id='word_1_14' title='bbox 1222 400 1424 495; x_wconf 82' lang='grc' dir='ltr'><strong><em>άληθείαςεῦ·</em></strong></span> 
     </span>
     <span class='ocr_line' id='line_1_3' title="bbox 198 502 1424 603; baseline -0.004 -22"><span class='ocrx_word' id='word_1_15' title='bbox 198 539 305 603; x_wconf 88' lang='grc' dir='ltr'><strong><em>ρηται,</em></strong></span> <span class='ocrx_word' id='word_1_16' title='bbox 329 506 487 596; x_wconf 80' lang='grc' dir='ltr'><strong><em>ἀλλοτρία</em></strong></span> <span class='ocrx_word' id='word_1_17' title='bbox 510 511 546 576; x_wconf 82' lang='grc' dir='ltr'><strong><em>δέ</em></strong></span> <span class='ocrx_word' id='word_1_18' title='bbox 567 507 716 574; x_wconf 97' lang='grc' dir='ltr'><strong><em>καθόλου</em></strong></span> <span class='ocrx_word' id='word_1_19' title='bbox 737 502 757 592; x_wconf 87' lang='grc' dir='ltr'><strong><em>ή</em></strong></span> <span class='ocrx_word' id='word_1_20' title='bbox 782 505 868 594; x_wconf 83' lang='grc' dir='ltr'><strong><em>ψυχή</em></strong></span> <span class='ocrx_word' id='word_1_21' title='bbox 890 509 950 572; x_wconf 90' lang='grc' dir='ltr'><strong><em>τοῦ</em></strong></span> <span class='ocrx_word' id='word_1_22' title='bbox 971 513 1093 593; x_wconf 83' lang='grc' dir='ltr'><strong><em>κυρίου</em></strong></span> <span class='ocrx_word' id='word_1_23' title='bbox 1117 507 1276 594; x_wconf 76' lang='grc' dir='ltr'><strong><em>ἐγεγόνει</em></strong></span> <span class='ocrx_word' id='word_1_24' title='bbox 1288 509 1424 598; x_wconf 75' lang='grc' dir='ltr'><strong><em>τήςίδίυς</em></strong></span> 
     </span>
     <span class='ocr_line' id='line_1_4' title="bbox 200 606 1425 701; baseline -0.005 -17"><span class='ocrx_word' id='word_1_25' title='bbox 200 615 354 701; x_wconf 84' lang='grc' dir='ltr'><strong><em>νοήσεως,</em></strong></span> <span class='ocrx_word' id='word_1_26' title='bbox 376 611 459 680; x_wconf 85' lang='grc' dir='ltr'><strong><em>θεὸν</em></strong></span> <span class='ocrx_word' id='word_1_27' title='bbox 481 609 540 677; x_wconf 88' lang='grc' dir='ltr'><strong><em>τὸν</em></strong></span> <span class='ocrx_word' id='word_1_28' title='bbox 562 609 660 696; x_wconf 92' lang='grc' dir='ltr'><strong><em>λόγον</em></strong></span> <span class='ocrx_word' id='word_1_29' title='bbox 682 609 803 691; x_wconf 73' lang='grc' dir='ltr'><strong><em>ἔχουσα</em></strong></span> <span class='ocrx_word' id='word_1_30' title='bbox 824 611 911 688; x_wconf 87' lang='grc' dir='ltr'><strong><em>νοῦν,</em></strong></span> <span class='ocrx_word' id='word_1_31' title='bbox 934 606 1139 695; x_wconf 73' lang='grc' dir='ltr'><strong><em>τετράφθαι</em></strong></span> <span class='ocrx_word' id='word_1_32' title='bbox 1155 609 1201 676; x_wconf 88' lang='grc' dir='ltr'><strong><em>τὸ</em></strong></span> <span class='ocrx_word' id='word_1_33' title='bbox 1218 608 1425 697; x_wconf 79' lang='grc' dir='ltr'><strong><em>άτρεπτονιίς</em></strong></span> 
     </span>
     <span class='ocr_line' id='line_1_5' title="bbox 199 706 1424 804; baseline -0.007 -18"><span class='ocrx_word' id='word_1_34' title='bbox 199 717 307 804; x_wconf 89' lang='grc' dir='ltr'><strong><em>λόπην</em></strong></span> <span class='ocrx_word' id='word_1_35' title='bbox 334 717 388 782; x_wconf 85' lang='grc' dir='ltr'><strong><em>καλ</em></strong></span> <span class='ocrx_word' id='word_1_36' title='bbox 418 709 600 800; x_wconf 77' lang='grc' dir='ltr'><strong><em>ἀδημονίαν</em></strong></span> <span class='ocrx_word' id='word_1_37' title='bbox 629 714 682 778; x_wconf 78' lang='grc' dir='ltr'><strong><em>καὶ</em></strong></span> <span class='ocrx_word' id='word_1_38' title='bbox 706 708 868 798; x_wconf 81' lang='grc' dir='ltr'><strong><em>1’ταραχήν</em></strong></span> <span class='ocrx_word' id='word_1_39' title='bbox 896 709 935 775; x_wconf 90' lang='grc' dir='ltr'><strong><em>τὸ</em></strong></span> <span class='ocrx_word' id='word_1_40' title='bbox 964 709 1095 777; x_wconf 80' lang='grc' dir='ltr'><strong><em>ἐννοείν</em></strong></span> <span class='ocrx_word' id='word_1_41' title='bbox 1119 706 1252 798; x_wconf 79' lang='grc' dir='ltr'><strong><em>ἀσεβές</em></strong></span> <span class='ocrx_word' id='word_1_42' title='bbox 1274 712 1352 780; x_wconf 75' lang='grc' dir='ltr'><strong><em>ἐστι</em></strong></span> <span class='ocrx_word' id='word_1_43' title='bbox 1382 707 1424 799; x_wconf 69' lang='grc' dir='ltr'><strong><em>τήν</em></strong></span> 
     </span>
     <span class='ocr_line' id='line_1_6' title="bbox 200 806 1426 906; baseline -0.002 -22"><span class='ocrx_word' id='word_1_44' title='bbox 200 821 277 906; x_wconf 73' lang='grc' dir='ltr'><strong><em>λέγῃ</em></strong></span> <span class='ocrx_word' id='word_1_45' title='bbox 299 817 342 884; x_wconf 86' lang='grc' dir='ltr'><strong><em>τά</em></strong></span> <span class='ocrx_word' id='word_1_46' title='bbox 364 811 544 902; x_wconf 77' lang='grc' dir='ltr'><strong><em>εὐαγγέλια,</em></strong></span> <span class='ocrx_word' id='word_1_47' title='bbox 569 809 623 879; x_wconf 84' lang='grc' dir='ltr'><strong><em>ὅτι</em></strong></span> <span class='ocrx_word' id='word_1_48' title='bbox 645 811 813 898; x_wconf 78' lang='grc' dir='ltr'><strong><em>ἐταράχθη</em></strong></span> <span class='ocrx_word' id='word_1_49' title='bbox 832 806 955 898; x_wconf 80' lang='grc' dir='ltr'><strong><em>Ἰησοῦς</em></strong></span> <span class='ocrx_word' id='word_1_50' title='bbox 969 814 1017 898; x_wconf 81' lang='grc' dir='ltr'><strong><em>τῷ</em></strong></span> <span class='ocrx_word' id='word_1_51' title='bbox 1033 812 1262 897; x_wconf 76' lang='grc' dir='ltr'><strong><em>πνεόματι’),</em></strong></span> <span class='ocrx_word' id='word_1_52' title='bbox 1286 811 1426 882; x_wconf 72' lang='grc' dir='ltr'><strong><em>άλλόδεί·</em></strong></span> 
     </span>
     <span class='ocr_line' id='line_1_7' title="bbox 201 908 1426 1001; baseline -0.002 -13"><span class='ocrx_word' id='word_1_53' title='bbox 201 943 296 989; x_wconf 84' lang='grc' dir='ltr'><strong><em>κνυσι</em></strong></span> <span class='ocrx_word' id='word_1_54' title='bbox 317 917 392 984; x_wconf 69' lang='grc' dir='ltr'><strong><em>οτόν</em></strong></span> <span class='ocrx_word' id='word_1_55' title='bbox 420 920 496 983; x_wconf 85' lang='grc' dir='ltr'><strong><em>νοῦν</em></strong></span> <span class='ocrx_word' id='word_1_56' title='bbox 528 911 546 981; x_wconf 89' lang='grc' dir='ltr'><strong><em>ό</em></strong></span> <span class='ocrx_word' id='word_1_57' title='bbox 568 914 680 1000; x_wconf 82' lang='grc' dir='ltr'><strong><em>κύριος</em></strong></span> <span class='ocrx_word' id='word_1_58' title='bbox 702 910 854 999; x_wconf 82' lang='grc' dir='ltr'><strong><em>εἰρηκώς·</em></strong></span> <span class='ocrx_word' id='word_1_59' title='bbox 882 908 902 999; x_wconf 86' lang='grc' dir='ltr'><strong><em>ή</em></strong></span> <span class='ocrx_word' id='word_1_60' title='bbox 926 913 1016 1001; x_wconf 77' lang='grc' dir='ltr'><strong><em>ψυχή</em></strong></span> <span class='ocrx_word' id='word_1_61' title='bbox 1038 937 1111 998; x_wconf 91' lang='grc' dir='ltr'><strong><em>μου</em></strong></span> <span class='ocrx_word' id='word_1_62' title='bbox 1134 915 1377 1001; x_wconf 73' lang='grc' dir='ltr'><strong><em>τετάρακταιἿ.</em></strong></span> <span class='ocrx_word' id='word_1_63' title='bbox 1404 916 1426 984; x_wconf 84' lang='grc' dir='ltr'><strong><em>ελ</em></strong></span> 
     </span>
     <span class='ocr_line' id='line_1_8' title="bbox 202 1012 1426 1110; baseline 0.001 -25"><span class='ocrx_word' id='word_1_64' title='bbox 202 1021 242 1110; x_wconf 83' lang='grc' dir='ltr'><strong><em>δή</em></strong></span> <span class='ocrx_word' id='word_1_65' title='bbox 265 1023 373 1106; x_wconf 77' lang='grc' dir='ltr'><strong><em>ψυχῆς</em></strong></span> <span class='ocrx_word' id='word_1_66' title='bbox 395 1018 481 1096; x_wconf 86' lang='grc' dir='ltr'><strong><em>ίδίας</em></strong></span> <span class='ocrx_word' id='word_1_67' title='bbox 503 1016 617 1104; x_wconf 88' lang='grc' dir='ltr'><strong><em>νόησιν</em></strong></span> <span class='ocrx_word' id='word_1_68' title='bbox 640 1012 659 1081; x_wconf 86' lang='grc' dir='ltr'><strong><em>ό</em></strong></span> <span class='ocrx_word' id='word_1_69' title='bbox 680 1014 792 1102; x_wconf 81' lang='grc' dir='ltr'><strong><em>κύριος</em></strong></span> <span class='ocrx_word' id='word_1_70' title='bbox 814 1013 1050 1094; x_wconf 81' lang='grc' dir='ltr'><strong><em>ἐπιδείκνυται,</em></strong></span> <span class='ocrx_word' id='word_1_71' title='bbox 1077 1016 1130 1096; x_wconf 82' lang='grc' dir='ltr'><strong><em>είς</em></strong></span> <span class='ocrx_word' id='word_1_72' title='bbox 1150 1018 1426 1103; x_wconf 79' lang='grc' dir='ltr'><strong><em>συμπάθειαντής</em></strong></span> 
     </span>
     <span class='ocr_line' id='line_1_9' title="bbox 202 1111 1428 1210; baseline 0 -22"><span class='ocrx_word' id='word_1_73' title='bbox 202 1120 362 1210; x_wconf 79' lang='grc' dir='ltr'><strong><em>ἡμετέρας</em></strong></span> <span class='ocrx_word' id='word_1_74' title='bbox 383 1123 504 1206; x_wconf 76' lang='grc' dir='ltr'><strong><em>ψυχῆς,</em></strong></span> <span class='ocrx_word' id='word_1_75' title='bbox 535 1119 591 1185; x_wconf 80' lang='grc' dir='ltr'><strong><em>ἵνα</em></strong></span> <span class='ocrx_word' id='word_1_76' title='bbox 620 1114 707 1184; x_wconf 81' lang='grc' dir='ltr'><strong><em>οῶτω</em></strong></span> <span class='ocrx_word' id='word_1_77' title='bbox 729 1120 784 1184; x_wconf 81' lang='grc' dir='ltr'><strong><em>καί</em></strong></span> <span class='ocrx_word' id='word_1_78' title='bbox 806 1111 908 1183; x_wconf 85' lang='grc' dir='ltr'><strong><em>αῦτοῦ</em></strong></span> <span class='ocrx_word' id='word_1_79' title='bbox 930 1116 1110 1204; x_wconf 87' lang='grc' dir='ltr'><strong><em>νοήσωμεν</em></strong></span> <span class='ocrx_word' id='word_1_80' title='bbox 1133 1115 1257 1189; x_wconf 63' lang='grc' dir='ltr'><strong><em>11εἶναι</em></strong></span> <span class='ocrx_word' id='word_1_81' title='bbox 1278 1120 1428 1199; x_wconf 77' lang='grc' dir='ltr'><strong><em>τὸπάθος</em></strong></span> 
     </span>
     <span class='ocr_line' id='line_1_10' title="bbox 202 1214 1428 1309; baseline -0.002 -16"><span class='ocrx_word' id='word_1_82' title='bbox 202 1229 257 1293; x_wconf 78' lang='grc' dir='ltr'><strong><em>καί</em></strong></span> <span class='ocrx_word' id='word_1_83' title='bbox 280 1220 379 1290; x_wconf 82' lang='grc' dir='ltr'><strong><em>αὐτόν</em></strong></span> <span class='ocrx_word' id='word_1_84' title='bbox 402 1217 524 1305; x_wconf 84' lang='grc' dir='ltr'><strong><em>άπαθή</em></strong></span> <span class='ocrx_word' id='word_1_85' title='bbox 548 1215 769 1305; x_wconf 75' lang='grc' dir='ltr'><strong><em>ὁμολογῶμεν.</em></strong></span> <span class='ocrx_word' id='word_1_86' title='bbox 807 1214 919 1304; x_wconf 87' lang='grc' dir='ltr'><strong><em>ὥςπερ</em></strong></span> <span class='ocrx_word' id='word_1_87' title='bbox 941 1218 1006 1306; x_wconf 87' lang='grc' dir='ltr'><strong><em>γὰρ</em></strong></span> <span class='ocrx_word' id='word_1_88' title='bbox 1029 1222 1081 1306; x_wconf 78' lang='grc' dir='ltr'><strong><em>τῷ</em></strong></span> <span class='ocrx_word' id='word_1_89' title='bbox 1105 1220 1241 1306; x_wconf 77' lang='grc' dir='ltr'><strong><em>αἵματι</em></strong></span> <span class='ocrx_word' id='word_1_90' title='bbox 1262 1226 1322 1309; x_wconf 80' lang='grc' dir='ltr'><strong><em>τῆς</em></strong></span> <span class='ocrx_word' id='word_1_91' title='bbox 1335 1221 1428 1308; x_wconf 70' lang='grc' dir='ltr'><strong><em>σαρκὸς</em></strong></span> 
     </span>
     <span class='ocr_line' id='line_1_11' title="bbox 203 1317 1428 1411; baseline -0.002 -16"><span class='ocrx_word' id='word_1_92' title='bbox 203 1322 304 1395; x_wconf 88' lang='grc' dir='ltr'><strong><em>αῦτοῦ</em></strong></span> <span class='ocrx_word' id='word_1_93' title='bbox 328 1323 536 1409; x_wconf 76' lang='grc' dir='ltr'><strong><em>ἐλυτρῶσατο</em></strong></span> <span class='ocrx_word' id='word_1_94' title='bbox 558 1318 654 1410; x_wconf 81' lang='grc' dir='ltr'><strong><em>ἡμᾶς,</em></strong></span> <span class='ocrx_word' id='word_1_95' title='bbox 678 1317 765 1388; x_wconf 84' lang='grc' dir='ltr'><strong><em>οῦτω</em></strong></span> <span class='ocrx_word' id='word_1_96' title='bbox 787 1322 842 1387; x_wconf 81' lang='grc' dir='ltr'><strong><em>καί</em></strong></span> <span class='ocrx_word' id='word_1_97' title='bbox 863 1323 903 1408; x_wconf 83' lang='grc' dir='ltr'><strong><em>τῇ</em></strong></span> <span class='ocrx_word' id='word_1_98' title='bbox 926 1319 1041 1407; x_wconf 78' lang='grc' dir='ltr'><strong><em>νοήσει</em></strong></span> <span class='ocrx_word' id='word_1_99' title='bbox 1062 1324 1127 1410; x_wconf 81' lang='grc' dir='ltr'><strong><em>τῆς</em></strong></span> <span class='ocrx_word' id='word_1_100' title='bbox 1143 1327 1266 1410; x_wconf 75' lang='grc' dir='ltr'><strong><em>ψυχῆς</em></strong></span> <span class='ocrx_word' id='word_1_101' title='bbox 1280 1321 1428 1411; x_wconf 73' lang='grc' dir='ltr'><strong><em>αῦτοῦτήν</em></strong></span> 
     </span>
     <span class='ocr_line' id='line_1_12' title="bbox 205 1421 1427 1516; baseline -0.002 -19"><span class='ocrx_word' id='word_1_102' title='bbox 205 1435 294 1516; x_wconf 88' lang='grc' dir='ltr'><strong><em>νίκην</em></strong></span> <span class='ocrx_word' id='word_1_103' title='bbox 316 1423 402 1510; x_wconf 76' lang='grc' dir='ltr'><strong><em>ὑπὲρ</em></strong></span> <span class='ocrx_word' id='word_1_104' title='bbox 423 1421 517 1512; x_wconf 84' lang='grc' dir='ltr'><strong><em>ήμῶν</em></strong></span> <span class='ocrx_word' id='word_1_105' title='bbox 540 1424 774 1503; x_wconf 77' lang='grc' dir='ltr'><strong><em>ἐπιδείκνυται,</em></strong></span> <span class='ocrx_word' id='word_1_106' title='bbox 797 1424 916 1509; x_wconf 82' lang='grc' dir='ltr'><strong><em>λέγων·</em></strong></span> <span class='ocrx_word' id='word_1_107' title='bbox 939 1421 1003 1509; x_wconf 79' lang='grc' dir='ltr'><strong><em>ἐγὼ</em></strong></span> <span class='ocrx_word' id='word_1_108' title='bbox 1027 1433 1193 1512; x_wconf 72' lang='grc' dir='ltr'><strong><em>νενίκηκα</em></strong></span> <span class='ocrx_word' id='word_1_109' title='bbox 1216 1427 1427 1512; x_wconf 67' lang='grc' dir='ltr'><strong><em>τὸνκόσμστλ,</em></strong></span> 
     </span>
     <span class='ocr_line' id='line_1_13' title="bbox 119 1520 1429 1616; baseline -0.003 -16"><span class='ocrx_word' id='word_1_110' title='bbox 119 1534 261 1600; x_wconf 59' lang='lat' dir='ltr'><strong><em>mm!</em></strong></span> <span class='ocrx_word' id='word_1_111' title='bbox 294 1525 436 1611; x_wconf 79' lang='grc' dir='ltr'><strong><em>ἀλλαχοῦ</em></strong></span> <span class='ocrx_word' id='word_1_112' title='bbox 464 1528 517 1594; x_wconf 91' lang='grc' dir='ltr'><strong><em>δέ·</em></strong></span> <span class='ocrx_word' id='word_1_113' title='bbox 541 1525 688 1594; x_wconf 76' lang='grc' dir='ltr'><strong><em>’διδόντι</em></strong></span> <span class='ocrx_word' id='word_1_114' title='bbox 715 1520 795 1613; x_wconf 78' lang='grc' dir='ltr'><strong><em>ήμῖν</em></strong></span> <span class='ocrx_word' id='word_1_115' title='bbox 810 1523 863 1599; x_wconf 69' lang='grc' dir='ltr'><strong><em>,τὸ</em></strong></span> <span class='ocrx_word' id='word_1_116' title='bbox 891 1528 1022 1605; x_wconf 66' lang='grc' dir='ltr'><strong><em>νῖκοςἿ.</em></strong></span> <span class='ocrx_word' id='word_1_117' title='bbox 1062 1520 1138 1592; x_wconf 76' lang='grc' dir='ltr'><strong><em>ἀλλ’</em></strong></span> <span class='ocrx_word' id='word_1_118' title='bbox 1168 1524 1291 1616; x_wconf 86' lang='grc' dir='ltr'><strong><em>ὥςπερ</em></strong></span> <span class='ocrx_word' id='word_1_119' title='bbox 1312 1528 1349 1596; x_wconf 85' lang='grc' dir='ltr'><strong><em>τὸ</em></strong></span> <span class='ocrx_word' id='word_1_120' title='bbox 1367 1523 1429 1612; x_wconf 73' lang='grc' dir='ltr'><strong><em>αλια</em></strong></span> 
     </span>
     <span class='ocr_line' id='line_1_14' title="bbox 204 1622 1429 1714; baseline -0.002 -13"><span class='ocrx_word' id='word_1_121' title='bbox 204 1628 264 1701; x_wconf 85' lang='grc' dir='ltr'><strong><em>οῦκ</em></strong></span> <span class='ocrx_word' id='word_1_122' title='bbox 286 1625 326 1699; x_wconf 86' lang='grc' dir='ltr'><strong><em>άν</em></strong></span> <span class='ocrx_word' id='word_1_123' title='bbox 348 1628 458 1696; x_wconf 88' lang='grc' dir='ltr'><strong><em>κοινόν</em></strong></span> <span class='ocrx_word' id='word_1_124' title='bbox 480 1640 553 1708; x_wconf 85' lang='grc' dir='ltr'><strong><em>τοις</em></strong></span> <span class='ocrx_word' id='word_1_125' title='bbox 575 1622 744 1714; x_wconf 80' lang='grc' dir='ltr'><strong><em>εῦσεβέσιν</em></strong></span> <span class='ocrx_word' id='word_1_126' title='bbox 766 1632 907 1714; x_wconf 84' lang='grc' dir='ltr'><strong><em>νοηθείη</em></strong></span> <span class='ocrx_word' id='word_1_127' title='bbox 927 1623 1039 1713; x_wconf 89' lang='grc' dir='ltr'><strong><em>ὥςπερ</em></strong></span> <span class='ocrx_word' id='word_1_128' title='bbox 1061 1637 1142 1707; x_wconf 80' lang='grc' dir='ltr'><strong><em>τοῖς</em></strong></span> <span class='ocrx_word' id='word_1_129' title='bbox 1168 1625 1346 1712; x_wconf 76' lang='grc' dir='ltr'><strong><em>ἀπίστοις,</em></strong></span> <span class='ocrx_word' id='word_1_130' title='bbox 1365 1625 1429 1698; x_wconf 75' lang='grc' dir='ltr'><strong><em>όλλλ</em></strong></span> 
     </span>
     <span class='ocr_line' id='line_1_15' title="bbox 206 1724 1429 1822; baseline -0.002 -19"><span class='ocrx_word' id='word_1_131' title='bbox 206 1735 378 1822; x_wconf 86' lang='grc' dir='ltr'><strong><em>σωτήριον,</em></strong></span> <span class='ocrx_word' id='word_1_132' title='bbox 402 1728 509 1810; x_wconf 74' lang='grc' dir='ltr'><strong><em>οὕτως</em></strong></span> <span class='ocrx_word' id='word_1_133' title='bbox 530 1734 584 1798; x_wconf 83' lang='grc' dir='ltr'><strong><em>καί</em></strong></span> <span class='ocrx_word' id='word_1_134' title='bbox 607 1727 628 1819; x_wconf 85' lang='grc' dir='ltr'><strong><em>ή</em></strong></span> <span class='ocrx_word' id='word_1_135' title='bbox 651 1729 765 1817; x_wconf 87' lang='grc' dir='ltr'><strong><em>νόησις</em></strong></span> <span class='ocrx_word' id='word_1_136' title='bbox 787 1731 943 1816; x_wconf 73' lang='grc' dir='ltr'><strong><em>λεγομένη</em></strong></span> <span class='ocrx_word' id='word_1_137' title='bbox 960 1724 1019 1796; x_wconf 87' lang='grc' dir='ltr'><strong><em>οῦκ</em></strong></span> <span class='ocrx_word' id='word_1_138' title='bbox 1039 1724 1281 1821; x_wconf 65' lang='grc' dir='ltr'><strong><em>’ἀνθρωπίνη</em></strong></span> <span class='ocrx_word' id='word_1_139' title='bbox 1297 1729 1429 1818; x_wconf 69' lang='grc' dir='ltr'><strong><em>άσθενάη</em></strong></span> 
     </span>
     <span class='ocr_line' id='line_1_16' title="bbox 203 1827 1428 1926; baseline -0.003 -23"><span class='ocrx_word' id='word_1_140' title='bbox 203 1839 430 1926; x_wconf 77' lang='grc' dir='ltr'><strong><em>περικειμένη,</em></strong></span> <span class='ocrx_word' id='word_1_141' title='bbox 461 1827 546 1899; x_wconf 85' lang='grc' dir='ltr'><strong><em>όλλά</em></strong></span> <span class='ocrx_word' id='word_1_142' title='bbox 574 1835 660 1899; x_wconf 89' lang='grc' dir='ltr'><strong><em>θεοῦ</em></strong></span> <span class='ocrx_word' id='word_1_143' title='bbox 690 1830 793 1917; x_wconf 85' lang='grc' dir='ltr'><strong><em>φύσιν</em></strong></span> <span class='ocrx_word' id='word_1_144' title='bbox 814 1830 1077 1916; x_wconf 76' lang='grc' dir='ltr'><strong><em>ἐπιδεικνυμένη.</em></strong></span> <span class='ocrx_word' id='word_1_145' title='bbox 1118 1837 1181 1900; x_wconf 83' lang='grc' dir='ltr'><strong><em>καὶ</em></strong></span> <span class='ocrx_word' id='word_1_146' title='bbox 1207 1832 1320 1915; x_wconf 84' lang='grc' dir='ltr'><strong><em>οῦτως</em></strong></span> <span class='ocrx_word' id='word_1_147' title='bbox 1340 1830 1376 1902; x_wconf 82' lang='grc' dir='ltr'><strong><em>όν</em></strong></span> <span class='ocrx_word' id='word_1_148' title='bbox 1391 1836 1428 1899; x_wconf 81' lang='grc' dir='ltr'><strong><em>λέ-</em></strong></span> 
     </span>
     <span class='ocr_line' id='line_1_17' title="bbox 203 1927 1429 2024; baseline 0.001 -21"><span class='ocrx_word' id='word_1_149' title='bbox 203 1960 297 2024; x_wconf 89' lang='grc' dir='ltr'><strong><em>γοιτο</em></strong></span> <span class='ocrx_word' id='word_1_150' title='bbox 319 1937 443 2012; x_wconf 87' lang='grc' dir='ltr'><strong><em>τέλειος</em></strong></span> <span class='ocrx_word' id='word_1_151' title='bbox 464 1932 547 2011; x_wconf 85' lang='grc' dir='ltr'><strong><em>θεὸς</em></strong></span> <span class='ocrx_word' id='word_1_152' title='bbox 570 1936 623 2000; x_wconf 83' lang='grc' dir='ltr'><strong><em>καί</em></strong></span> <span class='ocrx_word' id='word_1_153' title='bbox 646 1935 773 2012; x_wconf 90' lang='grc' dir='ltr'><strong><em>τέλειος</em></strong></span> <span class='ocrx_word' id='word_1_154' title='bbox 796 1929 981 2020; x_wconf 74' lang='grc' dir='ltr'><strong><em>ἅνθρωπος</em></strong></span> <span class='ocrx_word' id='word_1_155' title='bbox 1004 1927 1022 1997; x_wconf 87' lang='grc' dir='ltr'><strong><em>δ</em></strong></span> <span class='ocrx_word' id='word_1_156' title='bbox 1045 1935 1224 2018; x_wconf 85' lang='grc' dir='ltr'><strong><em>Χριστός,</em></strong></span> <span class='ocrx_word' id='word_1_157' title='bbox 1250 1934 1312 2022; x_wconf 79' lang='grc' dir='ltr'><strong><em>οὐχ</em></strong></span> <span class='ocrx_word' id='word_1_158' title='bbox 1332 1933 1373 2017; x_wconf 84' lang='grc' dir='ltr'><strong><em>ὥς</em></strong></span> <span class='ocrx_word' id='word_1_159' title='bbox 1387 1938 1429 2023; x_wconf 79' lang='grc' dir='ltr'><strong><em>τής</em></strong></span> 
     </span>
     <span class='ocr_line' id='line_1_18' title="bbox 203 2030 1428 2127; baseline -0.003 -21"><span class='ocrx_word' id='word_1_160' title='bbox 203 2041 321 2124; x_wconf 80' lang='grc' dir='ltr'><strong><em>θείκής</em></strong></span> <span class='ocrx_word' id='word_1_161' title='bbox 342 2034 549 2122; x_wconf 82' lang='grc' dir='ltr'><strong><em>τελειότητος</em></strong></span> <span class='ocrx_word' id='word_1_162' title='bbox 571 2035 619 2114; x_wconf 87' lang='grc' dir='ltr'><strong><em>είς</em></strong></span> <span class='ocrx_word' id='word_1_163' title='bbox 641 2030 860 2123; x_wconf 85' lang='grc' dir='ltr'><strong><em>άνθρωπίνην</em></strong></span> <span class='ocrx_word' id='word_1_164' title='bbox 881 2034 1074 2122; x_wconf 84' lang='grc' dir='ltr'><strong><em>τελειότητα</em></strong></span> <span class='ocrx_word' id='word_1_165' title='bbox 1097 2032 1428 2127; x_wconf 74' lang='grc' dir='ltr'><strong><em>μεταποιηθείσηςλ</em></strong></span> 
     </span>
     <span class='ocr_line' id='line_1_19' title="bbox 205 2133 1428 2227; baseline 0 -18"><span class='ocrx_word' id='word_1_166' title='bbox 205 2139 296 2209; x_wconf 78' lang='grc' dir='ltr'><strong><em>ἐστιν</em></strong></span> <span class='ocrx_word' id='word_1_167' title='bbox 325 2133 457 2224; x_wconf 79' lang='grc' dir='ltr'><strong><em>άσεβές,</em></strong></span> <span class='ocrx_word' id='word_1_168' title='bbox 488 2135 565 2206; x_wconf 84' lang='grc' dir='ltr'><strong><em>οῦτε</em></strong></span> <span class='ocrx_word' id='word_1_169' title='bbox 585 2137 650 2226; x_wconf 89' lang='grc' dir='ltr'><strong><em>μήν</em></strong></span> <span class='ocrx_word' id='word_1_170' title='bbox 672 2134 718 2216; x_wconf 87' lang='grc' dir='ltr'><strong><em>ὥς</em></strong></span> <span class='ocrx_word' id='word_1_171' title='bbox 741 2136 801 2204; x_wconf 89' lang='grc' dir='ltr'><strong><em>δόο</em></strong></span> <span class='ocrx_word' id='word_1_172' title='bbox 823 2136 1039 2222; x_wconf 86' lang='grc' dir='ltr'><strong><em>τελειοτήτων</em></strong></span> <span class='ocrx_word' id='word_1_173' title='bbox 1061 2139 1154 2206; x_wconf 88' lang='grc' dir='ltr'><strong><em>κατὰ</em></strong></span> <span class='ocrx_word' id='word_1_174' title='bbox 1181 2142 1352 2227; x_wconf 71' lang='grc' dir='ltr'><strong><em>διαίρεσιν</em></strong></span> <span class='ocrx_word' id='word_1_175' title='bbox 1370 2135 1428 2223; x_wconf 65' lang='grc' dir='ltr'><strong><em>όμε</em></strong></span> 
     </span>
     <span class='ocr_line' id='line_1_20' title="bbox 205 2233 1428 2331; baseline 0.002 -23"><span class='ocrx_word' id='word_1_176' title='bbox 205 2242 422 2328; x_wconf 84' lang='grc' dir='ltr'><strong><em>λογουμένων,</em></strong></span> <span class='ocrx_word' id='word_1_177' title='bbox 448 2235 467 2305; x_wconf 86' lang='grc' dir='ltr'><strong><em>ό</em></strong></span> <span class='ocrx_word' id='word_1_178' title='bbox 490 2238 580 2307; x_wconf 78' lang='grc' dir='ltr'><strong><em>ἐστιν</em></strong></span> <span class='ocrx_word' id='word_1_179' title='bbox 602 2234 778 2324; x_wconf 82' lang='grc' dir='ltr'><strong><em>ἀλλότριον</em></strong></span> <span class='ocrx_word' id='word_1_180' title='bbox 802 2233 980 2325; x_wconf 72' lang='grc' dir='ltr'><strong><em>εὐσεβείας,</em></strong></span> <span class='ocrx_word' id='word_1_181' title='bbox 1005 2237 1084 2306; x_wconf 85' lang='grc' dir='ltr'><strong><em>σῦτε</em></strong></span> <span class='ocrx_word' id='word_1_182' title='bbox 1107 2241 1146 2308; x_wconf 81' lang='grc' dir='ltr'><strong><em>δέ</em></strong></span> <span class='ocrx_word' id='word_1_183' title='bbox 1172 2244 1267 2310; x_wconf 86' lang='grc' dir='ltr'><strong><em>κατὰ</em></strong></span> <span class='ocrx_word' id='word_1_184' title='bbox 1281 2241 1428 2331; x_wconf 75' lang='grc' dir='ltr'><strong><em>προκοπήν</em></strong></span> 
     </span>
     <span class='ocr_line' id='line_1_21' title="bbox 205 2336 1428 2431; baseline 0.002 -20"><span class='ocrx_word' id='word_1_185' title='bbox 205 2338 323 2431; x_wconf 83' lang='grc' dir='ltr'><strong><em>ἇρετής</em></strong></span> <span class='ocrx_word' id='word_1_186' title='bbox 344 2347 398 2409; x_wconf 86' lang='grc' dir='ltr'><strong><em>καί</em></strong></span> <span class='ocrx_word' id='word_1_187' title='bbox 420 2339 611 2428; x_wconf 75' lang='grc' dir='ltr'><strong><em>πρόςληψιν</em></strong></span> <span class='ocrx_word' id='word_1_188' title='bbox 634 2341 854 2428; x_wconf 81' lang='grc' dir='ltr'><strong><em>δικαιοσύνης,</em></strong></span> <span class='ocrx_word' id='word_1_189' title='bbox 876 2339 921 2428; x_wconf 84' lang='grc' dir='ltr'><strong><em>μὴ</em></strong></span> <span class='ocrx_word' id='word_1_190' title='bbox 936 2346 1075 2426; x_wconf 84' lang='grc' dir='ltr'><strong><em>γένοιτο,</em></strong></span> <span class='ocrx_word' id='word_1_191' title='bbox 1102 2336 1199 2412; x_wconf 85' lang='grc' dir='ltr'><strong><em>άλλόι</em></strong></span> <span class='ocrx_word' id='word_1_192' title='bbox 1214 2342 1296 2413; x_wconf 81' lang='grc' dir='ltr'><strong><em>καθ’</em></strong></span> <span class='ocrx_word' id='word_1_193' title='bbox 1314 2342 1428 2429; x_wconf 54' lang='lat' dir='ltr'><strong><em>&amp;mbr</em></strong></span> 
     </span>
     <span class='ocr_line' id='line_1_22' title="bbox 206 2433 1428 2530; baseline 0.001 -18"><span class='ocrx_word' id='word_1_194' title='bbox 206 2438 376 2529; x_wconf 82' lang='grc' dir='ltr'><strong><em>άνελλιπή,</em></strong></span> <span class='ocrx_word' id='word_1_195' title='bbox 400 2445 456 2512; x_wconf 77' lang='grc' dir='ltr'><strong><em>ἵνα</em></strong></span> <span class='ocrx_word' id='word_1_196' title='bbox 479 2438 527 2522; x_wconf 82' lang='grc' dir='ltr'><strong><em>εἷς</em></strong></span> <span class='ocrx_word' id='word_1_197' title='bbox 548 2433 568 2530; x_wconf 80' lang='grc' dir='ltr'><em>ᾗ</em></span> <span class='ocrx_word' id='word_1_198' title='bbox 591 2443 633 2509; x_wconf 88' lang='grc' dir='ltr'><strong><em>τά</em></strong></span> <span class='ocrx_word' id='word_1_199' title='bbox 655 2441 803 2529; x_wconf 79' lang='grc' dir='ltr'><strong><em>ἑκάτερα,</em></strong></span> <span class='ocrx_word' id='word_1_200' title='bbox 824 2444 951 2521; x_wconf 83' lang='grc' dir='ltr'><strong><em>τέλειος</em></strong></span> <span class='ocrx_word' id='word_1_201' title='bbox 966 2442 1050 2509; x_wconf 87' lang='grc' dir='ltr'><strong><em>κατὰ</em></strong></span> <span class='ocrx_word' id='word_1_202' title='bbox 1066 2443 1202 2526; x_wconf 89' lang='grc' dir='ltr'><strong><em>πάντα,</em></strong></span> <span class='ocrx_word' id='word_1_203' title='bbox 1229 2443 1428 2528; x_wconf 62' lang='grc' dir='ltr'><strong><em>θεδςκσλόε</em></strong></span> 
     </span>
     <span class='ocr_line' id='line_1_23' title="bbox 206 2541 1426 2638; baseline 0.003 -25"><span class='ocrx_word' id='word_1_204' title='bbox 206 2551 350 2631; x_wconf 86' lang='grc' dir='ltr'><strong><em>θρωπος</em></strong></span> <span class='ocrx_word' id='word_1_205' title='bbox 373 2542 391 2610; x_wconf 86' lang='grc' dir='ltr'>ὁ</span> <span class='ocrx_word' id='word_1_206' title='bbox 414 2541 522 2623; x_wconf 87' lang='grc' dir='ltr'><strong><em>αότός.</em></strong></span> <span class='ocrx_word' id='word_1_207' title='bbox 561 2544 641 2611; x_wconf 61' lang='grc' dir='ltr'><strong><em>’διὰ</em></strong></span> <span class='ocrx_word' id='word_1_208' title='bbox 662 2549 762 2610; x_wconf 88' lang='grc' dir='ltr'><strong><em>τοῦτο</em></strong></span> <span class='ocrx_word' id='word_1_209' title='bbox 785 2543 849 2631; x_wconf 83' lang='grc' dir='ltr'><strong><em>γὰρ</em></strong></span> <span class='ocrx_word' id='word_1_210' title='bbox 870 2547 925 2611; x_wconf 82' lang='grc' dir='ltr'><strong><em>καί</em></strong></span> <span class='ocrx_word' id='word_1_211' title='bbox 949 2541 1097 2630; x_wconf 88' lang='grc' dir='ltr'><strong><em>όκόριος</em></strong></span> <span class='ocrx_word' id='word_1_212' title='bbox 1114 2547 1232 2633; x_wconf 73' lang='grc' dir='ltr'><strong><em>ἔλεγε·</em></strong></span> <span class='ocrx_word' id='word_1_213' title='bbox 1260 2554 1318 2617; x_wconf 81' lang='grc' dir='ltr'><strong><em>νῦν</em></strong></span> <span class='ocrx_word' id='word_1_214' title='bbox 1332 2546 1350 2638; x_wconf 85' lang='grc' dir='ltr'><strong><em>ή</em></strong></span> <span class='ocrx_word' id='word_1_215' title='bbox 1363 2544 1426 2634; x_wconf 60' lang='lat' dir='ltr'><strong><em>mv}</em></strong></span> 
     </span>
     <span class='ocr_line' id='line_1_24' title="bbox 205 2646 1425 2732; baseline 0 -19"><span class='ocrx_word' id='word_1_216' title='bbox 205 2670 270 2730; x_wconf 91' lang='grc' dir='ltr'><strong><em>μου</em></strong></span> <span class='ocrx_word' id='word_1_217' title='bbox 292 2646 519 2732; x_wconf 53' lang='grc' dir='ltr'><strong><em>τετάρακταιλι</em></strong></span> <span class='ocrx_word' id='word_1_218' title='bbox 541 2650 594 2713; x_wconf 81' lang='grc' dir='ltr'><strong><em>καὶ</em></strong></span> <span class='ocrx_word' id='word_1_219' title='bbox 617 2646 805 2726; x_wconf 83' lang='grc' dir='ltr'><strong><em>κατώδυνός</em></strong></span> <span class='ocrx_word' id='word_1_220' title='bbox 826 2646 906 2714; x_wconf 76' lang='grc' dir='ltr'><strong><em>ἐστι.</em></strong></span> <span class='ocrx_word' id='word_1_221' title='bbox 950 2646 989 2712; x_wconf 91' lang='grc' dir='ltr'><strong><em>τὸ</em></strong></span> <span class='ocrx_word' id='word_1_222' title='bbox 1019 2648 1055 2713; x_wconf 87' lang='grc' dir='ltr'><strong><em>δέ</em></strong></span> <span class='ocrx_word' id='word_1_223' title='bbox 1085 2652 1164 2728; x_wconf 87' lang='grc' dir='ltr'><strong><em>νῦν,</em></strong></span> <span class='ocrx_word' id='word_1_224' title='bbox 1205 2659 1374 2719; x_wconf 79' lang='grc' dir='ltr'><strong><em>τουτέστιν</em></strong></span> <span class='ocrx_word' id='word_1_225' title='bbox 1391 2646 1425 2715; x_wconf 82' lang='grc' dir='ltr'><strong><em>ότι</em></strong></span> 
     </span>
     <span class='ocr_line' id='line_1_25' title="bbox 207 2742 1425 2841; baseline 0.004 -27"><span class='ocrx_word' id='word_1_226' title='bbox 207 2742 380 2836; x_wconf 82' lang='grc' dir='ltr'><strong><em>ἠθέλησεν.</em></strong></span> <span class='ocrx_word' id='word_1_227' title='bbox 426 2745 516 2831; x_wconf 81' lang='grc' dir='ltr'><strong><em>ὅμως</em></strong></span> <span class='ocrx_word' id='word_1_228' title='bbox 546 2755 660 2832; x_wconf 87' lang='grc' dir='ltr'><strong><em>μέντοι</em></strong></span> <span class='ocrx_word' id='word_1_229' title='bbox 682 2748 721 2813; x_wconf 88' lang='grc' dir='ltr'><strong><em>τὸ</em></strong></span> <span class='ocrx_word' id='word_1_230' title='bbox 745 2743 782 2815; x_wconf 86' lang='grc' dir='ltr'><strong><em>όν</em></strong></span> <span class='ocrx_word' id='word_1_231' title='bbox 805 2748 1029 2816; x_wconf 76' lang='grc' dir='ltr'><strong><em>ἐπεδείκνυτο·</em></strong></span> <span class='ocrx_word' id='word_1_232' title='bbox 1059 2743 1101 2814; x_wconf 86' lang='grc' dir='ltr'><strong><em>οῦ</em></strong></span> <span class='ocrx_word' id='word_1_233' title='bbox 1124 2751 1193 2837; x_wconf 79' lang='grc' dir='ltr'><strong><em>γὰρ</em></strong></span> <span class='ocrx_word' id='word_1_234' title='bbox 1218 2753 1261 2819; x_wconf 92' lang='grc' dir='ltr'><strong><em>τὸ</em></strong></span> <span class='ocrx_word' id='word_1_235' title='bbox 1283 2753 1328 2841; x_wconf 88' lang='grc' dir='ltr'><strong><em>μή</em></strong></span> <span class='ocrx_word' id='word_1_236' title='bbox 1350 2745 1425 2826; x_wconf 80' lang='grc' dir='ltr'><strong><em>όνῦς</em></strong></span> 
     </span>
     <span class='ocr_line' id='line_1_26' title="bbox 206 2845 1424 2943; baseline 0.006 -27"><span class='ocrx_word' id='word_1_237' title='bbox 206 2850 316 2935; x_wconf 88' lang='grc' dir='ltr'><strong><em>παρὸν</em></strong></span> <span class='ocrx_word' id='word_1_238' title='bbox 339 2846 505 2934; x_wconf 84' lang='grc' dir='ltr'><strong><em>ὠνόμαζεν</em></strong></span> <span class='ocrx_word' id='word_1_239' title='bbox 528 2845 594 2929; x_wconf 79' lang='grc' dir='ltr'><strong><em>ιἰός</em></strong></span> <span class='ocrx_word' id='word_1_240' title='bbox 617 2851 751 2936; x_wconf 80' lang='grc' dir='ltr'><strong><em>δοκήσει</em></strong></span> <span class='ocrx_word' id='word_1_241' title='bbox 766 2851 949 2936; x_wconf 83' lang='grc' dir='ltr'><strong><em>λεγομένων</em></strong></span> <span class='ocrx_word' id='word_1_242' title='bbox 964 2853 1029 2917; x_wconf 88' lang='grc' dir='ltr'><strong><em>τιῦν</em></strong></span> <span class='ocrx_word' id='word_1_243' title='bbox 1045 2860 1253 2936; x_wconf 83' lang='grc' dir='ltr'><strong><em>γινομένων,</em></strong></span> <span class='ocrx_word' id='word_1_244' title='bbox 1279 2852 1424 2943; x_wconf 74' lang='grc' dir='ltr'><strong><em>φόσειγόι</em></strong></span> 
     </span>
     <span class='ocr_line' id='line_1_27' title="bbox 206 2946 785 3038; baseline 0 -21"><span class='ocrx_word' id='word_1_245' title='bbox 206 2953 261 3017; x_wconf 80' lang='grc' dir='ltr'><strong><em>καὶ</em></strong></span> <span class='ocrx_word' id='word_1_246' title='bbox 285 2946 428 3038; x_wconf 82' lang='grc' dir='ltr'><strong><em>άληθείᾳ</em></strong></span> <span class='ocrx_word' id='word_1_247' title='bbox 450 2952 492 3017; x_wconf 87' lang='grc' dir='ltr'><strong><em>τά</em></strong></span> <span class='ocrx_word' id='word_1_248' title='bbox 514 2952 626 3019; x_wconf 89' lang='grc' dir='ltr'><strong><em>πάντα</em></strong></span> <span class='ocrx_word' id='word_1_249' title='bbox 649 2952 785 3038; x_wconf 80' lang='grc' dir='ltr'><strong><em>ἐγένετο.</em></strong></span> 
     </span>
     <span class='ocr_line' id='line_1_28' title="bbox 296 3045 1422 3145; baseline 0.005 -26"><span class='ocrx_word' id='word_1_250' title='bbox 296 3060 342 3119; x_wconf 88' lang='grc'><strong><em>17.</em></strong></span> <span class='ocrx_word' id='word_1_251' title='bbox 392 3052 498 3120; x_wconf 74' lang='grc' dir='ltr'><strong><em>(δόσει</em></strong></span> <span class='ocrx_word' id='word_1_252' title='bbox 519 3045 579 3121; x_wconf 82' lang='grc' dir='ltr'><strong><em>οῦν</em></strong></span> <span class='ocrx_word' id='word_1_253' title='bbox 601 3058 655 3122; x_wconf 84' lang='grc' dir='ltr'><strong><em>καὶ</em></strong></span> <span class='ocrx_word' id='word_1_254' title='bbox 678 3050 716 3121; x_wconf 87' lang='grc' dir='ltr'><strong><em>οῦ</em></strong></span> <span class='ocrx_word' id='word_1_255' title='bbox 731 3059 830 3121; x_wconf 84' lang='grc' dir='ltr'><strong><em>θέσει</em></strong></span> <span class='ocrx_word' id='word_1_256' title='bbox 850 3056 908 3119; x_wconf 91' lang='grc' dir='ltr'><strong><em>τοῦ</em></strong></span> <span class='ocrx_word' id='word_1_257' title='bbox 932 3060 1045 3138; x_wconf 91' lang='grc' dir='ltr'><strong><em>κυρίου</em></strong></span> <span class='ocrx_word' id='word_1_258' title='bbox 1062 3048 1264 3142; x_wconf 81' lang='grc' dir='ltr'><strong><em>ἀνθρώπου</em></strong></span> <span class='ocrx_word' id='word_1_259' title='bbox 1279 3064 1422 3145; x_wconf 79' lang='grc' dir='ltr'><strong><em>γενομίνιτ</em></strong></span> 
     </span>
     <span class='ocr_line' id='line_1_29' title="bbox 89 3150 1422 3245; baseline 0.005 -26"><span class='ocrx_word' id='word_1_260' title='bbox 89 3180 94 3185; x_wconf 95' lang='grc'>·</span> <span class='ocrx_word' id='word_1_261' title='bbox 208 3151 284 3221; x_wconf 83' lang='grc' dir='ltr'><strong><em>οότε</em></strong></span> <span class='ocrx_word' id='word_1_262' title='bbox 311 3155 395 3220; x_wconf 88' lang='grc' dir='ltr'><strong><em>κατὰ</em></strong></span> <span class='ocrx_word' id='word_1_263' title='bbox 426 3156 527 3242; x_wconf 84' lang='grc' dir='ltr'><strong><em>φῦσιν</em></strong></span> <span class='ocrx_word' id='word_1_264' title='bbox 551 3155 627 3224; x_wconf 80' lang='grc' dir='ltr'><strong><em>οὕτε</em></strong></span> <span class='ocrx_word' id='word_1_265' title='bbox 648 3156 732 3224; x_wconf 84' lang='grc' dir='ltr'><strong><em>κατὰ</em></strong></span> <span class='ocrx_word' id='word_1_266' title='bbox 754 3157 877 3241; x_wconf 80' lang='grc' dir='ltr'><strong><em>πρᾶξιν</em></strong></span> <span class='ocrx_word' id='word_1_267' title='bbox 900 3150 1158 3243; x_wconf 68' lang='grc' dir='ltr'><strong><em>άνθυποηιέρειν</em></strong></span> <span class='ocrx_word' id='word_1_268' title='bbox 1183 3156 1293 3245; x_wconf 73' lang='grc' dir='ltr'><strong><em>ὶὑμᾶς</em></strong></span> <span class='ocrx_word' id='word_1_269' title='bbox 1315 3158 1422 3229; x_wconf 78' lang='grc' dir='ltr'><strong><em>δυνατόν</em></strong></span> 
     </span>
     <span class='ocr_line' id='line_1_30' title="bbox 207 3251 1423 3351; baseline 0.007 -32"><span class='ocrx_word' id='word_1_270' title='bbox 207 3253 265 3340; x_wconf 86' lang='grc' dir='ltr'><strong><em>τήν</em></strong></span> <span class='ocrx_word' id='word_1_271' title='bbox 289 3251 454 3340; x_wconf 82' lang='grc' dir='ltr'><strong><em>ἁμαρτίαν</em></strong></span> <span class='ocrx_word' id='word_1_272' title='bbox 477 3257 510 3323; x_wconf 80' lang='grc' dir='ltr'><strong><em>ἐν</em></strong></span> <span class='ocrx_word' id='word_1_273' title='bbox 533 3263 579 3342; x_wconf 76' lang='grc' dir='ltr'><strong><em>τῷ</em></strong></span> <span class='ocrx_word' id='word_1_274' title='bbox 604 3260 802 3346; x_wconf 81' lang='grc' dir='ltr'><strong><em>δημιουργῷ.</em></strong></span> <span class='ocrx_word' id='word_1_275' title='bbox 841 3256 875 3324; x_wconf 87' lang='grc' dir='ltr'><strong><em>έν</em></strong></span> <span class='ocrx_word' id='word_1_276' title='bbox 896 3259 957 3341; x_wconf 81' lang='grc' dir='ltr'><strong><em>μὲν</em></strong></span> <span class='ocrx_word' id='word_1_277' title='bbox 979 3256 1041 3343; x_wconf 86' lang='grc' dir='ltr'><strong><em>γὰρ</em></strong></span> <span class='ocrx_word' id='word_1_278' title='bbox 1057 3262 1098 3344; x_wconf 78' lang='grc' dir='ltr'><strong><em>τῇ</em></strong></span> <span class='ocrx_word' id='word_1_279' title='bbox 1114 3255 1270 3351; x_wconf 78' lang='grc' dir='ltr'><strong><em>ἡμετέρᾳ</em></strong></span> <span class='ocrx_word' id='word_1_280' title='bbox 1286 3261 1423 3351; x_wconf 78' lang='grc' dir='ltr'><strong><em>φάσεικσλ</em></strong></span> 
     </span>
     <span class='ocr_line' id='line_1_31' title="bbox 206 3351 1424 3451; baseline 0.007 -31"><span class='ocrx_word' id='word_1_281' title='bbox 206 3358 265 3440; x_wconf 82' lang='grc' dir='ltr'><strong><em>τῆς</em></strong></span> <span class='ocrx_word' id='word_1_282' title='bbox 288 3351 445 3440; x_wconf 83' lang='grc' dir='ltr'><strong><em>εῦρέσεως</em></strong></span> <span class='ocrx_word' id='word_1_283' title='bbox 467 3355 486 3445; x_wconf 89' lang='grc' dir='ltr'><strong><em>ή</em></strong></span> <span class='ocrx_word' id='word_1_284' title='bbox 508 3360 594 3444; x_wconf 82' lang='grc' dir='ltr'><strong><em>μάχη</em></strong></span> <span class='ocrx_word' id='word_1_285' title='bbox 612 3362 661 3427; x_wconf 82' lang='grc' dir='ltr'><strong><em>ἐ’τι</em></strong></span> <span class='ocrx_word' id='word_1_286' title='bbox 675 3368 801 3445; x_wconf 91' lang='grc' dir='ltr'><strong><em>γίνεται</em></strong></span> <span class='ocrx_word' id='word_1_287' title='bbox 816 3362 870 3426; x_wconf 84' lang='grc' dir='ltr'><strong><em>καλ</em></strong></span> <span class='ocrx_word' id='word_1_288' title='bbox 883 3363 941 3443; x_wconf 88' lang='grc' dir='ltr'><strong><em>τής</em></strong></span> <span class='ocrx_word' id='word_1_289' title='bbox 954 3359 1149 3445; x_wconf 79' lang='grc' dir='ltr'><strong><em>ἕπισπορᾶς</em></strong></span> <span class='ocrx_word' id='word_1_290' title='bbox 1163 3359 1185 3450; x_wconf 87' lang='grc' dir='ltr'><strong><em>ή</em></strong></span> <span class='ocrx_word' id='word_1_291' title='bbox 1200 3367 1424 3451; x_wconf 69' lang='grc' dir='ltr'><strong><em>1“πρσςχιιίρηόις</em></strong></span> 
     </span>
     <span class='ocr_line' id='line_1_32' title="bbox 210 3453 1424 3555; baseline 0.007 -35"><span class='ocrx_word' id='word_1_292' title='bbox 210 3454 267 3521; x_wconf 87' lang='grc' dir='ltr'><strong><em>διὰ</em></strong></span> <span class='ocrx_word' id='word_1_293' title='bbox 288 3455 327 3520; x_wconf 89' lang='grc' dir='ltr'><strong><em>τὸ</em></strong></span> <span class='ocrx_word' id='word_1_294' title='bbox 348 3453 441 3543; x_wconf 83' lang='grc' dir='ltr'><strong><em>ἡμῶν</em></strong></span> <span class='ocrx_word' id='word_1_295' title='bbox 465 3453 615 3540; x_wconf 79' lang='grc' dir='ltr'><strong><em>ἀσθενές,</em></strong></span> <span class='ocrx_word' id='word_1_296' title='bbox 639 3457 658 3548; x_wconf 88' lang='grc' dir='ltr'><strong><em>ή</em></strong></span> <span class='ocrx_word' id='word_1_297' title='bbox 682 3463 718 3527; x_wconf 81' lang='grc' dir='ltr'><strong><em>δὲ</em></strong></span> <span class='ocrx_word' id='word_1_298' title='bbox 740 3465 798 3527; x_wconf 87' lang='grc' dir='ltr'><strong><em>τοῦ</em></strong></span> <span class='ocrx_word' id='word_1_299' title='bbox 821 3459 919 3546; x_wconf 91' lang='grc' dir='ltr'><strong><em>λόγου</em></strong></span> <span class='ocrx_word' id='word_1_300' title='bbox 941 3460 1110 3545; x_wconf 90' lang='grc' dir='ltr'><strong><em>σάρκωσις</em></strong></span> <span class='ocrx_word' id='word_1_301' title='bbox 1132 3464 1224 3532; x_wconf 83' lang='grc' dir='ltr'><strong><em>κατὰ</em></strong></span> <span class='ocrx_word' id='word_1_302' title='bbox 1248 3468 1349 3555; x_wconf 82' lang='grc' dir='ltr'><strong><em>φῦσιν</em></strong></span> <span class='ocrx_word' id='word_1_303' title='bbox 1364 3466 1424 3532; x_wconf 80' lang='grc' dir='ltr'><strong><em>θεοῦ</em></strong></span> 
     </span>
    </p>
   </div>
   <div class='ocr_carea' id='block_1_3' title="bbox 205 3554 1427 3861">
    <p class='ocr_par' dir='ltr' id='par_1_3' title="bbox 205 3554 1427 3861">
     <span class='ocr_line' id='line_1_33' title="bbox 205 3554 1424 3656; baseline 0.008 -32"><span class='ocrx_word' id='word_1_304' title='bbox 205 3563 360 3644; x_wconf 88' lang='grc' dir='ltr'><strong><em>γενομένη</em></strong></span> <span class='ocrx_word' id='word_1_305' title='bbox 390 3554 602 3641; x_wconf 86' lang='grc' dir='ltr'><strong><em>άνεπίδεκτος</em></strong></span> <span class='ocrx_word' id='word_1_306' title='bbox 623 3569 734 3648; x_wconf 84' lang='grc' dir='ltr'><strong><em>γέγονε</em></strong></span> <span class='ocrx_word' id='word_1_307' title='bbox 750 3558 950 3651; x_wconf 83' lang='grc' dir='ltr'><strong><em>τῶνένήμῖν</em></strong></span> <span class='ocrx_word' id='word_1_308' title='bbox 961 3563 995 3630; x_wconf 82' lang='grc' dir='ltr'><strong><em>έκ</em></strong></span> <span class='ocrx_word' id='word_1_309' title='bbox 1006 3566 1064 3649; x_wconf 87' lang='grc' dir='ltr'><strong><em>τής</em></strong></span> <span class='ocrx_word' id='word_1_310' title='bbox 1075 3566 1317 3656; x_wconf 88' lang='grc' dir='ltr'><strong><em>παλαιότητος</em></strong></span> <span class='ocrx_word' id='word_1_311' title='bbox 1327 3571 1424 3637; x_wconf 75' lang='grc' dir='ltr'><strong><em>ἔτισα</em></strong></span> 
     </span>
     <span class='ocr_line' id='line_1_34' title="bbox 209 3659 1427 3749; baseline 0.009 -26"><span class='ocrx_word' id='word_1_312' title='bbox 209 3659 427 3743; x_wconf 84' lang='grc' dir='ltr'><strong><em>λιτευομένων</em></strong></span> <span class='ocrx_word' id='word_1_313' title='bbox 442 3664 655 3748; x_wconf 86' lang='grc' dir='ltr'><strong><em>πραγμάτων,</em></strong></span> <span class='ocrx_word' id='word_1_314' title='bbox 678 3670 733 3732; x_wconf 80' lang='grc' dir='ltr'><strong><em>καὶ</em></strong></span> <span class='ocrx_word' id='word_1_315' title='bbox 749 3665 805 3732; x_wconf 87' lang='grc' dir='ltr'><strong><em>διὰ</em></strong></span> <span class='ocrx_word' id='word_1_316' title='bbox 819 3670 918 3733; x_wconf 89' lang='grc' dir='ltr'><strong><em>τοῦτο</em></strong></span> <span class='ocrx_word' id='word_1_317' title='bbox 935 3663 1173 3749; x_wconf 82' lang='grc' dir='ltr'><strong><em>διδασκόμεθα</em></strong></span> <span class='ocrx_word' id='word_1_318' title='bbox 1190 3665 1427 3741; x_wconf 77' lang='grc' dir='ltr'><strong><em>ἇπεκδόσασθσι</em></strong></span> 
     </span>
     <span class='ocr_line' id='line_1_35' title="bbox 207 3760 1426 3861; baseline 0.009 -34"><span class='ocrx_word' id='word_1_319' title='bbox 207 3760 266 3827; x_wconf 90' lang='grc' dir='ltr'><strong><em>τόν</em></strong></span> <span class='ocrx_word' id='word_1_320' title='bbox 288 3761 434 3828; x_wconf 86' lang='grc' dir='ltr'><strong><em>παλαιὸν</em></strong></span> <span class='ocrx_word' id='word_1_321' title='bbox 457 3766 510 3830; x_wconf 84' lang='grc' dir='ltr'><strong><em>καὶ</em></strong></span> <span class='ocrx_word' id='word_1_322' title='bbox 532 3765 800 3834; x_wconf 81' lang='grc' dir='ltr'><strong><em>1ἐπενδύσασθαι</em></strong></span> <span class='ocrx_word' id='word_1_323' title='bbox 821 3767 879 3833; x_wconf 86' lang='grc' dir='ltr'><strong><em>τὸν</em></strong></span> <span class='ocrx_word' id='word_1_324' title='bbox 901 3771 1013 3847; x_wconf 68' lang='grc' dir='ltr'><strong><em>νέον”).</em></strong></span> <span class='ocrx_word' id='word_1_325' title='bbox 1058 3767 1116 3834; x_wconf 83' lang='grc' dir='ltr'><strong><em>καὶ</em></strong></span> <span class='ocrx_word' id='word_1_326' title='bbox 1131 3768 1167 3836; x_wconf 82' lang='grc' dir='ltr'><strong><em>έν</em></strong></span> <span class='ocrx_word' id='word_1_327' title='bbox 1185 3773 1300 3861; x_wconf 79' lang='grc' dir='ltr'><strong><em>τούτῳ</em></strong></span> <span class='ocrx_word' id='word_1_328' title='bbox 1314 3774 1426 3839; x_wconf 76' lang='grc' dir='ltr'><strong><em>τὸθαυ</em></strong></span> 
     </span>
    </p>
   </div>
   <div class='ocr_carea' id='block_1_4' title="bbox 213 3916 1426 4047">
    <p class='ocr_par' dir='ltr' id='par_1_4' title="bbox 213 3916 1426 4047">
     <span class='ocr_line' id='line_1_36' title="bbox 279 3916 1426 3988; baseline 0.006 -24"><span class='ocrx_word' id='word_1_329' title='bbox 279 3916 302 3975; x_wconf 81' lang='grc'><strong><em>1)</em></strong></span> <span class='ocrx_word' id='word_1_330' title='bbox 322 3918 388 3966; x_wconf 87' lang='grc' dir='ltr'><strong><em>Ιουο.</em></strong></span> <span class='ocrx_word' id='word_1_331' title='bbox 410 3918 450 3978; x_wconf 83' lang='grc'><strong><em>13,</em></strong></span> <span class='ocrx_word' id='word_1_332' title='bbox 469 3918 509 3969; x_wconf 81' lang='lat'><strong><em>21.</em></strong></span> <span class='ocrx_word' id='word_1_333' title='bbox 579 3920 604 3981; x_wconf 81' lang='lat'><strong><em>2)</em></strong></span> <span class='ocrx_word' id='word_1_334' title='bbox 623 3923 689 3973; x_wconf 83' lang='grc' dir='ltr'><strong><em>Ιοειι.</em></strong></span> <span class='ocrx_word' id='word_1_335' title='bbox 712 3923 751 3984; x_wconf 80' lang='grc'><strong><em>12,</em></strong></span> <span class='ocrx_word' id='word_1_336' title='bbox 770 3922 811 3972; x_wconf 79' lang='lat'><strong><em>2¹1.</em></strong></span> <span class='ocrx_word' id='word_1_337' title='bbox 875 3923 900 3983; x_wconf 79' lang='grc'><strong><em>3)</em></strong></span> <span class='ocrx_word' id='word_1_338' title='bbox 918 3925 985 3973; x_wconf 81' lang='grc' dir='ltr'><strong><em>ίοαυ.</em></strong></span> <span class='ocrx_word' id='word_1_339' title='bbox 1006 3923 1046 3985; x_wconf 85' lang='grc'><strong><em>16,</em></strong></span> <span class='ocrx_word' id='word_1_340' title='bbox 1065 3922 1108 3973; x_wconf 88' lang='grc'><strong><em>33.</em></strong></span> <span class='ocrx_word' id='word_1_341' title='bbox 1183 3925 1426 3988; x_wconf 67' lang='lat' dir='ltr'>4)1.c01.15,5³.</span> 
     </span>
     <span class='ocr_line' id='line_1_37' title="bbox 213 3981 457 4047; baseline 0.016 -16"><span class='ocrx_word' id='word_1_342' title='bbox 213 3981 239 4041; x_wconf 83' lang='grc' dir='ltr'><strong><em>δ)</em></strong></span> <span class='ocrx_word' id='word_1_343' title='bbox 258 3984 310 4033; x_wconf 80' lang='lat' dir='ltr'><strong>Col.</strong></span> <span class='ocrx_word' id='word_1_344' title='bbox 330 3984 354 4047; x_wconf 88' lang='grc'><strong><em>3,</em></strong></span> <span class='ocrx_word' id='word_1_345' title='bbox 373 3986 395 4033; x_wconf 84' lang='grc'><strong><em>9.</em></strong></span> <span class='ocrx_word' id='word_1_346' title='bbox 419 3986 457 4035; x_wconf 88' lang='lat'><strong><em>10.</em></strong></span> 
     </span>
    </p>
   </div>
   <div class='ocr_carea' id='block_1_5' title="bbox 207 4083 1429 4574">
    <p class='ocr_par' dir='ltr' id='par_1_5' title="bbox 207 4083 1428 4344">
     <span class='ocr_line' id='line_1_38' title="bbox 244 4083 1427 4154; baseline 0.011 -23"><span class='ocrx_word' id='word_1_347' title='bbox 244 4099 264 4131; x_wconf 88' lang='grc' dir='ltr'><strong><em>ε.</em></strong></span> <span class='ocrx_word' id='word_1_348' title='bbox 286 4085 318 4133; x_wconf 84' lang='grc' dir='ltr'><strong><em>Ιιε</em></strong></span> <span class='ocrx_word' id='word_1_349' title='bbox 338 4086 482 4147; x_wconf 78' lang='lat' dir='ltr'>Seguerian.</span> <span class='ocrx_word' id='word_1_350' title='bbox 502 4089 599 4139; x_wconf 62' lang='grc' dir='ltr'><strong><em>(ἴουλοι.</em></strong></span> <span class='ocrx_word' id='word_1_351' title='bbox 620 4098 643 4139; x_wconf 83' lang='grc' dir='ltr'><strong><em>ει</em></strong></span> <span class='ocrx_word' id='word_1_352' title='bbox 661 4091 765 4139; x_wconf 75' lang='lat' dir='ltr'><strong>Felckm.</strong></span> <span class='ocrx_word' id='word_1_353' title='bbox 779 4091 801 4140; x_wconf 86' lang='grc'><strong><em>1.</em></strong></span> <span class='ocrx_word' id='word_1_354' title='bbox 850 4085 897 4139; x_wconf 78' lang='grc' dir='ltr'><strong><em>καὶ</em></strong></span> <span class='ocrx_word' id='word_1_355' title='bbox 914 4083 939 4140; x_wconf 80' lang='grc' dir='ltr'><strong><em>εἰ</em></strong></span> <span class='ocrx_word' id='word_1_356' title='bbox 955 4087 1025 4154; x_wconf 78' lang='grc' dir='ltr'><strong><em>λέγει</em></strong></span> <span class='ocrx_word' id='word_1_357' title='bbox 1043 4083 1084 4137; x_wconf 84' lang='grc' dir='ltr'><strong><em>τά.</em></strong></span> <span class='ocrx_word' id='word_1_358' title='bbox 1127 4093 1191 4145; x_wconf 82' lang='lat' dir='ltr'>lbid.</span> <span class='ocrx_word' id='word_1_359' title='bbox 1205 4096 1427 4150; x_wconf 70' lang='grc' dir='ltr'><strong><em>6οιν1ετ.ειῦι1ιλι</em></strong></span> 
     </span>
     <span class='ocr_line' id='line_1_39' title="bbox 207 4149 1406 4228; baseline 0.01 -30"><span class='ocrx_word' id='word_1_360' title='bbox 207 4150 271 4199; x_wconf 74' lang='lat' dir='ltr'>Edili</span> <span class='ocrx_word' id='word_1_361' title='bbox 289 4168 344 4202; x_wconf 82' lang='grc' dir='ltr'><strong><em>νετο</em></strong></span> <span class='ocrx_word' id='word_1_362' title='bbox 371 4170 423 4204; x_wconf 87' lang='lat' dir='ltr'><strong><em>cum</em></strong></span> <span class='ocrx_word' id='word_1_363' title='bbox 449 4157 503 4205; x_wconf 80' lang='lat' dir='ltr'><strong>aliis</strong></span> <span class='ocrx_word' id='word_1_364' title='bbox 527 4149 551 4204; x_wconf 82' lang='grc' dir='ltr'><strong><em>ελ</em></strong></span> <span class='ocrx_word' id='word_1_365' title='bbox 576 4151 605 4204; x_wconf 83' lang='grc' dir='ltr'><strong><em>δὲ</em></strong></span> <span class='ocrx_word' id='word_1_366' title='bbox 631 4150 661 4205; x_wconf 79' lang='grc' dir='ltr'><strong><em>ἒν</em></strong></span> <span class='ocrx_word' id='word_1_367' title='bbox 686 4150 801 4223; x_wconf 76' lang='grc' dir='ltr'><strong><em>ἀληθείη</em></strong></span> <span class='ocrx_word' id='word_1_368' title='bbox 854 4161 876 4208; x_wconf 85' lang='grc' dir='ltr'><strong><em>ι.</em></strong></span> <span class='ocrx_word' id='word_1_369' title='bbox 896 4153 927 4206; x_wconf 81' lang='grc' dir='ltr'><strong><em>τὸ</em></strong></span> <span class='ocrx_word' id='word_1_370' title='bbox 943 4151 1110 4223; x_wconf 86' lang='grc' dir='ltr'><strong><em>εῦαγγίλιον,</em></strong></span> <span class='ocrx_word' id='word_1_371' title='bbox 1133 4172 1158 4212; x_wconf 86' lang='grc' dir='ltr'><strong><em>ει</em></strong></span> <span class='ocrx_word' id='word_1_372' title='bbox 1177 4167 1212 4214; x_wconf 79' lang='lat' dir='ltr'><strong><em>ita</em></strong></span> <span class='ocrx_word' id='word_1_373' title='bbox 1231 4169 1289 4228; x_wconf 76' lang='lat' dir='ltr'><strong>legit</strong></span> <span class='ocrx_word' id='word_1_374' title='bbox 1306 4168 1406 4218; x_wconf 68' lang='grc' dir='ltr'><strong><em>Νευιιτι</em></strong></span> 
     </span>
     <span class='ocr_line' id='line_1_40' title="bbox 209 4209 1428 4298; baseline 0.011 -32"><span class='ocrx_word' id='word_1_375' title='bbox 209 4209 332 4284; x_wconf 81' lang='grc' dir='ltr'><strong><em>εἴρηνται</em></strong></span> <span class='ocrx_word' id='word_1_376' title='bbox 348 4216 394 4270; x_wconf 83' lang='grc' dir='ltr'><strong><em>καὶ</em></strong></span> <span class='ocrx_word' id='word_1_377' title='bbox 410 4217 568 4288; x_wconf 83' lang='grc' dir='ltr'><strong><em>γεγόνασιν,</em></strong></span> <span class='ocrx_word' id='word_1_378' title='bbox 589 4215 717 4291; x_wconf 78' lang='grc' dir='ltr'><strong><em>ἀλλότρια</em></strong></span> <span class='ocrx_word' id='word_1_379' title='bbox 736 4221 774 4276; x_wconf 77' lang='grc' dir='ltr'><strong><em>δέ.</em></strong></span> <span class='ocrx_word' id='word_1_380' title='bbox 890 4243 911 4277; x_wconf 87' lang='lat' dir='ltr'><strong><em>c.</em></strong></span> <span class='ocrx_word' id='word_1_381' title='bbox 931 4221 980 4273; x_wconf 84' lang='grc' dir='ltr'><strong><em>τὸν</em></strong></span> <span class='ocrx_word' id='word_1_382' title='bbox 998 4226 1065 4274; x_wconf 86' lang='grc' dir='ltr'><strong><em>νοῦν</em></strong></span> <span class='ocrx_word' id='word_1_383' title='bbox 1089 4231 1163 4280; x_wconf 76' lang='lat' dir='ltr'>deest</span> <span class='ocrx_word' id='word_1_384' title='bbox 1190 4235 1217 4283; x_wconf 84' lang='lat' dir='ltr'><strong><em>iu</em></strong></span> <span class='ocrx_word' id='word_1_385' title='bbox 1237 4237 1337 4298; x_wconf 76' lang='lat' dir='ltr'>Seguer.</span> <span class='ocrx_word' id='word_1_386' title='bbox 1353 4231 1428 4285; x_wconf 74' lang='grc' dir='ltr'><strong><em>ῦοίιΙιι.</em></strong></span> 
     </span>
     <span class='ocr_line' id='line_1_41' title="bbox 853 4295 1035 4344; baseline -0.005 0"><span class='ocrx_word' id='word_1_387' title='bbox 853 4303 876 4344; x_wconf 84' lang='grc' dir='ltr'><strong><em>ει</em></strong></span> <span class='ocrx_word' id='word_1_388' title='bbox 894 4295 996 4343; x_wconf 75' lang='lat' dir='ltr'>Felrkm.</span> <span class='ocrx_word' id='word_1_389' title='bbox 1014 4296 1035 4343; x_wconf 92' lang='lat' dir='ltr'><strong><em>l.</em></strong></span> 
     </span>
    </p>

    <p class='ocr_par' dir='ltr' id='par_1_6' title="bbox 852 4350 1429 4574">
     <span class='ocr_line' id='line_1_42' title="bbox 887 4350 1429 4439; baseline 0.022 -27"><span class='ocrx_word' id='word_1_390' title='bbox 887 4364 910 4412; x_wconf 89' lang='lat' dir='ltr'><strong><em>d.</em></strong></span> <span class='ocrx_word' id='word_1_391' title='bbox 929 4350 999 4411; x_wconf 85' lang='grc' dir='ltr'><strong><em>ελναι</em></strong></span> <span class='ocrx_word' id='word_1_392' title='bbox 1018 4363 1087 4412; x_wconf 75' lang='lat' dir='ltr'>deest</span> <span class='ocrx_word' id='word_1_393' title='bbox 1106 4365 1131 4413; x_wconf 89' lang='lat' dir='ltr'><strong><em>in</em></strong></span> <span class='ocrx_word' id='word_1_394' title='bbox 1143 4366 1252 4430; x_wconf 77' lang='lat' dir='ltr'>Seguer.</span> <span class='ocrx_word' id='word_1_395' title='bbox 1421 4426 1429 4439; x_wconf 60' lang='lat'>‚</span> 
     </span>
     <span class='ocr_line' id='line_1_43' title="bbox 858 4432 1429 4493; baseline 0.023 -13"><span class='ocrx_word' id='word_1_396' title='bbox 858 4461 861 4469; x_wconf 93' lang='lat'>·</span> <span class='ocrx_word' id='word_1_397' title='bbox 888 4447 909 4480; x_wconf 82' lang='lat' dir='ltr'><strong><em>e.</em></strong></span> <span class='ocrx_word' id='word_1_398' title='bbox 927 4432 1068 4493; x_wconf 76' lang='lat' dir='ltr'>Seguerinn.</span> <span class='ocrx_word' id='word_1_399' title='bbox 1088 4432 1196 4486; x_wconf 82' lang='lat' dir='ltr'><strong>Gobler.</strong></span> <span class='ocrx_word' id='word_1_400' title='bbox 1218 4447 1244 4489; x_wconf 83' lang='grc' dir='ltr'><strong><em>ει</em></strong></span> <span class='ocrx_word' id='word_1_401' title='bbox 1258 4439 1359 4489; x_wconf 75' lang='grc' dir='ltr'><strong><em>ΡεΙτλιυ.</em></strong></span> <span class='ocrx_word' id='word_1_402' title='bbox 1371 4436 1389 4484; x_wconf 85' lang='grc'><strong><em>1.</em></strong></span> <span class='ocrx_word' id='word_1_403' title='bbox 1403 4443 1429 4493; x_wconf 73' lang='lat'><strong><em>¹!</em></strong></span> 
     </span>
     <span class='ocr_line' id='line_1_44' title="bbox 852 4490 1428 4574; baseline 0.017 -29"><span class='ocrx_word' id='word_1_404' title='bbox 852 4490 940 4547; x_wconf 78' lang='grc' dir='ltr'><strong><em>δόντι.</em></strong></span> <span class='ocrx_word' id='word_1_405' title='bbox 978 4498 1045 4551; x_wconf 69' lang='lat' dir='ltr'>Text.</span> <span class='ocrx_word' id='word_1_406' title='bbox 1064 4499 1154 4553; x_wconf 75' lang='lat' dir='ltr'>Grnec.</span> <span class='ocrx_word' id='word_1_407' title='bbox 1174 4504 1271 4574; x_wconf 76' lang='lat' dir='ltr'>Script.</span> <span class='ocrx_word' id='word_1_408' title='bbox 1289 4504 1327 4574; x_wconf 75' lang='grc' dir='ltr'><strong><em>τρῦ</em></strong></span> <span class='ocrx_word' id='word_1_409' title='bbox 1336 4497 1428 4555; x_wconf 66' lang='lat' dir='ltr'><strong><em>mm</em></strong></span> 
     </span>
    </p>
   </div>
   <div class='ocr_carea' id='block_1_6' title="bbox 208 4319 801 4526">
    <p class='ocr_par' dir='ltr' id='par_1_7' title="bbox 208 4319 801 4526">
     <span class='ocr_line' id='line_1_45' title="bbox 242 4319 800 4393; baseline 0.014 -27"><span class='ocrx_word' id='word_1_410' title='bbox 242 4319 266 4368; x_wconf 87' lang='lat' dir='ltr'><strong><em>b.</em></strong></span> <span class='ocrx_word' id='word_1_411' title='bbox 286 4321 384 4385; x_wconf 66' lang='grc' dir='ltr'><strong><em>δεήσει.</em></strong></span> <span class='ocrx_word' id='word_1_412' title='bbox 404 4325 501 4375; x_wconf 84' lang='lat' dir='ltr'><strong>Gobler.</strong></span> <span class='ocrx_word' id='word_1_413' title='bbox 512 4334 535 4375; x_wconf 87' lang='grc' dir='ltr'><strong><em>ει</em></strong></span> <span class='ocrx_word' id='word_1_414' title='bbox 545 4327 649 4376; x_wconf 78' lang='lat' dir='ltr'><strong>Felckm.</strong></span> <span class='ocrx_word' id='word_1_415' title='bbox 661 4328 682 4376; x_wconf 91' lang='lat' dir='ltr'><strong><em>l.</em></strong></span> <span class='ocrx_word' id='word_1_416' title='bbox 701 4320 800 4393; x_wconf 87' lang='grc' dir='ltr'><strong><em>ταράτ-</em></strong></span> 
     </span>
     <span class='ocr_line' id='line_1_46' title="bbox 208 4386 801 4462; baseline 0.017 -30"><span class='ocrx_word' id='word_1_417' title='bbox 208 4386 314 4435; x_wconf 82' lang='grc' dir='ltr'><strong><em>τεσθαι.</em></strong></span> <span class='ocrx_word' id='word_1_418' title='bbox 353 4395 381 4440; x_wconf 82' lang='grc' dir='ltr'><strong><em>λι</em></strong></span> <span class='ocrx_word' id='word_1_419' title='bbox 405 4394 461 4442; x_wconf 70' lang='lat' dir='ltr'>editi</span> <span class='ocrx_word' id='word_1_420' title='bbox 486 4402 509 4443; x_wconf 85' lang='grc' dir='ltr'><strong><em>ει</em></strong></span> <span class='ocrx_word' id='word_1_421' title='bbox 534 4394 574 4444; x_wconf 78' lang='lat' dir='ltr'>alii</span> <span class='ocrx_word' id='word_1_422' title='bbox 600 4410 657 4444; x_wconf 81' lang='lat' dir='ltr'>mss.</span> <span class='ocrx_word' id='word_1_423' title='bbox 678 4388 801 4462; x_wconf 86' lang='grc' dir='ltr'><strong><em>ταραχήν</em></strong></span> 
     </span>
     <span class='ocr_line' id='line_1_47' title="bbox 209 4454 800 4526; baseline 0.025 -26"><span class='ocrx_word' id='word_1_424' title='bbox 209 4454 313 4518; x_wconf 76' lang='lat' dir='ltr'>melius,</span> <span class='ocrx_word' id='word_1_425' title='bbox 336 4460 409 4509; x_wconf 76' lang='lat' dir='ltr'><strong>etita</strong></span> <span class='ocrx_word' id='word_1_426' title='bbox 427 4461 535 4512; x_wconf 76' lang='lat' dir='ltr'>Nunnius</span> <span class='ocrx_word' id='word_1_427' title='bbox 554 4463 619 4526; x_wconf 76' lang='lat' dir='ltr'>legit.</span> <span class='ocrx_word' id='word_1_428' title='bbox 655 4462 708 4513; x_wconf 78' lang='lat' dir='ltr'><strong><em>Mox</em></strong></span> <span class='ocrx_word' id='word_1_429' title='bbox 725 4464 800 4515; x_wconf 79' lang='grc' dir='ltr'><strong><em>θυειΙ.</em></strong></span> 
     </span>
    </p>
   </div>
   <div class='ocr_carea' id='block_1_7' title="bbox 0 0 1482 5092">
    <p class='ocr_par' dir='ltr' id='par_1_8' title="bbox 0 0 1482 5092">
     <span class='ocr_line' id='line_1_48' title="bbox 0 0 1482 5092; baseline 0 0"><span class='ocrx_word' id='word_1_430' title='bbox 0 0 1482 5092; x_wconf 95' lang='lat' dir='ltr'><strong><em> </em></strong></span> 
     </span>
    </p>
   </div>
  </div>
 </body>
</html>
