2948 5092
532 256 677 300 sensuam
692 255 712 297 ι.
728 257 764 313 no
781 256 977 300 serarianas.
1280 243 1341 306 691

122 411 154 471 in
178 408 287 471 Genesi
310 408 451 487 scriptum
474 416 535 468 est:
567 407 605 470 lit
627 407 754 469 adduuit
774 407 865 469 Deus
880 411 1136 490 spiritumsuper
1157 420 1286 482 terram,
1314 419 1431 473 erecta.

121 515 298 573 imminutae
322 521 393 573 sunt
415 528 518 590 aquae.
564 508 605 568 lle
627 507 697 568 lona
720 508 804 570 ilem:
828 508 867 570 lit
883 514 1026 573 recitavit
1039 511 1187 573 Dominus
1203 494 1345 592 spiritum

120 618 155 674 in
177 633 272 684 mare,
297 625 324 676 et
344 615 429 692 sactu
451 621 495 672 est
518 619 676 689 tempestas
699 628 807 689 mapna
828 614 860 672 in
881 615 969 682 mari,
993 622 1021 673 et
1042 615 1130 674 navis
1148 614 1346 692 periclitaba-

120 725 177 776 tur
201 718 326 775 canteri.
370 713 407 774 Et
434 713 464 773 in
487 711 647 772 centesimo
669 717 752 771 sexto
774 706 909 772 Psalmo:
938 713 1025 774 Diua
1053 722 1081 775 et
1108 719 1191 776 venit
1217 719 1345 795 spiritus

116 815 294 896 procellae,
329 827 358 877 et
389 815 517 877 euultati
537 824 609 899 sumt
630 813 745 891 fluctus
767 816 840 875 eius.
883 814 920 875 Et
942 815 972 874 in
995 814 1157 876 centesimo
1179 817 1345 895 quadrage-

118 917 200 978 simo
224 925 327 978 actara
348 916 483 978 Psalmo:
505 914 637 975 laudate
659 913 820 976 Dominum
841 917 876 976 de
898 926 1001 991 terra,
1025 917 1170 979 dracones
1193 927 1222 979 et
1244 937 1345 980 omues

118 1020 237 1100 abyssi,
260 1023 347 1097 ipris,
370 1019 497 1098 prando,
520 1021 584 1086 nair,
606 1015 726 1094 placies,
747 1019 877 1097 spiritus
895 1016 1114 1096 procellarum,
1135 1036 1210 1100 quae
1227 1021 1348 1106 iaciunt

123 1121 256 1183 Verbum
277 1126 351 1182 eius.
395 1119 433 1179 Et
454 1118 531 1198 apud
553 1116 735 1179 Ezechielem
756 1117 787 1178 iu
808 1118 935 1179 lamento
958 1117 1043 1197 Tyri:
1070 1118 1109 1180 in
1130 1119 1220 1183 corde
1240 1124 1346 1190 maris,
1410 1114 1415 1123 ’

120 1227 156 1283 in
184 1226 271 1302 aquis
300 1221 403 1284 multis
433 1222 628 1282 adduxerunt
663 1229 690 1280 te
724 1223 849 1298 remipes
882 1224 929 1281 tui
935 1239 944 1292 ;
980 1224 1109 1299 spiritur
1142 1224 1244 1281 austri
1273 1239 1347 1282 con-

117 1328 213 1386 trivit
236 1333 273 1384 te.

212 1631 242 1693 8.
264 1659 270 1666 -·
288 1627 367 1700 Quin
390 1627 477 1695 etiam
501 1625 527 1685 si
548 1625 633 1711 vobis
657 1633 773 1687 sanatas
795 1625 908 1687 litteras
930 1627 1029 1707 legere
1050 1626 1159 1700 iubeat,
1180 1627 1276 1705 ipsum
1299 1626 1347 1686 di-

117 1731 263 1792 vinorum
281 1715 448 1791 ‘'verborum
474 1747 597 1793 sensum
624 1728 762 1807 spiritum
790 1747 906 1808 quoque
929 1728 1067 1809 appellari
1089 1728 1254 1808 reperietis.
1291 1727 1350 1816 ¹Sic

118 1833 207 1894 enim
228 1832 335 1893 Paulus
359 1831 478 1893 scribit:
511 1831 573 1903 Qui
599 1841 625 1892 et
653 1832 775 1893 idoneor
802 1849 858 1893 aas
889 1834 961 1911 fecit
982 1836 1139 1896 ministras
1161 1836 1236 1894 maai
1255 1841 1349 1893 testa-

118 1939 233 2004 menti,
256 1953 318 1996 aaa
341 1935 476 2003 litterae,
500 1933 552 1994 sed
574 1935 714 2011 spiritus.
758 1931 873 1995 Littera
896 1937 973 1995 enim
995 1935 1117 2010 accidit,
1141 1937 1269 2013 spiritus
1292 1952 1349 1994 au-

121 2048 186 2099 tem
207 2037 349 2116 vivificat.
394 2034 545 2114 Siquidem
561 2033 671 2095 dictum
686 2034 783 2095 littera
799 2046 949 2096 exaratum
964 2045 1021 2106 est,
1044 2053 1152 2096 seusus
1163 2053 1246 2108 vero,
1263 2051 1350 2113 quem

119 2137 269 2209 continet,
293 2137 415 2217 spiritus
438 2137 553 2197 dicitur.
597 2136 640 2196 lta
663 2143 693 2196 el
714 2135 764 2198 lea
785 2138 955 2215 spiritualis
980 2147 1033 2208 est,
1055 2143 1088 2198 ut
1105 2136 1352 2216 quemadmodum
1441 2142 1447 2154 “

120 2239 206 2300 idem
229 2239 318 2308 dixit,
341 2258 402 2299 uon
425 2239 588 2299 serviamus
612 2241 644 2298 iu
665 2247 813 2299 vetustate
835 2237 970 2313 litterae,
1003 2237 1056 2298 sed
1078 2243 1110 2300 in
1133 2222 1266 2302 nouitate
1287 2241 1352 2318 spi-

99 2324 221 2404 ‘ritus
264 2340 344 2401 idem
368 2357 484 2419 quoque
506 2339 614 2417 gratias
637 2357 728 2418 agens
750 2337 879 2400 dicebat:
903 2339 1003 2418 Ipitur
1018 2358 1069 2418 epa
1092 2344 1155 2419 ipse
1170 2349 1266 2401 mente
1282 2356 1350 2401 ser-

119 2446 175 2504 via
200 2441 259 2521 lepi
279 2442 342 2512 Ilei,
366 2460 457 2503 carue
480 2451 579 2503 autem
603 2441 661 2519 lapi
677 2444 802 2520 peccati.
846 2440 929 2503 Nihil
951 2459 1020 2520 erpa
1041 2459 1122 2502 nunc
1148 2432 1350 2502 damnationis

121 2546 245 2610 estiis,
268 2546 467 2625 quisuntin
491 2544 610 2605 Christo
633 2541 713 2602 lesu.
758 2541 820 2604 deal
841 2548 917 2604 mem
939 2545 1067 2622 spiritus
1087 2545 1212 2603 uitaein
1229 2541 1349 2603 Christo
1441 2565 1444 2575 ·

122 2642 198 2706 Iesu
222 2643 362 2705 liberauit
382 2664 426 2705 me
449 2645 553 2728 alepe
572 2646 697 2726 peccati.
740 2642 894 2722 Philippus
918 2645 1006 2705 etiam
1027 2644 1233 2706 Eunuchuma
1256 2643 1353 2703 littera

121 2745 165 2807 ad
194 2744 330 2825 spiritum
360 2755 531 2806 convertere
559 2744 661 2805 valens
689 2743 803 2805 aiebat:
837 2744 985 2825 Intellipis
1014 2764 1088 2826 quae
1110 2743 1206 2824 lepis?
1249 2743 1352 2804 Talem

124 2865 246 2926 quoque
269 2848 406 2926 spiritum
422 2847 508 2908 Caleh
531 2846 672 2908 habuisse
695 2865 729 2906 ex
746 2845 884 2908 Numeiis
900 2856 1026 2920 constat,
1047 2847 1109 2908 [leo
1125 2847 1253 2908 dicente:
1278 2845 1354 2908 Ser-

124 2966 185 3009 vus
208 2967 291 3009 meus
317 2949 418 3020 Calel,
447 2955 517 3031 quia
537 2949 639 3026 sactus
665 2959 709 3009 est
731 2948 811 3010 alius
833 2953 960 3029 spiritus
982 2953 1015 3009 in
1037 2966 1087 3024 eo,
1117 2959 1146 3010 et
1167 2959 1286 3012 secutus
1310 2955 1355 3009 est

124 3067 190 3120 ene,
218 3051 357 3111 inducam
378 3054 476 3130 ipsum
499 3054 531 3110 iu
554 3060 684 3120 terram,
717 3054 749 3111 in
772 3068 859 3130 quam
881 3049 942 3111 illic
965 3054 1121 3128 impressus
1144 3061 1199 3114 est.
1242 3049 1355 3129 Nempe

123 3151 197 3230 quia
221 3150 268 3212 ille
291 3151 344 3213 alia
368 3151 404 3211 ab
427 3151 485 3212 illis
507 3162 605 3212 mente
630 3151 748 3212 locutus
771 3151 819 3222 sit,
842 3152 903 3212 ileo
925 3151 981 3212 luit
1001 3160 1147 3229 acceptus.
1192 3151 1263 3213 Tale
1283 3152 1355 3213 item

124 3271 183 3315 cor
204 3253 345 3333 papulum
367 3253 476 3314 habere
499 3253 586 3314 iussit
607 3250 766 3333 [leus'per
786 3253 985 3314 Ezechielem:
1008 3254 1107 3316 Facite
1129 3254 1212 3315 uobis
1230 3271 1283 3315 cor
1298 3271 1355 3314 na-

125 3373 203 3419 uum
224 3365 253 3416 et
275 3360 418 3435 spiritam
439 3374 559 3416 novum.
605 3355 690 3426 Quae
713 3374 780 3417 cum
802 3356 842 3416 ila
864 3356 942 3429 siut,
966 3363 996 3415 el
1017 3363 1096 3417 tauta
1119 3354 1173 3428 sit,
1195 3363 1229 3439 ut
1250 3363 1354 3428 asten-

123 3448 239 3528 dimus,
262 3456 418 3534 spirituum
441 3456 615 3530 differentia,
640 3457 761 3536 aequius
785 3458 919 3538 prolecto
939 3457 1075 3536 ageretis,
1098 3455 1124 3518 si
1141 3458 1189 3519 ubi
1206 3456 1356 3530 deoreato

123 3710 196 3762 male
219 3701 324 3773 θρόνου
343 3722 398 3760 σου.
436 3712 495 3760 ibid.
515 3672 606 3773 lieni.
624 3707 718 3777 καρδί-
770 3712 838 3762 beat.
872 3711 924 3761 llax
943 3712 1014 3762 iidem
1033 3705 1063 3760 ἐν
1079 3707 1241 3772 παλαιότητι
1258 3711 1354 3771 habent,

123 3792 175 3830 αις
191 3773 350 3826 θαλασσῶν.
772 3782 845 3831 ceteri
864 3789 888 3829 et
905 3780 963 3829 editi
979 3772 1009 3828 ἓν
1026 3782 1146 3830 omittunt.

164 3896 186 3929 c.
207 3880 246 3928 Sic
265 3880 321 3940 lieg.
340 3880 361 3928 l.
387 3889 410 3928 et
433 3880 532 3940 Seguer.
568 3880 647 3929 Ceteri
663 3896 717 3930 sero
806 3883 822 3929 i.
842 3880 980 3942 Seguerian.
1005 3897 1048 3945 pro
1072 3880 1122 3930 rar
1139 3872 1193 3946 ἄρα
1210 3881 1282 3929 babet
1300 3866 1355 3927 onir.
1409 3888 1412 3892 ’

126 3957 154 3999 el
173 3948 231 3996 editi
248 3942 346 4000 θείαις.
385 3947 534 4009 narraui.
551 3946 657 4013 πνεῦμα
674 3942 720 3994 καὶ
772 3948 846 3998 Panlo
871 3957 926 4012 post
952 3950 1039 4010 Regius
1057 3949 1081 3998 2.
1108 3947 1155 4008 tris
1178 3946 1247 4008 ζωῆς
1263 3945 1311 4006 τῆς
1328 3940 1357 3996 ἐν

125 4009 162 4065 τὸ
181 4007 213 4064 ἓν
230 4006 332 4068 αὐτοῖς.
604 4070 610 4085 ἱ
771 4014 893 4082 Χριστῷ.

165 4116 190 4165 tl.
210 4107 240 4169 ὅς
257 4117 327 4167 abest
345 4116 437 4168 aGabl.
451 4117 587 4165 etFelclrrn.
599 4117 619 4164 1.
646 4117 719 4166 Pania
807 4133 829 4180 g.
848 4117 889 4167 Sic
911 4118 969 4180 fleg.
988 4117 1011 4167 1.
1028 4113 1134 4180 Seguer.
1152 4118 1242 4179 inglie.
1260 4115 1359 4167 Gobler.

125 4193 189 4251 past
213 4185 271 4246 iieg.
293 4184 314 4232 l.
340 4192 362 4233 et
385 4185 483 4246 Segaer.
503 4175 643 4232 inaurium
662 4187 723 4233 torte
774 4193 798 4235 et
816 4185 920 4235 tetcka.
941 4186 962 4236 i.
998 4186 1060 4234 Editi
1086 4177 1101 4233 ὁ
1125 4178 1155 4234 δὲ
1179 4185 1244 4238 παῖς
1262 4178 1356 4249 palili,

126 4269 177 4321 pro
201 4244 343 4300 ἀποκτενεῖ
360 4261 386 4301 ut
408 4254 478 4301 habet
497 4255 553 4315 Reg.
572 4253 595 4302 2.
631 4254 722 4302 ibidem
774 4244 817 4300 ὅτι
835 4262 878 4303 ete
898 4253 953 4303 aliis
971 4254 1076 4303 omissis.

120 4313 187 4388 γάρ
209 4321 278 4370 (Μ
295 4322 319 4369 iu
338 4320 407 4371 G⁰b¹‘
427 4327 449 4368 ⁰²
468 4321 572 4370 Fe'ckm'
592 4321 614 4370 ¹¹
808 4355 831 4404 h.
851 4355 891 4405 Sic
908 4356 964 4417 Reg.
979 4355 1001 4404 l.
1019 4357 1119 4416 Segnar.
1138 4362 1162 4404 et
1178 4353 1243 4404 Lxx.
1279 4351 1359 4402 Ceteri

164 4438 187 4472 e.
207 4421 250 4471 Sic
268 4423 324 4481 neg.
338 4421 360 4470 1.
379 4424 479 4483 Seguer.
498 4423 595 4472 Gobler.
607 4422 722 4472 etFalelr-
774 4431 798 4474 et
815 4424 873 4475 editi
888 4415 1009 4483 Misia.

123 4491 215 4542 manui
227 4490 249 4539 1.
285 4490 445 4542 sniumei
464 4483 722 4546 editiairsolamlu-
798 4544 802 4550 ,

1026 4547 1029 4551 ’
1096 4569 1154 4624 ac*
