2948 5092
518 272 818 321 oumomoonm
829 274 967 323 mos.
1284 262 1349 331 ἰιι

123 429 285 499 sienem
316 434 379 502 est,
406 444 518 507 resque
546 426 705 493 universae
726 435 843 490 mutae
862 447 918 509 per
938 428 1036 510 ipsum
1059 431 1153 495 lamae
1174 442 1245 498 sunt
1267 424 1300 497 et
1318 433 1436 498 larua

120 529 186 611 ipso
207 528 388 603 consistunt,
410 528 561 610 quomodo
584 537 615 590 et
634 548 684 591 reo
706 537 821 592 meaos
844 548 945 594 creare
967 542 999 594 et
1020 551 1078 597 uno
1093 553 1129 598 er
1150 536 1251 612 rebus,
1275 553 1351 618 quae

119 631 152 694 iu
171 631 243 712 ipso
263 631 442 705 consistunt,
464 639 567 711 potest
589 629 682 694 ossei
711 630 795 705 Quae
815 632 933 698 illorum
955 640 1206 703 commentorum
1220 637 1351 704 absurda

119 752 191 796 esse
209 733 377 798 luculenter
397 741 505 814 pateat,
528 741 608 796 certe
629 752 646 795 a
668 732 792 796 remmio
806 733 872 815 ipra
893 735 1117 812 convincuntur,
1140 757 1216 820 quae
1230 741 1352 821 quidem

119 854 178 898 uos
200 835 299 911 docet,
320 835 406 899 illum
426 835 655 917 primogenitum
677 835 830 928 inmollis
850 836 991 899 iratribus
1014 838 1053 900 ob
1075 841 1173 903 carnis
1193 842 1351 922 cognatio-³

117 957 191 1001 nem
209 947 350 1003 vocatum
369 937 479 1013 brisso,
508 937 738 1019 primogenitum
758 955 831 1001 vero
852 957 889 1000 ex
910 940 1054 1016 mortuis,
1084 943 1153 1022 quia
1175 961 1212 1008 ex
1232 945 1300 1025 ipso
1321 953 1353 1009 et

118 1048 191 1122 posi
211 1040 313 1122 ipsum
332 1049 521 1102 mortuorum
543 1048 592 1103 est
612 1040 810 1115 resurreetio,
840 1041 969 1120 denique
996 1042 1232 1124 primogenitum
1251 1047 1352 1117 omnis

119 1150 275 1206 menturae
295 1150 422 1223 propter
435 1141 533 1204 Patris
548 1141 580 1204 in
601 1142 740 1206 homines
760 1142 982 1222 benignitatem,
1005 1163 1061 1224 per
1074 1164 1161 1225 quam
1176 1166 1238 1210 non
1253 1148 1353 1212 solum

119 1244 224 1306 omnia
243 1243 276 1307 in
302 1244 399 1325 ipsius
426 1244 524 1306 Verbo
553 1244 715 1307 constituta
742 1253 829 1319 runt,
861 1263 964 1307 rerum
994 1246 1061 1326 ipsa
1091 1248 1179 1311 etium
1206 1257 1351 1327 uentura,
1399 1226 1428 1248 ⁰

119 1364 206 1426 quoe,
230 1354 263 1408 ut
285 1346 326 1408 nit
344 1346 516 1426 Apostolus,
540 1346 755 1411 revelationem
774 1347 911 1428 filiorem
932 1346 992 1410 Dei
1011 1350 1184 1430 mertone,
1209 1351 1353 1419 liberuli-

121 1457 178 1511 tur
198 1467 218 1510 a
241 1452 388 1511 servitute
412 1452 621 1528 corruptionis
642 1453 677 1511 io
691 1447 862 1513 libertatern
875 1446 993 1528 glorior
1006 1449 1145 1531 filiorum
1158 1451 1228 1516 llei.
1261 1452 1353 1516 Cuius
1432 1517 1438 1526 ,

120 1547 181 1611 boc
199 1556 289 1629 pacto
309 1549 451 1612 liberatae
472 1569 612 1613 necnon
633 1550 782 1625 omnium,
811 1552 864 1630 qui
889 1551 941 1613 filii
963 1553 1030 1615 loeti
1053 1553 1180 1629 locunt,
1206 1554 1353 1629 Dominus

121 1650 342 1730 primogenitus
364 1654 482 1715 iuturus
510 1661 573 1728 est,
601 1661 633 1715 ut
660 1671 727 1715 eum
755 1653 822 1733 ipse
843 1653 957 1733 primus
979 1654 1101 1730 dicitur,
1131 1673 1166 1717 oa
1187 1674 1264 1737 quae
1283 1664 1355 1737 post

122 1750 224 1833 ipsum
246 1761 333 1828 sunt,
365 1762 577 1833 perseverent,
605 1764 639 1816 ul
665 1764 736 1834 pote
759 1773 834 1834 quae
856 1773 892 1817 ex
914 1754 1011 1816 Verbo
1035 1764 1174 1837 tunquam
1197 1776 1233 1823 ex
1254 1757 1353 1839 aliquo

122 1852 272 1936 principio
294 1855 455 1936 pendeant.

209 1960 264 2023 64.
309 1957 388 2020 Sane
408 1977 465 2020 nee
486 1977 541 2038 ego
565 1958 706 2031 dubitem,
728 1958 801 2038 quin
822 1959 907 2039 ipsos
930 1960 1019 2025 etiam
1034 1959 1143 2039 impios
1158 1961 1266 2041 pudeat
1281 1963 1444 2026 sunem

124 2057 296 2122 huiusmodi
318 2060 494 2121 sententiae.
537 2059 601 2121 Nisi
625 2060 704 2122 enim
726 2061 767 2122 ita
789 2079 823 2123 se
843 2080 894 2123 res
912 2060 1093 2136 habeat,oti
1109 2062 1354 2142 supradiximus,

127 2161 179 2222 sed
202 2180 272 2223 eum
295 2167 400 2223 natura
423 2173 553 2224 creatum
576 2163 654 2224 inter
677 2183 725 2225 res
747 2173 861 2225 creatas
884 2163 974 2225 velint
1001 2182 1069 2226 esse
1097 2182 1199 2226 rerum
1221 2166 1357 2227 omnium

126 2272 292 2327 ueatarum
312 2263 562 2343 primogenitum,
584 2265 819 2327 animadvertant
839 2284 873 2327 se
895 2285 931 2327 eo
953 2284 1188 2346 progressuros,
1220 2266 1358 2330 utillum

126 2363 281 2428 brutorum
303 2364 496 2428 animantium
518 2384 679 2445 rerumque
700 2365 927 2429 inanimatorum
949 2368 1070 2429 fratrem
1093 2380 1123 2430 et
1138 2367 1265 2430 similem
1288 2384 1359 2430 esse

127 2468 297 2547 opinentur.
344 2467 497 2546 Siquidem
525 2468 581 2528 hoe
609 2485 728 2546 quoque
748 2477 849 2548 portes
873 2479 943 2530 sunt
964 2487 1064 2533 rerum
1086 2467 1222 2529 omnium
1242 2476 1358 2538 creata·

127 2589 201 2632 rum.
246 2569 380 2631 Necesse
408 2578 456 2630 est
486 2579 583 2631 autem
614 2569 844 2649 primogenitum
874 2570 939 2632 solo
969 2579 1104 2650 tempore
1124 2569 1256 2649 primum
1278 2556 1357 2644 esse,

127 2690 236 2751 genere
258 2674 331 2733 verb
353 2681 383 2733 et
404 2671 598 2733 similitudine
620 2672 747 2734 eundem
770 2690 837 2733 esse
859 2689 894 2733 ac
916 2689 1038 2745 omnes,
1069 2688 1198 2750 quorum
1226 2678 1273 2732 est
1293 2669 1358 2750 pri·

128 2775 308 2856 mogenitus.
352 2773 396 2834 dn
419 2793 480 2834 non
500 2792 603 2854 porro,
626 2792 692 2835 oum
707 2773 782 2835 baec
796 2773 907 2847 dicunt,
931 2791 1049 2834 omnem
1064 2771 1360 2852 praetergrediuntur

128 2873 335 2956 impietatem?
372 2875 445 2948 Quis
468 2895 539 2937 vero
562 2875 635 2936 baec
656 2874 725 2938 illos
746 2875 879 2936 dicentes
903 2873 1000 2936 lereti
1030 2880 1080 2934 aut
1101 2873 1203 2953 polius
1226 2872 1293 2952 quis
1314 2870 1361 2934 vel

130 2977 194 3039 taba
229 2977 394 3056 cogitantes
424 2977 494 3039 odio
525 2995 586 3037 non
619 2975 842 3056 prosequetur?
886 2976 991 3038 Polam·
1018 2974 1097 3037 enim
1126 2973 1270 3036 omnibus
1302 2981 1360 3048 est,

130 3097 225 3159 neque
248 3097 317 3139 eum
339 3087 462 3158 propter
485 3098 528 3152 se,
553 3087 691 3157 tanquam
715 3078 742 3140 si
765 3088 881 3141 oreatus
910 3089 1005 3152 esset,
1039 3096 1137 3157 neque
1166 3077 1206 3138 ob
1232 3077 1362 3157 aliquam

131 3182 355 3261 cognationem,
389 3199 477 3259 quam
504 3180 676 3242 secundum
707 3188 842 3242 naturam
871 3200 936 3242 curn
972 3180 1111 3242 omnibus
1139 3178 1232 3240 rebus
1253 3174 1362 3240 creatis

131 3283 253 3356 babeat,
279 3300 380 3343 earum
403 3302 470 3344 esse
493 3281 726 3362 primogenitum
748 3283 943 3363 appellatum3
976 3283 1030 3344 sed
1052 3290 1200 3362 quatenus
1221 3279 1362 3355 Verbum,

132 3404 196 3447 cum
221 3403 273 3446 res
301 3393 416 3446 creatas
446 3384 529 3445 initio
560 3384 674 3459 effecit,
704 3402 739 3445 se
761 3384 799 3446 ad
821 3404 871 3446 eas
899 3383 1027 3462 benigno
1056 3381 1366 3454 accommodavil„ut

133 3487 194 3549 lieri
217 3494 356 3567 possent.
400 3485 462 3547 Nec
484 3487 562 3547 enim
593 3487 657 3547 eius
687 3494 838 3562 naturam,
869 3504 944 3566 quae
971 3503 1066 3564 purus
1096 3493 1126 3546 et
1153 3492 1296 3564 paternus
1317 3488 1367 3544 ost

133 3587 286 3668 splendor,
309 3587 388 3647 serre
402 3586 583 3667 potuissent,
606 3587 665 3650 nisi
681 3606 715 3650 se
730 3588 768 3650 ad
782 3588 847 3651 illas
860 3596 983 3668 paterno
998 3584 1179 3665 benignitate
1193 3600 1364 3649 accommo-

133 3771 210 3842 μένα.
238 3765 499 3839 Polemonique?
521 3765 606 3822 αὐτὸν
625 3786 725 3839 corrpi-
811 3789 833 3837 g.
851 3772 996 3824 Felclm.2.
1017 3780 1039 3822 et
1057 3771 1113 3821 editi
1131 3760 1249 3838 oiqrr'w
1267 3760 1367 3818 αὐτῶν.

133 3840 201 3908 μένα
227 3835 316 3908 ὥςπερ
334 3834 363 3889 ἔκ
379 3855 454 3894 τινος
471 3834 557 3907 ἀρχῆς
574 3833 658 3891 nitori
677 3840 726 3890 τοῦ
778 3841 856 3891 Ceteri
870 3830 1164 3906 mssdqu'pgtorobro'r.
1194 3838 1366 3899 loioJSegaer.

135 3908 216 3977 λόγου
242 3904 376 3990 δωμεένῃ.
414 3911 469 3989 ling.
494 3901 726 3990 repurgaretur,
777 3909 834 3971 lieg.
853 3907 1158 3987 llasil.llngl.lelolm.‹l.
1176 3895 1370 3985 einbainoroq'-

136 3975 296 4111 33ῗῖἕῇἶῖ
314 3990 726 4126 Ἒῖἷρἷεὶᾗ.”ἷῗξ“ἕῖηἶαῖἶῖ’ἷὲ
779 3989 894 4096 ‘wilt
911 3975 1295 4107 {illiriiri'fi-'iiiiii
1308 4039 1370 4091 oo

136 4110 203 4181 μετὰ
229 4113 316 4164 ταῦτα
339 4109 475 4192 διαμεινῃ,
501 4106 587 4179 ὥςπερ
606 4107 727 4168 ἴκτινος
778 4114 806 4163 bt
823 4114 864 4163 olii
883 4120 908 4162 el
924 4114 981 4163 editi
999 4109 1122 4160 τοιαῦτα.

138 4176 222 4250 ἀρχῆς
240 4175 327 4231 αὐτοῦ
346 4196 394 4230 roo
412 4176 495 4247 λόγου
513 4178 683 4249 συνημμένα.
813 4183 829 4231 i.
853 4182 884 4230 Se
902 4181 993 4231 oerien.
1021 4180 1119 4232 Gobler.
1138 4177 1242 4227 Felolrm.
1262 4176 1286 4224 1:
1304 4183 1328 4225 et
1344 4172 1371 4226 l.

168 4256 185 4302 l.
210 4254 313 4314 Segoer.
333 4252 430 4302 Gobler.
449 4252 555 4301 Felolm.
576 4251 597 4300 l.
611 4258 635 4300 et
653 4252 677 4301 5.
692 4242 728 4302 ὥς
779 4241 842 4299 οὔτε
858 4244 888 4298 dr
912 4241 1018 4298 ἑαυτόν.
1054 4249 1110 4309 lieg.
1130 4254 1153 4296 et
1172 4243 1327 4294 lelclmanni
1345 4242 1370 4292 d.

136 4315 312 4386 προείπομεν.
337 4319 416 4369 Ceteri
433 4327 457 4369 et
475 4320 533 4369 editi
551 4310 620 4372 olcus
655 4309 728 4368 eino·
779 4309 812 4367 ori
830 4309 864 4365 di
884 4311 990 4367 ἑαυτόν.
1027 4315 1100 4365 llasil.
1124 4321 1148 4362 et
1164 4312 1233 4375 logi.
1252 4301 1316 4358 οὐδὲ
1333 4299 1368 4359 δι’

137 4402 194 4452 μεν.
234 4389 311 4437 Paulo
336 4395 392 4451 post
422 4387 527 4437 ielclm.
552 4388 576 4437 4.
600 4332 728 4436 dlloow
779 4377 874 4436 αὐτόν.
910 4387 989 4435 Ceteri
1009 4391 1033 4434 et
1050 4384 1107 4432 editi
1126 4370 1190 4458 oiseii
1208 4370 1369 4457 do'doqro'r.

137 4457 250 4519 idemque
269 4463 292 4504 et
310 4456 411 4517 Segner.
429 4470 458 4505 ae
476 4456 580 4504 ielelrm.
599 4456 622 4504 5.
640 4448 729 4514 πάσης
813 4455 837 4504 lr.
845 4455 915 4515 Sego
925 4461 949 4503 et
956 4454 1012 4513 lleg.
1021 4441 1112 4509 αὐτῆς.
1130 4440 1370 4501 Abretedrtroordc.
1442 4506 1446 4515 Ι

139 4522 184 4584 τῆς
199 4518 322 4576 κτίσεως.
346 4522 409 4593 uolgi
421 4524 495 4575 stolii
507 4517 726 4595 redemerimus.
771 4562 773 4567 .
814 4521 949 4584 lSegoer.
967 4509 1092 4586 ἤνεγκον.
