2948 5092
451 273 595 318 inieram
611 275 631 317 r.
645 274 682 317 sn
699 275 895 320 sentiscant.
1043 311 1047 321 .
1225 267 1286 332 725

58 436 163 487 autem
186 426 353 504 denipnitoa
380 435 408 485 et
440 425 612 486 humanitas
641 431 787 506 apparuit
808 426 982 489 Soioatoris
1003 435 1106 492 nostri
1124 431 1195 502 lici,
1225 451 1373 500 nonnam.

58 546 100 589 ca
122 528 265 607 operibus
287 530 434 597 iustitiae,
465 545 539 605 quac
560 528 685 604 secamus
707 546 779 598 uos,
802 529 855 589 sed
875 532 1038 592 secundum
1059 552 1146 594 suom
1167 537 1289 596 miseri-

59 629 198 690 cordiam
220 627 323 690 soioos
346 647 401 690 uos
423 629 496 706 facit
514 646 573 707 per
596 627 752 689 lavacrum
775 635 1014 708 rcpcncrationis
1036 645 1066 694 et
1080 638 1288 698 renovatiom's

59 729 199 807 Spiritus
221 734 328 800 soracti,
351 749 436 810 quem
458 730 564 810 affudit
585 732 617 789 in
638 747 695 791 nos
717 730 835 792 odanda
852 750 912 810 per
928 731 1029 794 Iesum
1046 734 1200 797 Christum
1216 735 1289 798 Sol-

58 839 200 890 vatorcm
221 842 371 901 nostrum,
393 841 428 892 ut
451 829 609 910 iustificati
627 833 729 908 pratia
749 835 846 911 ipsius
870 834 991 895 herodes
1014 839 1108 896 samus
1124 838 1289 899 secundum
1323 830 1327 844 '

58 949 143 1009 spem
165 935 244 993 uitae
265 941 416 993 aetarnae.
459 932 495 990 At
517 930 596 1009 quod
618 949 668 991 res
691 942 803 993 creatas
826 941 948 1013 spectat,
976 935 1058 1014 ipsae
1080 944 1197 997 sanctae
1220 937 1286 998 effi-

58 1032 179 1093 ciuntur
201 1041 230 1092 ct
251 1041 446 1093 renovantur:
468 1032 594 1094 Emittes
616 1031 694 1093 enim
710 1033 860 1114 Spiritum
882 1047 966 1096 tuum
987 1038 1235 1109 ctcrcaiuntur,
1257 1045 1288 1100 ct

58 1134 224 1196 renovatis
245 1119 354 1213 sociem
376 1145 488 1194 tarrac.
532 1132 570 1192 Et
591 1132 716 1194 Pardus:
744 1135 935 1215 impossibiie
963 1149 1009 1199 cst
1030 1143 1109 1199 enim
1136 1156 1203 1208 eos,
1236 1142 1308 1224 qui

57 1234 155 1295 semei
175 1248 247 1300 sunt
268 1234 441 1303 illuminati,
462 1244 663 1312 quitaverunt
684 1239 772 1298 ctiam
788 1237 898 1299 donum
913 1238 1049 1308 coaucta,
1072 1249 1101 1299 ct
1119 1241 1286 1319 participas
1350 1259 1353 1267 ·

55 1334 138 1412 sacti
158 1348 231 1398 aunt
252 1336 388 1415 Spiritus
410 1340 518 1398 sancti.

147 1539 199 1601 23.
243 1538 344 1616 ltaque
367 1539 416 1617 qni
445 1556 505 1600 non
528 1536 563 1598 ab
586 1537 644 1598 alio
667 1547 786 1599 sanctus
809 1539 933 1600 afficitur
955 1558 1051 1620 neque
1073 1541 1287 1602 sanctimoniae

57 1639 91 1698 tit
114 1638 273 1718 particeps,
297 1639 350 1699 sed
373 1640 437 1717 ipse
457 1638 533 1698 aiios
555 1637 714 1717 participes
735 1638 848 1713 reddit,
872 1641 900 1700 in
924 1660 983 1718 quc
1006 1651 1035 1702 et
1056 1660 1105 1702 res
1128 1642 1287 1703 universae

56 1746 177 1800 creatae
199 1750 317 1801 sanctae
340 1741 524 1811 efficiuntur,
557 1744 606 1818 qut
634 1741 753 1818 inquam
782 1740 845 1801 fieri
866 1749 966 1819 potest
987 1748 1021 1802 nt
1042 1741 1068 1804 is
1089 1742 1187 1804 iocum
1209 1743 1287 1806 inter

56 1856 110 1900 res
135 1859 239 1901 omnes
261 1842 376 1914 habeat,
400 1840 444 1901 vel
466 1841 605 1919 proprius
627 1840 745 1902 iliorum
768 1843 817 1913 sit
840 1842 890 1920 qui
905 1842 1001 1920 ipsius
1016 1843 1091 1903 fiunt
1103 1842 1286 1922 participes?

56 1940 135 2001 Nam
158 1943 207 2019 qui
229 1943 302 2003 haec
322 1943 362 2003 ita
384 1960 450 2003 esse
472 1943 685 2020 pugnaverint,
709 1960 770 2014 ,eos
794 1942 881 2004 ctiam
903 1944 1068 2006 concedere
1090 1963 1214 2006 necesse
1237 1945 1287 2021 sit,

55 2042 185 2114 Filium,
214 2061 268 2122 per
289 2062 375 2122 quem
397 2062 447 2104 res
469 2029 573 2104 omnes
596 2045 689 2106 iactae
707 2052 791 2116 sunt,
821 2062 909 2106 unam
937 2054 1035 2106 nmen
1063 2046 1178 2109 illarum
1206 2064 1288 2108 esse.
1334 2032 1337 2036 ⁸
1396 2089 1403 2098 ι

57 2143 192 2223 Spiritus
220 2143 291 2205 item
326 2145 457 2207 vivificus
494 2145 613 2207 dicitur:
652 2147 714 2219 Qui
741 2152 916 2217 suscitavit,
950 2147 1062 2225 inquit,
1094 2148 1247 2210 Christum
1267 2166 1290 2209 a

55 2251 203 2322 mortuis,
224 2248 389 2326 vivificabit
411 2259 440 2310 et
460 2248 604 2308 mortalia
627 2265 759 2327 corpora
780 2258 885 2309 aestro
904 2265 961 2327 por
983 2249 1197 2311 inhabitantem
1221 2251 1288 2310 cius
1358 2233 1361 2237 ⁵

57 2347 213 2429 Spiritum
233 2352 266 2408 in
289 2348 382 2409 econ.
427 2348 464 2408 Et
485 2348 629 2410 Dnminus
651 2346 768 2426 quidem
797 2349 863 2426 ipsa
891 2357 938 2410 est
965 2349 1024 2410 vita
1051 2359 1082 2410 et
1109 2362 1218 2411 auctor
1239 2352 1288 2411 oi·
1313 2401 1316 2409 .

62 2456 186 2518 tac,'ut
205 2449 246 2509 ait
267 2449 383 2510 Petrus.
427 2450 509 2511 idem
531 2458 629 2510 nmen
651 2448 795 2510 Dominus
824 2450 878 2510 ait:
908 2452 1002 2529 Aqua,
1026 2469 1114 2530 quom
1136 2468 1188 2529 coo
1212 2449 1290 2512 osto

59 2553 105 2620 ci.
134 2551 188 2629 fiet
215 2554 248 2611 in
276 2569 309 2611 eo
338 2552 410 2629 sons
438 2570 533 2632 aquae
564 2551 703 2614 solientis
724 2554 757 2610 in
778 2554 872 2611 eitam
893 2562 1057 2613 aeternam.
1100 2550 1165 2612 Hoc
1187 2560 1292 2612 autom

58 2653 141 2712 uicit
162 2651 197 2712 dc
218 2646 346 2731 Spiritu,
370 2672 455 2732 quun
477 2655 633 2730 accepturi
653 2661 742 2712 crant
766 2650 919 2711 credontes
942 2656 975 2713 in
992 2670 1069 2713 eum.
1113 2652 1173 2712 Res
1188 2660 1289 2713 autem

56 2759 194 2824 creatae,
223 2751 265 2811 uti
288 2751 396 2812 dictum
419 2762 482 2825 est,
514 2753 600 2812 vitam
623 2770 677 2831 per
698 2753 796 2830 ipsum
818 2750 973 2830 accipiunt.
1019 2751 1077 2824 Qui
1099 2753 1189 2831 igitur
1209 2752 1288 2815 vase

58 2870 123 2913 non
145 2853 178 2912 fit
199 2852 357 2932 particeps,
381 2851 433 2915 s'sd
457 2854 522 2933 ipsc
545 2854 619 2915 alios
641 2854 799 2933 participes
822 2853 900 2925 facit,
927 2862 957 2914 et
978 2852 1065 2914 vitam
1088 2853 1178 2915 rebus
1201 2871 1286 2914 cret-

59 2954 100 3013 tis
123 2954 264 3032 impertit,
289 2955 403 3033 qualem
427 2975 538 3034 quaeso
561 2956 766 3033 cognationem
789 2971 857 3016 cum
878 2954 968 3016 rebus
991 2954 1076 3016 iactis
1097 2954 1207 3016 habere
1227 2971 1289 3033 po·

27 3079 32 3086 ·
58 3053 144 3116 test?
187 3057 245 3117 Aut
266 3076 323 3135 qua
346 3058 462 3118 tandem
490 3058 606 3119 ratione
634 3057 711 3117 inter
739 3075 788 3117 res
811 3063 925 3117 acates
947 3055 1114 3117 censendus
1137 3055 1190 3128 sit,
1220 3056 1291 3115 cum

58 3159 146 3236 ipsae
168 3157 200 3218 iu
221 3158 271 3219 illc
291 3159 379 3220 vitam
402 3159 530 3221 aVerho
553 3156 720 3237 accipiant?
763 3157 868 3220 Unctio
884 3176 1004 3237 qnoque
1018 3156 1147 3236 Spiritus
1170 3153 1291 3228 dicittu,

57 3269 91 3322 ct
114 3267 162 3320 eet
182 3260 252 3321 item
275 3261 420 3338 sigillum
450 3261 528 3322 unda
556 3261 684 3321 loarmes
712 3258 829 3320 scribit:
863 3259 902 3320 Bt
930 3271 991 3321 ooa¹
1007 3261 1179 3322 unctionem
1200 3272 1291 3336 quom

58 3359 221 3440 accepistis
243 3363 279 3423 ad
303 3382 345 3432 co,
367 3377 467 3426 monet
490 3367 522 3424 in
542 3363 639 3423 coiis.
681 3359 719 3424 dc
742 3379 805 3422 uon
827 3379 946 3422 neccsse
968 3359 1097 3430 indetis,
1119 3368 1155 3422 ut
1176 3357 1288 3437 atinus

58 3465 169 3525 doceat
189 3482 259 3536 uos;
284 3465 335 3525 scd
358 3469 436 3526 sicut
458 3468 560 3525 unctio
583 3466 664 3535 cius,
686 3480 793 3540 nempe
816 3461 880 3523 eius
902 3460 1048 3539 Spiritus,
1072 3461 1156 3532 docet
1177 3477 1231 3520 cos
1253 3458 1375 3523 tanai.
1424 3476 1433 3481 ·
1457 3455 1458 3458 ’

59 3565 209 3627 omnious.
252 3565 290 3625 Et
312 3565 388 3643 apud
411 3564 526 3624 Esaiam
548 3563 727 3642 Prophetam
749 3563 869 3641 legitur:
893 3562 1029 3641 Spiritus
1051 3561 1176 3622 Domini
1196 3577 1289 3640 super
1456 3568 1461 3576 '

56 3685 120 3739 mc,
152 3669 237 3726 cuius
269 3685 361 3727 causo
388 3669 480 3726 unait
505 3684 560 3726 me.
604 3663 714 3725 Paulus
744 3663 832 3724 etiam
853 3664 912 3724 aits
942 3661 981 3723 In
1003 3679 1061 3742 quo
1084 3671 1113 3722 st
1136 3661 1289 3721 crcdmtcs

58 3769 176 3845 sr‘puoti
197 3771 268 3827 estis
297 3770 329 3827 in
359 3767 433 3827 diam
462 3766 666 3826 redemtionis.
710 3764 747 3824 At
777 3782 826 3824 res
855 3770 969 3824 creatae
997 3761 1047 3822 illo
1077 3762 1232 3838 signantur
1260 3757 1291 3818 et

96 3968 117 4000 c.
137 3951 178 4000 Sic
197 3952 253 4010 neg.
268 3951 289 3999 1.
308 3959 332 3999 et
348 3951 438 4012 anglic.
473 3952 501 3999 tt
518 3950 615 4000 Gobier.
628 3960 652 4000 et
735 3949 752 3996 t.
772 3948 828 4008 fleg.
849 3947 869 3997 l.
888 3946 987 4007 Segner.
1004 3945 1100 3996 Gohler.
1117 3954 1140 3994 et
1151 3945 1254 3996 natatu.
1266 3944 1290 3997 l.

61 4019 171 4069 Fciatm.
194 4019 215 4067 l.
238 4013 368 4082 μετέχων,
409 4019 454 4067 Ani
478 4033 533 4066 vero
553 4027 577 4066 et
594 4019 651 4068 editi
702 4007 797 4081 ὥςπερ.
833 4015 892 4064 item
911 4015 1001 4091 Rani.
1021 4022 1044 4063 et
1061 4014 1161 4074 Seguer.
1181 4003 1291 4075 postci-

58 4083 189 4152 μέτοχον.
226 4087 282 4147 iteg.
303 4087 324 4135 1.
343 4094 366 4134 et
383 4086 483 4146 Segucr.
502 4101 555 4134 mox
574 4077 653 4149 ἅγιά·
702 4097 785 4150 putat
802 4083 893 4131 addant
908 4094 961 4129 nott.

58 4153 164 4212 corsua.
737 4167 759 4212 g.
779 4152 818 4200 Sic
836 4152 893 4211 [teg.
915 4150 936 4198 l.
955 4150 1055 4209 Seflaer.
1074 4146 1289 4224 castaneariis

97 4224 121 4269 d.
143 4220 232 4281 Rani.
252 4222 357 4270 Feickm.
377 4220 399 4269 2.
419 4231 442 4269 et
460 4221 516 4269 editi
535 4217 650 4276 (monot-
703 4219 729 4268 ln
748 4219 803 4268 aliis
820 4227 898 4267 autem
915 4225 944 4291 αι’
956 4216 1026 4265 editis
1043 4215 1102 4264 base
1120 4210 1168 4276 αλλ
1194 4206 1231 4266 sis
1248 4229 1296 4264 tta--

59 4288 120 4338 otiu.
159 4290 284 4351 doxaeg.
306 4290 326 4338 l.
345 4280 650 4350 etSeguer.vocem’1a-
703 4302 750 4349 qne
775 4287 804 4336 ad
827 4279 890 4349 περὶ
906 4296 1019 4332 παντων
1037 4282 1130 4331 desunt
1165 4281 1239 4332 [iasii.
1256 4282 1294 4333 ic.

59 4357 131 4406 andr
151 4358 270 4405 omittunt.
703 4356 775 4404 habat
793 4345 858 4401 itta
876 4345 908 4399 τὸ
927 4343 1011 4408 adrani
1029 4359 1074 4398 etc.

96 4441 120 4474 e.
139 4426 180 4473 Sic
198 4426 254 4484 ch.
267 4426 289 4472 l.
308 4426 407 4485 Segaer.
425 4432 448 4472 et
458 4424 528 4472 [iasii.
564 4424 608 4472 atii
628 4430 652 4472 et
737 4424 761 4471 h.
778 4424 819 4472 Sic
837 4422 892 4484 Rea.
908 4420 929 4467 1.
948 4419 1047 4479 Segner.
1065 4416 1137 4494 Basij.
1153 4415 1250 4492 Gabios.
1265 4423 1296 4471 st,

57 4495 120 4547 editi
139 4483 241 4544 nicois-
702 4490 809 4540 idaim.
828 4489 850 4540 1.
886 4487 965 4543 Ceteri
983 4493 1007 4536 et
1024 4483 1081 4534 editi
1098 4495 1122 4532 ec
1139 4476 1169 4534 di
1186 4496 1221 4533 ra
1236 4477 1296 4549 piu,
