2948 5092
168 241 230 306 198
351 273 360 284 x
566 254 592 298 s.
607 253 760 298 ιωιιισιι
775 230 999 297 nemmem

78 402 263 495 Μήλιον
285 401 372 491 δρῶν
395 401 603 471 πυνθάνοιτο
625 406 703 487 περί
725 404 783 467 τοῦ
808 395 1069 489 ἇπαυγάσματος
1089 402 1144 468 καί
1166 401 1273 486 λέγοι·
1304 395 1323 464 δ
1347 394 1396 465 ών

165 507 207 575 τὸ
234 507 279 592 μὴ
303 503 340 573 ὄν
362 511 544 593 πεποίηκεν
565 497 586 591 ἢ
608 496 646 569 ὄν
668 497 749 568 αὐτὸ
772 509 973 590 πεποίηκας
1006 499 1045 570 οὗ
1068 503 1245 592 ·σώφρονα
1267 497 1396 582 ὄχεινό

166 611 319 686 τοιοῦτος
351 607 509 693 λογισμὸν
536 603 793 692 νομισθήσεται,
829 599 898 670 ἀλλ’
923 604 1142 692 ἐμβρόντητος
1170 598 1210 670 δν
1239 603 1306 688 εἴη,
1340 598 1396 669 ὄτι

167 705 256 788 ὅλως
278 705 299 775 ὅ
321 708 411 776 ἐστιν
433 708 468 775 έκ
489 709 547 773 τοῦ
564 706 685 794 φωτός,
709 708 828 772 ι’τοῦτο
844 706 970 785 έξωθεν
985 706 1116 774 ἐπινοεῖ
1129 704 1186 772 καὶ
1200 703 1280 790 περὶ
1295 706 1397 770 τοῦτο

168 809 285 898 έρωτᾷ,
310 812 394 877 πότε
415 807 471 876 καὶ
492 811 560 875 ποῦ
581 810 635 873 καί
658 803 716 874 ὅτε
736 806 792 873 καὶ
813 806 843 874 εἰ
865 817 1067 895 πεποίηται·
1090 804 1196 885 ούτως
1209 805 1266 872 καὶ
1281 801 1300 871 ό
1316 803 1397 889 περὶ

167 915 228 979 τοῦ
250 912 323 978 υἱοῦ
345 914 398 978 καὶ
420 914 480 977 τοῦ
501 907 630 996 πατρὸς
650 911 790 975 τοιαῦτα
812 908 1020 994 λογιζόμενος
1042 911 1096 975 καὶ
1118 905 1205 975 ούτω
1220 906 1397 974 πυνθανό-

167 1036 267 1098 μενος
288 1014 405 1099 πολλῷ
426 1013 553 1098 μᾶλλον
574 1009 651 1098 Ἵήν
671 1016 793 1094 μανίαν
814 1010 949 1095 μείζονα
971 1006 1011 1077 ἂν
1034 1011 1112 1094 ὄχοι,
1136 1006 1191 1077 ὄτι
1211 1007 1270 1076 τόν
1286 1008 1322 1075 ἐκ
1335 1011 1395 1074 τοῦ

168 1114 298 1201 πατρὸς
319 1113 416 1199 λόγον
439 1114 564 1193 ἔξωθεν
587 1107 675 1197 αύτῷ
700 1111 879 1197 ἰπειςάγει,
907 1115 962 1178 καί
994 1111 1034 1178 τό
1064 1110 1164 1200 φύσει
1185 1117 1328 1198 γέννημα
1350 1106 1400 1188 ὦς

168 1222 300 1302 ποίημα
321 1217 525 1300 ἰσκιαλογῶν
553 1216 655 1300 λέγει·
685 1211 743 1280 υύκ
763 1203 803 1300 ἦν
825 1212 906 1300 πρὶν
927 1216 1079 1301 γεννηθῇ.
1126 1208 1335 1280 ἇκουέτωσαν
1359 1212 1398 1278 δὲ

168 1312 261 1402 ὅμως
292 1315 349 1383 καὶ
376 1316 462 1401 πρὸς
488 1315 547 1401 τὴν
576 1314 735 1403 έρώτησιν
757 1310 882 1395 αὐτῶν,
916 1310 970 1382 ότι
992 1311 1011 1381 ό
1034 1309 1080 1380 ών
1103 1313 1213 1400 πατὴρ
1234 1312 1293 1379 τὸν
1315 1310 1398 1380 ὄντα

167 1416 243 1485 υἰδν
265 1417 438 1505 ἐποίησεν·
469 1412 571 1503 ὁγὰρ
593 1416 691 1502 λόγος
713 1415 797 1503 σάρξ
817 1415 943 1501 ἐγένετο
952 1420 988 1496 ¹),
1022 1415 1078 1482 καὶ
1099 1413 1180 1483 ὄντα
1201 1410 1302 1481 αὐτὸν
1325 1413 1400 1480 υἱὸν

167 1520 254 1586 θεοῦ
277 1517 433 1603 ἐποίησεν
455 1518 513 1586 έπὶ
535 1520 705 1605 συντελείᾳ
725 1522 791 1584 τῶν
815 1516 944 1584 αἰώνων
965 1517 1021 1583 καὶ
1034 1516 1124 1584 ὐἱὸν
1147 1513 1343 1601 ἀνθρώπου,
1369 1515 1400 1581 εἰ

167 1617 215 1708 μή
249 1618 314 1705 ὄρα
345 1619 429 1686 κατὰ
455 1618 513 1686 τὸν
535 1626 733 1704 Σαμοσατέα
760 1621 844 1706 μηδέ
873 1613 958 1686 εἶναι
986 1614 1086 1684 αὐτὸν
1108 1621 1189 1704 πρίν
1211 1616 1400 1703 ἄνθρωπον

167 1726 329 1808 γενέσθαι
360 1722 497 1788 ε’ίποιεν.
542 1721 599 1788 καὶ
628 1721 715 1808 πρὸς
745 1723 805 1805 μέν
836 1719 895 1807 τήν
923 1719 1058 1807 πριύτην
1095 1714 1202 1786 αὐτῶν
1235 1718 1400 1806 ἐρώτησιν

169 1821 266 1889 ἱκανὰ
287 1825 391 1888 ταῦτα
413 1818 490 1908 παρ’
514 1818 616 1909 ήμών.

255 1930 306 1991 λδ.
348 1920 456 2007 Ὑμεῖς
478 1925 523 2007 δέ,
548 1915 575 1990 ώ
593 1919 770 2009 Ἀρειανοί,
793 1925 859 1988 τών
876 1921 969 1989 ἰδίων
985 1922 1110 1990 ἑαυτῶν
1131 1922 1302 2010 ’ῥημάτων
1316 1948 1401 2009 μνη-

167 2024 363 2109 μονεύοντες
386 2023 522 2092 ε’ίπατεί
552 2021 570 2091 ό
594 2019 639 2091 ών
661 2027 719 2090 τοῦ
741 2024 785 2110 μή
807 2020 903 2102 ὄντος
926 2024 1052 2110 ἰχρηζεν
1076 2022 1123 2102 εἰς
1143 2022 1202 2110 τήν
1222 2027 1289 2089 τῶν
1312 2023 1403 2090 πάν-

167 2149 237 2191 των
259 2125 489 2212 δημιουργίαν,
513 2119 535 2213 ἢ
556 2123 652 2203 ὄντος
674 2119 774 2191 αύτοῦ
798 2124 944 2211 ὄχρηζεν,Ι
980 2123 1128 2210 εἰρήκατε
1149 2125 1225 2210 γάρ·
1258 2122 1401 2211 ὄργανον

169 2224 277 2311 ἑαυτῷ
299 2225 356 2291 τὸν
378 2225 450 2292 υἱὸν
473 2227 507 2294 ἐκ
527 2229 586 2293 τοῦ
609 2225 653 2313 μή
678 2222 773 2304 ὄντος
793 2225 1036 2306 κατεσκεύασεν,
1059 2227 1116 2292 ἵνα
1137 2220 1184 2292 δι’
1202 2221 1303 2292 αύτυῦ
1320 2249 1402 2292 ποι-

168 2325 233 2414 ήσῃ
256 2325 298 2393 τὰ
320 2326 439 2399 πάντα.
484 2334 538 2394 *τί
559 2317 617 2395 οῦν
640 2328 712 2394 ἐστι
732 2328 872 2413 βέλτιον,
895 2325 934 2392 τὸ
955 2328 1081 2412 χρήζυν,
1104 2323 1126 2414 ἢ
1147 2326 1186 2392 τὸ
1207 2327 1266 2413 τήν
1286 2335 1402 2414 χρείαν

170 2421 401 2517 διναπληροῦνς
434 2423 456 2514 ή
479 2423 652 2518 άμφότερα
666 2428 709 2495 τὰ
724 2428 877 2495 ἐνδέοντα
892 2423 1041 2516 ἀλλήλων
1057 2423 1306 2515 ἀναπληρούτω
1328 2453 1403 2495 τοι·

172 2530 258 2595 αῦτα
285 2529 346 2615 γάρ
376 2532 525 2616 λέγοντες
552 2535 610 2597 τοῦ
633 2529 957 2608 ΙΙκατασκευάσαντος
977 2531 1105 2613 μᾶλλον
1128 2524 1308 2597 ἀσθένειαν
1330 2531 1401 2598 δει-

169 2629 290 2710 κνύετε,
315 2631 409 2716 εἰμὴ
433 2635 486 2698 καί
508 2632 610 2717 μόνος
633 2633 747 2715 ἰ’σχυσε
769 2632 1009 2719 δημιουργήσαι
1029 2631 1072 2696 τὰ
1087 2630 1207 2710 πάντα,
1231 2627 1300 2697 όλλ
1319 2632 1401 2710 ἔξω·

168 2735 234 2798 θεν
265 2732 370 2818 ἑαυτῷ
402 2731 541 2819 ὄργανον
563 2734 706 2814 ἐπινοεῖ,
740 2729 850 2818 ώςπερ
872 2738 993 2798 τέκτων
1015 2725 1226 2819 ήναυπηγός
1254 2759 1320 2813 τις,
1354 2733 1402 2817 μή

170 2833 351 2918 δυνάμενος
379 2830 491 2903 ὁτιοῦν
519 2835 741 2922 ἰέργάσασθαι
768 2837 867 2920 χωρίς
890 2833 1076 2919 σκεπάρνου
1097 2837 1150 2900 καί
1174 2840 1321 2920 πρίονος.
1367 2841 1403 2899 τί

170 2924 230 3002 οῦν
251 2935 370 3002 τούτου
393 2931 627 3023 άσεβέστερονς
661 2932 682 3024 ἢ
703 2943 737 3003 τί
759 2938 811 3002 δεῖ
832 2931 1014 3020 διατρίβειν
1037 2931 1123 3013 ὅλως
1145 2934 1179 3000 ἐν
1200 2935 1332 3014 τούτοις
1355 2932 1403 3013 ὡς

171 3035 310 3116 δεινοῖς,
346 3032 515 3123 αῦταρκιῦν
549 3036 653 3106 ὄντων
686 3040 752 3104 τών
780 3042 1029 3123 προειρημένων
1057 3037 1178 3115 δείξαι,
1211 3043 1401 3125 φαντασίαν

168 3134 273 3221 μόνον
303 3131 389 3203 εἰναι
417 3137 460 3204 τὰ
485 3134 563 3224 παρ’
595 3133 720 3219 αῦτών,·
754 3137 839 3222 πρὸς
868 3139 904 3204 δέ
932 3137 990 3225 τήν
1020 3137 1133 3221 ἑτέραν
1162 3133 1270 3205 αῦτιῦν
1293 3135 1400 3226 εῦήθη

170 3233 260 3302 πάνυ
282 3236 338 3303 καὶ
358 3237 473 3323 μωρὰν
495 3238 652 3318 ἐξέτασιν,
674 3237 714 3326 ἢν
734 3238 820 3323 πρὸς
833 3238 875 3305 τὰ
890 3238 1083 3325 γυναικάρια
1099 3236 1403 3318 ποιοῦνται,,υύδὲν

170 3337 232 3422 μέν
254 3337 358 3404 πάλιν
382 3333 458 3405 ούδὲ
480 3342 558 3424 περὶ
580 3339 701 3426 ταύτης
723 3339 817 3427 ἐχρῆν
839 3335 1100 3426 ἀποκρίνασθαι,
1123 3334 1145 3424 ἢ
1165 3343 1263 3405 τοῦτο
1285 3340 1400 3423 μόνον,

18 3457 22 3463 ’
75 3505 78 3509 ,
171 3435 267 3504 δκαί
290 3437 323 3504 έν
346 3449 419 3517 τοίς
441 3440 634 3524 ἔμπροσθεν
657 3439 839 3526 εἰρήκαμεν,
864 3436 918 3507 ότι
938 3441 983 3527 μή
1006 3443 1103 3507 *deor
1117 3441 1175 3528 τήν
1191 3441 1225 3507 έκ
1239 3444 1298 3506 τοῦ
1314 3446 1402 3507 θεοῦ

168 3543 319 3624 γέννησιν
347 3551 543 3627 συμμετρεῖν
571 3545 610 3628 τῇ
640 3544 706 3607 τών
728 3536 920 3628 άνθρώπων
943 3542 1070 3629 φύσει,
1096 3543 1152 3610 ἵνα
1174 3543 1210 3609 δέ
1233 3539 1324 3625 ὅμως
1345 3543 1403 3608 καὶ

171 3636 207 3706 ἰν
228 3638 335 3724 τούτῳ
357 3645 561 3727 καταγνῶσιν
584 3642 724 3723 ἑαυτῶν,
753 3642 854 3708 καλὸν
877 3642 911 3709 έκ
933 3646 999 3708 τῶν
1021 3640 1145 3709 1υιύτιῦν
1167 3642 1271 3709 πάλιν
1294 3640 1405 3722 οῦτως

171 3733 287 3818 αῦτυῒς
310 3735 509 3827 ἀπαντῆσαι.
541 3739 627 3822 ὅλως
649 3743 679 3810 εἰ
701 3743 780 3830 περὶ
801 3744 874 3810 υἱοῦ
897 3743 1129 3811 πυνθάνονται
1143 3750 1275 3830 γονέων,
1299 3744 1402 3810 ἔνθα·

241 3896 264 3956 1)
282 3891 349 3946 loun.
370 3897 392 3954 ί,
414 3897 451 3946 14.

194 4009 226 4046 4ι.
244 3995 343 4057 Seguer.
368 3987 400 4043 σύ
424 3989 579 4065 σώφρονος.
614 3998 666 4048 Μαι
685 3998 758 4060 idem,
844 4015 865 4048 υ.
883 4000 924 4048 Sic
942 4001 1040 4061 Seguer.
1065 4001 1203 4051 moehler.
1221 4000 1402 4052 οῑῖιίσλισλ.

168 4062 310 4114 Gohlerian.
334 4071 356 4111 ot
380 4063 484 4113 Felckm.
501 4065 522 4116 1.
548 4060 757 4131 νομισθήσεται.
809 4059 861 4125 τήν
881 4061 986 4131 μανίαν
1008 4062 1120 4124 μείζονα
1149 4059 1184 4115 ἂν
1205 4061 1269 4134 ἔχει.
1309 4069 1400 4128 Regius

167 4125 231 4180 um
249 4139 273 4180 ιι
290 4130 331 4179 ulii
349 4125 553 4194 λογισθήσεται.
809 4129 899 4198 πολλῷ
915 4129 1028 4199 μείζονα
1054 4127 1090 4182 ἂν
1112 4126 1225 4200 ἀτιμίαν
1242 4127 1299 4201 ln.
1337 4137 1401 4185 Editi

201 4196 225 4245 b.
244 4198 285 4246 Sic
302 4199 441 4260 δικαιώσει.
464 4209 488 4248 ει
506 4201 562 4262 Reg.
597 4201 757 4252 minantem
808 4197 899 4265 πολλῷ
921 4198 1026 4267 μᾶλλον
1047 4195 1099 4261 τήν
1119 4196 1260 4268 ἐπιτιμίαν
1286 4200 1403 4268 μείζονα

166 4260 218 4311 τοῦ
234 4256 344 4319 ἔξωθεν.
381 4267 454 4316 Paulo
479 4276 536 4330 post
553 4268 652 4329 δεεσσε.
672 4260 758 4321 οὕτως
809 4260 845 4316 ἂν
860 4262 927 4346 ίζυι.
963 4270 1037 4320 Paulo
1063 4279 1120 4335 ρσιι
1137 4271 1278 4332 Seguerinn.
1296 4262 1402 4325 ἰξωθιν

166 4321 183 4377 ὅ
200 4325 264 4399 περὶ
281 4330 330 4380 τοῦ
348 4325 416 4382 υἱοῦ.
445 4336 500 4395 Reg.
513 4325 677 4388 οῦτιοςκαίό
695 4330 758 4403 περὶ
809 4327 902 4384 αῦτου.

166 4393 217 4444 τοῦ
245 4391 314 4448 νίυῦ.
350 4400 413 4450 Editi
444 4392 531 4455 οὕτως
553 4397 598 4450 ταί
621 4396 684 4468 περὶ
708 4401 759 4451 τοῦ
842 4404 866 4452 δ.
884 4405 1024 4482 δεραιιίεσ.
1045 4401 1206 4468 σκιαλογιῦν.
1234 4405 1297 4455 Εδίιί
1316 4413 1340 4454 et
1357 4406 1401 4454 alii

163 4455 235 4513 νίοῦ.
809 4465 966 4536 σκωλυγαν.
