2948 5092
454 253 563 299 uerso
579 255 612 299 n.
629 255 894 323 conmissurus.
1218 245 1279 308 361

62 407 191 472 auibus
213 406 289 486 agit,
322 404 391 485 quia
412 404 468 467 hae
489 404 608 484 quidem
631 405 776 479 existunt,
805 413 835 468 ot
856 405 977 469 verbum
1000 397 1116 471 illorum
1139 410 1213 472 nihil
1235 418 1369 474 estraes.

60 509 237 573 emimus.
281 505 410 571 Verbum
436 514 534 569 autem
560 507 630 580 Dei,
658 516 692 568 ut
719 507 761 569 ait
786 507 961 588 Apostolus,
993 515 1097 574 oioeoe
1119 523 1149 574 et
1169 511 1284 594 esfieea

59 622 96 675 eet
123 611 187 674 Dei
215 608 343 672 Verbum
358 617 400 671 «et
423 608 644 689 penetrabilius
677 612 760 672 omni
784 609 884 689 plodio
913 615 1041 692 ancipiti
1060 623 1089 674 et
1107 618 1283 694 pertingens

58 731 148 795 eique
174 712 217 773 od
244 712 421 773 diuisionem
448 714 566 772 animm
594 728 630 772 oe
652 712 799 791 spiritua,
833 700 1006 794 compagem
1027 732 1142 795 quoque
1163 734 1199 777 ae
1220 734 1284 778 πιο-

59 812 224 884 bellam,
247 823 277 876 et
297 813 391 875 tates
411 823 456 874 est
477 812 705 874 meditationum
727 822 757 872 et
779 816 994 891 cogitationem
1015 815 1125 885 cordis,
1148 800 1284 880 neentis

60 933 101 977 ees
129 923 242 977 erecte
268 910 319 975 ilii
346 909 465 976 oeet'tita
491 923 554 985 eet,
586 913 639 975 sed
667 917 768 975 omnia
794 913 878 975 nodo
904 925 933 976 et
959 926 1070 996 operta
1092 928 1164 978 tout
1187 917 1282 980 oralia

61 1021 128 1087 elta,
152 1012 196 1077 et
218 1014 298 1095 qaod
317 1014 403 1076 nobis
425 1024 472 1075 eet
494 1031 605 1077 sermo.
639 1012 746 1094 Opilex
768 1000 935 1092 igiturest,
957 1023 987 1078 et
1009 1016 1075 1078 sine
1093 1017 1160 1097 ipso
1176 998 1284 1081 iaetuni

61 1126 100 1179 est
121 1114 211 1208 nibil,
232 1133 289 1177 neo
309 1114 419 1195 aliquid
440 1114 553 1194 absque
574 1113 747 1195 illo-potest
767 1115 840 1176 lieri.

338 1218 368 1277 0

138 1322 194 1385 36.
239 1317 302 1380 Nec
322 1336 393 1378 aero
416 1316 584 1396 quaerenda
608 1327 655 1378 est
675 1316 762 1390 ratio,
785 1335 837 1379 tur
858 1315 910 1378 Dei
932 1316 1060 1380 Verbum
1083 1338 1144 1381 non
1165 1319 1223 1383 tale
1244 1320 1285 1384 sit

61 1420 142 1501 quale
163 1429 320 1492 nostrum,
343 1419 580 1498 quandoquidem
602 1436 669 1479 non
686 1418 752 1480 talis
775 1427 821 1480 est
842 1417 921 1480 ileue
944 1419 1045 1498 quales
1068 1439 1136 1494 nos,
1159 1423 1201 1483 uti
1223 1421 1284 1485 iarn

60 1522 196 1584 mimus.
240 1520 303 1582 Nee
330 1520 419 1582 etiam
447 1520 625 1599 investigare
653 1519 792 1581 convenit
823 1509 973 1599 quomodo
1001 1521 1129 1584 Verbum
1157 1542 1193 1584 ex
1221 1503 1285 1586 ileo
1386 1508 1389 1515 ¹

60 1633 115 1698 eet,
138 1641 240 1703 quove
263 1622 353 1683 modo
375 1622 517 1702 splendor
539 1622 578 1683 sit
598 1620 669 1695 Ilei,
697 1629 751 1693 aut¹
769 1622 920 1701 quomodo
943 1622 1037 1702 gignit
1058 1623 1152 1698 Deus,
1181 1625 1285 1704 quiere

60 1725 102 1787 ille
120 1724 168 1787 sit
188 1723 243 1785 Dei
265 1724 403 1803 gignendi
433 1723 551 1785 modus.
594 1723 720 1784 insanus
750 1723 828 1784 eninr
858 1723 962 1785 is0est
988 1722 1205 1799 aeslinrandus,
1236 1725 1286 1807 qui

60 1824 111 1888 ista
134 1825 267 1888 mutari
287 1843 349 1886 non
370 1824 533 1899 verebitur,
563 1825 672 1906 quippe
699 1825 750 1904 qui
772 1825 936 1900 existimet,
964 1845 1030 1888 rem
1051 1826 1374 1908 inexplicabilemraet.

60 1927 236 2007 divinaeque
257 1928 408 2008 propriam
431 1936 562 1999 naturae,
585 1925 642 1987 soli
663 1924 725 1988 Deo
748 1945 782 1988 ae
803 1927 877 1989 l'ilie
900 1927 1058 2007 cognitam,
1080 1947 1171 2008 posse
1188 1929 1308 1994 verbis*

61 2027 194 2110 exprimi.
239 2027 321 2090 ldem
344 2029 422 2089 enim
445 2035 492 2090 est
512 2029 646 2107 prolecto
668 2047 703 2090 ae
724 2028 749 2089 si
773 2028 830 2108 ipsi
847 2038 1033 2108 quaererent,
1057 2029 1175 2092 ubinam
1191 2049 1288 2110 quoru

60 2130 147 2192 nodo
171 2129 215 2191 sit
234 2129 331 2203 Deus,
355 2139 385 2191 et
406 2129 501 2209 qualis
523 2126 680 2191 sitil’ater.
724 2129 762 2190 Ut
784 2148 855 2210 ergo
877 2131 915 2192 de
937 2128 1005 2192 istis
1028 2130 1117 2193 rebus
1141 2131 1289 2197 sciscitari

24 2284 29 2291 ,
60 2230 182 2293 nonnisi
212 2229 371 2310 impiorum
401 2239 431 2293 et
458 2232 550 2292 Deum
582 2231 783 2310 ignorantium
811 2240 873 2305 est,
906 2232 947 2294 ita
978 2232 1046 2294 talia
1074 2233 1111 2294 de
1139 2232 1204 2295 Filii
1236 2233 1290 2295 Dei

61 2332 253 2412 generatione
275 2333 385 2394 audere
408 2333 557 2412 indagare,
580 2331 732 2412 Deumque
748 2331 861 2396 ac'eius
879 2334 1053 2414 sapientiam
1069 2344 1172 2396 nostra
1187 2343 1293 2399 natura

60 2443 90 2496 et
114 2433 289 2496 infirmitate
317 2434 432 2508 metiri,
464 2453 592 2514 prorsus
627 2435 710 2495 nelas
747 2443 803 2496 est.
846 2434 913 2497 Non
947 2435 1057 2497 idcirco
1091 2445 1187 2497 tamen
1222 2435 1293 2514 quid

59 2546 178 2616 praeter
200 2536 353 2598 veritatem
376 2537 505 2614 cogitare
533 2535 616 2609 licet,
647 2555 703 2598 nee
732 2534 759 2598 si
787 2536 853 2615 quis
876 2535 975 2597 iubis
998 2536 1184 2616 exquirendis
1207 2537 1292 2598 dele·

59 2641 143 2710 uerit,
167 2637 259 2699 debet
280 2638 368 2699 etiam
391 2639 478 2698 iidem
501 2638 673 2717 scripturae
696 2637 848 2717 derogare.
892 2637 1044 2718 Siquidem
1066 2645 1199 2717 praestat
1218 2637 1291 2700 hae·

61 2740 191 2800 ditantes
220 2738 309 2800 silere
337 2748 367 2800 et
395 2739 532 2814 eredere,
565 2757 651 2818 quam
681 2737 759 2800 nolle
781 2738 919 2810 eredere,
947 2739 1015 2818 quia
1037 2738 1292 2800 haesitaverimus.

59 2840 135 2902 Nam
159 2840 203 2913 is,
226 2840 277 2919 qui
298 2840 440 2915 haesitat,
463 2841 576 2902 veniam
599 2840 697 2918 aliquo
720 2839 811 2900 modo
833 2846 934 2918 potest
954 2839 1109 2919 consequi,
1132 2848 1291 2918 propterea

60 2942 159 3022 quod,
188 2941 306 3002 tametsi
329 2950 477 3004 scrutatus
500 2940 562 3013 esi,
592 2951 690 3003 tamen
713 2939 891 3019 conquievit.
937 2939 994 3012 Qui
1017 2950 1114 3001 autem
1137 2941 1205 3018 quia
1227 2940 1293 3019 ipse
1379 2935 1384 2945 “

60 3042 201 3116 haesitat,
224 3062 268 3114 ea,
292 3061 366 3122 quae
388 3044 509 3108 minime
532 3043 653 3117 decent,
676 3042 764 3104 audet
786 3040 972 3105 comministri
991 3051 1078 3121 atque
1100 3041 1217 3127 indigna
1233 3040 1295 3103 Deo

60 3144 215 3225 loquitur3
237 3144 346 3206 nullam
368 3145 395 3205 is
410 3147 544 3224 proiecto
564 3144 739 3206 temeritatis
755 3162 827 3204 suae
842 3143 957 3204 reniam
973 3141 1126 3204 obtinebit.
1161 3143 1294 3222 Namque
1389 3176 1392 3188 ·

62 3247 95 3308 in
126 3245 214 3308 hisee
245 3246 465 3308 difficultatibus
502 3256 604 3326 potest
640 3245 777 3307 solatium
809 3244 927 3324 aliquod
965 3263 1001 3305 ex
1033 3244 1140 3306 divinis
1173 3242 1314 3306 haurire>

62 3347 240 3428 Scripturis,
263 3347 302 3408 ita
324 3356 357 3408 ut
378 3367 453 3428 quae
476 3349 585 3428 scripta
608 3355 678 3409 eunt
699 3356 780 3408 reete
801 3345 944 3425 intelligat
965 3355 1158 3425 nostrumque
1173 3344 1297 3407 verbum

63 3449 174 3510 lrabeat
196 3449 291 3510 instar
313 3450 446 3530 exempli,
463 3458 493 3511 et
513 3449 661 3528 imaginis.
705 3449 744 3510 Ut
766 3449 846 3510 enim
868 3449 989 3510 verbum
1004 3456 1141 3510 nostrum
1157 3467 1193 3508 ex
1207 3445 1295 3510 nobis

64 3559 127 3625 est,
158 3569 215 3611 nen
236 3551 354 3630 aliquod
377 3560 423 3613 est
445 3571 521 3632 opus
545 3559 628 3612 extra
650 3570 707 3612 nos
730 3552 855 3623 lactum;
883 3551 923 3612 ita
945 3559 975 3612 et
997 3550 1048 3610 Dei
1072 3549 1200 3611 Verbum
1222 3567 1295 3630 pro·

62 3652 166 3733 prium
195 3670 232 3712 ex
259 3651 309 3713 illo
340 3661 401 3727 est,
429 3672 485 3715 nee
513 3671 590 3732 opus
618 3652 736 3731 aliquod
767 3660 827 3726 est,
856 3669 912 3714 nee
933 3651 1022 3713 etiam
1044 3651 1123 3712 velut
1143 3648 1298 3711 hominum

64 3754 199 3815 verbum
244 3753 380 3832 Alioquin
409 3755 503 3816 ileum
531 3755 683 3817 bominem
712 3773 781 3815 esse
809 3753 931 3817 omnino
961 3761 1043 3813 esset
1064 3751 1298 3839 intelligendum.

63 3853 185 3917 Etenim
208 3853 335 3934 plurima
357 3864 388 3917 et
409 3855 526 3918 diversa
547 3855 703 3918 hominum
724 3854 814 3918 verba
836 3854 967 3935 quotidie
995 3861 1201 3933 praetereunt,
1230 3851 1300 3931 quia

99 4091 122 4124 e.
142 4076 243 4137 Segner.
261 4067 353 4140 λόγοις
370 4067 446 4126 αὐτό.
475 4075 660 4127 conlaetetur.
746 4076 768 4125 b.
787 4075 894 4126 retum.
912 4075 935 4125 b.
954 4074 1011 4127 soie
1027 4069 1191 4141 γενομένοις.
1278 4090 1283 4098 ·

67 4143 91 4194 l.
110 4148 135 4193 et
154 4143 176 4192 t.
194 4135 289 4208 λόγοις
306 4135 388 4210 ubrtp‘.
424 4145 486 4195 Editi
511 4154 534 4194 et
559 4146 599 4194 ulli
616 4137 660 4193 λό-
744 4146 760 4193 i.
778 4145 879 4205 Seguer.
897 4143 953 4206 lleg.
973 4144 1070 4194 Gobler.
1090 4134 1300 4215 l'elelm.l.et⁴3

61 4224 107 4276 ΥΦ
126 4201 210 4276 ⁸¹3¹&-
710 4204 757 4289 titis
774 4204 806 4290 fb
825 4201 947 4290 ἆπρρεῖν.
974 4211 1037 4261 bibiti
1050 4225 1105 4260 sero
1119 4217 1142 4258 et
1152 4209 1193 4258 alil
1203 4199 1250 4271 biii
1267 4219 1300 4253 ao

99 4314 115 4362 l.
135 4313 278 4391 Sequeriau.
303 4313 401 4364 Gobler.
426 4312 530 4363 Felelm.
551 4313 573 4362 l.
593 4320 617 4363 et
633 4312 659 4364 t.
709 4292 891 4396 μηιαξζῗὲΐ
906 4346 956 4407 Res
982 4344 1087 4395 mcum·
1097 4345 1121 4393 4¹
1133 4351 1157 4392 e,
1167 4343 1190 4393 5¹
1201 4335 1249 4390 διὰ
1266 4332 1299 4390 “a

62 4375 200 4434 mma
711 4364 833 4479 euberti
868 4384 912 4465 tut
927 4382 1018 4463 elediti
1034 4403 1300 4476 debebpipdnoptia
1376 4440 1381 4460 t

100 4497 126 4546 g.
144 4483 248 4544 Seguer.
266 4472 321 4530 itt
341 4473 373 4532 ob
391 4475 439 4531 διὰ
457 4479 548 4532 tabeo.
746 4482 762 4531 l.
781 4484 851 4534 Gobl.
862 4481 1030 4533 eliciebant.
1047 4472 1152 4536 ἔξωθεν
1167 4471 1197 4536 ἐξ
1213 4471 1300 4546 ripdot
