2948 5092
648 215 822 260 messio.
920 193 928 207 '
1188 246 1191 251 .
1312 211 1355 276 23
1420 193 1423 198 ’

131 369 187 450 pn'a
215 366 377 448 undosus
404 365 461 429 init
491 383 620 447 uuquam
648 372 783 427 remctm
811 365 848 428 ah
876 365 1084 448 philosophiae
1112 371 1212 434 studio
1235 384 1265 436 et
1285 394 1354 451 usn,

128 469 304 552 Epiphanius
336 468 473 548 prolecto
507 466 535 528 is
565 476 627 541 est,
660 466 768 528 vindex
800 466 850 528 ille
879 466 1046 531 traditionis
1075 472 1250 536 acerrimus.
1293 477 1353 540 hc·

127 572 194 635 cedit
215 571 300 651 quod
332 566 451 648 plebeio
486 567 558 631 stilo
590 585 665 639 usus
696 576 759 640 est,
791 587 849 653 quo
882 569 1003 632 nomine
1035 570 1094 634 iam
1125 581 1245 636 notatus
1267 586 1353 641 eata

125 672 224 736 lhotio
245 670 316 734 cod.
342 671 415 735 124.
442 664 503 753 τὴν
531 665 568 735 bb
590 664 714 755 φράσιν
734 663 894 745 ταπεινός
914 691 951 735 τε
978 671 1033 735 καὶ
1056 664 1113 736 οἷα
1135 671 1222 751 εἰκὸς
1240 667 1353 742 Ἀττι-

126 775 175 859 κῆς
199 770 365 847 παιδείας
391 761 591 855 ἀμελέτητον
625 766 802 854 τυγχάνειν.
861 763 943 833 ldeni
971 771 1074 835 vitium
1104 775 1234 838 fortasse
1263 779 1351 841 etiam

125 874 317 955 Hieronymus
342 873 379 934 de
402 871 474 934 viris
496 872 602 935 illustr.
625 892 651 934 e.
676 876 746 937 114.
771 872 877 935 tectius
900 872 1066 953 significare
1087 877 1188 949 voluit,
1212 877 1261 939 uhi
1277 878 1351 960 lipi-

124 977 224 1056 phanio
247 975 406 1037 etiamtum
429 974 592 1052 superstite
615 973 665 1047 ait,
688 974 772 1036 illins
795 977 912 1055 scriptu
934 976 970 1038 ab
987 977 1115 1039 eruditis
1134 991 1268 1059 propter
1291 998 1350 1053 rea,

124 1076 400 1158 rnnpiicicribss
420 1086 554 1157 propter
574 1075 668 1137 verbo
696 1073 838 1137 lectitari.
881 1075 984 1155 ltaque
1006 1077 1172 1140 Ancoratus
1201 1078 1271 1141 licet
1298 1098 1350 1142 ac·

124 1172 328 1242 commodatus
345 1175 385 1237 sit
400 1176 429 1238 ei
444 1174 581 1249 consilio,
604 1193 663 1254 quo
680 1194 747 1237 eum
763 1175 798 1237 ah
811 1175 983 1238 Tommasio
999 1177 1112 1240 editum
1130 1197 1198 1240 esse
1209 1180 1351 1256 diximus,

123 1289 212 1343 tamen
235 1280 281 1341 ita
303 1286 496 1359 comparatus
518 1283 575 1350 est,
598 1284 631 1339 ut
653 1276 796 1352 rationes,
819 1278 925 1358 quihus
942 1296 998 1341 uos
1015 1279 1160 1352 ducimur,
1184 1280 1221 1341 ah
1244 1282 1349 1343 eodem

123 1381 147 1442 in
176 1379 397 1443 Bibuouecam
430 1377 590 1439 inserendo
612 1395 670 1439 nos
698 1385 831 1440 avocent.
875 1379 1019 1442 Nimirum
1048 1381 1104 1442 riri
1133 1380 1210 1442 illius
1241 1368 1349 1444 eruditi

123 1483 288 1545 institutum
322 1478 408 1554 luit,
429 1480 540 1559 scripta
561 1478 704 1558 quaedam
724 1488 852 1559 patrum,
875 1479 1036 1561 inquibus
1060 1499 1175 1543 summa
1198 1481 1356 1545 doctrinae

124 1584 298 1646 christianae
333 1581 464 1643 breviter
496 1579 637 1652 traditur,
676 1581 707 1642 in
741 1581 985 1644 institutionibus
1021 1582 1194 1661 theoloqicis
1228 1582 1349 1645 collecta

123 1686 221 1757 edere,
251 1683 335 1748 sicut
361 1682 393 1744 in
415 1683 513 1744 iroute
535 1680 607 1742 torni
634 1681 723 1760 primi
751 1682 826 1743 haec
851 1681 990 1761 leguntur
1017 1682 1120 1744 verba:
1150 1682 1349 1762 complectens

124 1787 284 1850 nonnose
306 1785 447 1847 ordinem
467 1794 636 1862 temporam
658 1782 805 1863 opuscolo
827 1795 892 1846 snm
913 1783 1010 1845 latinu
1033 1793 1095 1846 tona
1115 1802 1238 1864 praeca,
1274 1801 1350 1864 qima

125 1889 232 1950 editum
261 1892 448 1966 manumque
475 1883 670 1964 patefaciunt
691 1885 731 1947 cd
753 1883 954 1947 ecclesiastico
988 1886 1134 1965 dopmoto.
1179 1883 1211 1945 lu
1235 1903 1295 1968 quo
1318 1885 1349 1947 id

125 1988 205 2050 simul
226 1986 385 2068 spectarit,
407 1993 443 2046 ut
461 1983 621 2046 lectoribus
644 1984 889 2064 persuaderetur,
912 1986 1020 2047 veteris
1042 1985 1185 2047 ecclesiae
1208 1985 1348 2047 doctores

125 2087 150 2150 'n
170 2089 301 2152 decretis
324 2085 481 2167 religionis
504 2084 681 2146 christianae
696 2086 733 2146 ad
748 2085 917 2147 traditionis
940 2105 1075 2148 normam
1091 2086 1251 2148 tractandis
1273 2105 1347 2147 eau-

126 2189 184 2252 dem
205 2189 372 2251 ohservare
394 2186 580 2258 methodum,
602 2205 689 2266 quam
705 2187 794 2248 hodie
817 2187 941 2248 ecclesia
963 2205 1087 2248 romana
1103 2194 1210 2248 teneat.
1255 2186 1348 2249 Nobis

126 2308 187 2352 iero
209 2290 292 2352 aliud
315 2307 385 2351 esse
406 2287 608 2370 propositum,
631 2287 704 2350 satis
727 2306 876 2368 superque
898 2289 956 2349 iam
979 2288 1088 2350 dictum
1112 2296 1166 2350 est.
1211 2287 1349 2351 Ceterum

125 2410 206 2470 quum
220 2390 425 2472 Epiphaniam
450 2391 480 2449 in
505 2386 657 2449 manibus·
670 2387 843 2462 habeamus,
865 2407 1099 2450 commemorare
1121 2389 1201 2450 lubet
1223 2389 1347 2451 alterurn

125 2492 250 2555 eiusdem
271 2490 416 2563 libellum,
439 2486 601 2570 σύντομον
630 2480 740 2573 ἀληθῆ
763 2485 860 2572 λόγον
887 2488 965 2573 περὶ
993 2493 1139 2565 πίστεως
1166 2488 1349 2574 antiohenis

123 2592 169 2657 aci
191 2584 422 2675 ἇποστολικῆς
443 2585 629 2672 ἐκκλησίας,
650 2589 699 2669 qui
721 2599 859 2669 tanquam
882 2591 1011 2653 clausula
1034 2592 1131 2671 magni
1155 2592 1191 2652 de
1213 2592 1347 2653 haeresi-

122 2694 171 2757 bus
204 2693 310 2774 operis
334 2711 350 2753 a
372 2692 491 2754 Petavio
525 2692 612 2752 Tom.
634 2690 658 2751 1.
692 2710 722 2771 p.
754 2694 845 2756 1078.
875 2712 919 2772 sq.
954 2704 984 2754 et
1015 2693 1173 2772 separatim
1207 2691 1347 2754 itidema

122 2795 291 2857 i'ommasio
315 2793 402 2855 Tum.
423 2793 475 2854 lu.
497 2811 526 2873 p.
543 2794 615 2857 399.
640 2811 684 2871 sq.
709 2791 805 2854 editus
828 2801 884 2854 est.
928 2793 961 2854 ln
983 2793 1041 2854 hoc
1057 2810 1116 2853 non
1138 2792 1233 2863 solum
1249 2791 1348 2863 iidem,

122 2898 285 2959 sedetiam
308 2893 385 2956 ritus
408 2901 615 2974 etpraeoepta
638 2911 798 2972 moresque
827 2904 913 2972 atque
935 2891 1101 2953 universam
1132 2891 1226 2953 ideam
1250 2891 1346 2953 eccle·
1444 2972 1446 2977 ⁴

120 2999 176 3060 siae
206 2996 375 3059 catholicae
402 2993 587 3057 adumbravit
613 2994 653 3055 ita
682 3000 715 3054 ut
741 2993 797 3066 iis,
833 2995 883 3073 qui
910 2991 1084 3055 memoriam
1115 2992 1158 3053 rel
1189 2993 1347 3072 imaginem

120 3099 259 3160 redesiae
281 3096 362 3158 illius
384 3095 488 3157 aetatis
503 3104 729 3176 repraesentare
740 3095 852 3168 volunt,
875 3095 1000 3156 maxime
1023 3093 1274 3156 commendandus
1297 3095 1346 3156 sit.
1425 3096 1432 3121 ¹

119 3200 262 3261 Similiter
289 3197 497 3258 Theodoretus
525 3197 555 3256 in
578 3192 758 3280 Αἱρατικῇς
784 3197 991 3276 κακομυθίας
1019 3190 1162 3278 ἐπιτομῇ
1189 3205 1346 3275 postquam

119 3312 246 3379 quatuor
269 3296 422 3378 prioribus
443 3296 528 3359 libris
556 3297 669 3358 fabulas
698 3297 861 3358 haereticas
890 3296 1052 3370 enarravit,
1080 3304 1213 3358 extremo
1242 3297 1346 3375 quinto

120 3402 194 3462 lihro
216 3400 278 3462 illis
299 3393 342 3461 τὰ
363 3401 445 3462 θεῖα
468 3393 625 3480 δόγματα,
650 3397 732 3458 falsis
749 3416 827 3470 vera,
849 3396 931 3459 brevi
952 3397 983 3458 in
1006 3404 1166 3478 conspectu
1190 3398 1346 3476 opposuit:
1409 3446 1412 3451 .

120 3520 204 3580 quem
227 3501 339 3562 iihrum
362 3499 553 3560 Tommasius
580 3497 779 3577 praetermisit
807 3498 933 3559 tortasse
961 3509 1120 3579 propterea
1143 3497 1223 3578 quod
1245 3498 1345 3559 Theo·
1398 3533 1404 3547 ι

121 3603 244 3663 doretus
267 3619 304 3662 ex
326 3601 474 3662 sententia
489 3598 632 3662 ecclesiae
654 3597 813 3660 catholicae
828 3617 891 3660 uon
905 3599 935 3660 in
956 3611 1081 3679 potrum
1104 3616 1228 3660 numero
1250 3599 1345 3660 lrabe-

122 3712 182 3777 tur,
217 3721 387 3782 quanquam
419 3703 444 3762 is
467 3700 640 3763 Tertulliani
668 3700 739 3761 item
767 3699 803 3761 ah
835 3701 893 3762 hoc
915 3718 1039 3762 numero
1069 3698 1181 3761 exclusi
1215 3717 1344 3779 opuscu-

121 3805 178 3866 lum
213 3805 339 3885 reeepit.
406 3803 536 3881 lienique
576 3802 613 3863 de
642 3800 853 3880 chrysostomo
893 3800 975 3862 hrevi
1012 3800 1165 3878 defungar.
1241 3801 1345 3863 Sciunt

122 3924 237 3980 omnes,
269 3904 321 3984 qui
343 3903 457 3983 scripta
478 3903 523 3964 vel
545 3903 648 3965 leviter
669 3901 880 3981 inspexerunt,
903 3901 1100 3963 clarissimum
1129 3900 1208 3961 hunc
1235 3903 1344 3965 veteris

120 4007 260 4069 eeclesiae
288 4013 444 4068 oratorem
473 4005 503 4065 in
532 4002 762 4083 interpretandis
789 4002 901 4083 populo
925 4001 1083 4081 scripturis
1106 4001 1199 4063 sacris
1222 4005 1343 4064 omnino

120 4111 204 4172 etiam
226 4127 303 4189 quae
324 4105 363 4169 ad
393 4105 483 4167 fidem
504 4105 688 4186 pertineant,
716 4103 780 4166 suis
808 4104 882 4166 locis
911 4111 1071 4175 tractasse,
1100 4102 1152 4164 sed
1175 4112 1271 4167 tamen
1293 4123 1344 4165 re-

118 4223 225 4274 motum
242 4211 341 4272 luisse
364 4206 403 4268 ab
432 4206 480 4267 illa
508 4206 679 4285 disputandi
703 4205 879 4278 subtilitate,
909 4223 966 4284 qua
988 4203 1061 4266 alios
1084 4212 1220 4266 oratores
1241 4223 1345 4267 sacros

115 4316 227 4376 illorum
250 4324 430 4393 temporum
453 4308 588 4386 aequales
610 4307 698 4369 etiam
713 4309 751 4369 de
772 4306 996 4368 sublimioribus
1019 4305 1164 4386 dogmatis
1186 4315 1245 4367 tum
1270 4325 1344 4367 eon-

117 4417 253 4480 troversis
269 4417 501 4480 commentatos
517 4428 584 4472 esse
599 4417 738 4472 testatum
755 4418 810 4471 est.
841 4408 1008 4470 Secundum
1025 4406 1208 4487 disciplinam
1227 4406 1346 4471 scholae
