2948 5092
404 243 548 293 namu
562 246 601 290 nr
616 246 782 291 sanmnrn
796 231 936 295 arontam.
1237 238 1278 301 97

138 406 168 468 2.
210 401 242 463 Si
264 419 355 482 quam
376 399 466 480 igitur
479 397 642 461 sententiae
657 390 779 460 dictisve
798 399 862 461 suis
878 397 1013 461 fiduciam
1028 400 1148 476 hahent,
1168 403 1370 466 nodamenta·

66 505 141 569 nolis
160 501 311 567 amorim
332 519 418 563 suom
440 501 606 580 proferant,
636 498 763 579 hincque
791 500 902 579 liquido
932 501 1092 563 ostendant
1118 503 1222 578 nobis,
1252 507 1279 566 si

64 606 131 686 quod
151 623 186 667 so
206 601 456 684 punctuates,
478 601 525 662 rel
547 600 755 681 exscriptoris
770 608 901 663 sumtum
917 611 968 664 aut
981 602 1085 665 saltem
1108 604 1279 679 humanum,

61 709 106 771 sod
123 706 206 787 pium
235 714 336 767 tamen
357 718 413 782 pro
436 720 490 764 sua
510 699 684 764 defensione
705 711 927 781 argumentum
956 704 1002 766 sin
1034 724 1103 766 vero
1133 705 1280 770 eiusmodi

59 808 124 872 nait
143 806 273 879 habnt,
302 803 426 877 sileam
454 820 598 882 nusquam
627 801 705 864 enim
733 803 846 883 quidvis
868 804 1017 866 inventuri
1039 815 1122 879 sunt,
1144 807 1215 868 nisi
1244 825 1281 868 ex

57 929 108 991 quo
127 907 226 989 magis
247 905 404 985 magisque
429 911 635 983 coarguantur.
678 903 751 965 Nam
778 905 810 966 in
838 905 1001 984 scripturis
1030 907 1122 969 sacris
1150 907 1279 971 loannes

56 1012 104 1074 ait:
130 1010 171 1074 ln
193 1009 353 1091 prmdpa‘o
382 1016 451 1068 erm
474 1004 615 1076 Varium,
643 1006 722 1083 quod
745 1006 839 1079 (aiunt
860 1006 932 1086 ipsi)
954 1025 1014 1073 non
1037 1017 1101 1069 erat
1121 1016 1278 1086 numquam

56 1114 238 1193 peractum
265 1107 359 1170 David
386 1125 458 1167 vcro
485 1125 521 1167 ex
542 1105 638 1167 Patris
666 1124 795 1185 persona
822 1108 861 1169 ita
889 1107 1002 1187 psallit:
1035 1107 1195 1171 Eructavit
1226 1127 1281 1172 cor

54 1232 144 1276 mn
168 1210 300 1274 Verisa
321 1211 441 1279 donum,
464 1207 543 1286 qood
565 1206 625 1287 ipsi
646 1216 782 1270 asserunt
797 1209 961 1270 secundum
976 1209 1183 1288 cogitationem
1199 1209 1278 1270 don·
1323 1285 1329 1295 =

55 1321 127 1375 tuat
147 1330 219 1374 esse
241 1320 331 1374 etex
353 1306 629 1372 non-exstantibus
651 1309 756 1370 metum
779 1309 1096 1389 luisse310annesque
1118 1310 1225 1371 iterum
1247 1309 1280 1370 in

54 1413 208 1494 Enngelio
230 1412 318 1475 dicit:
352 1411 459 1472 Omnia
483 1428 543 1491 par
570 1414 669 1490 aptum
695 1411 778 1490 sacta
807 1422 895 1481 runt,
924 1422 954 1472 ot
982 1415 1047 1473 rinc
1074 1416 1138 1491 ipro
1161 1413 1280 1491 suctum

55 1528 95 1579 att
114 1514 209 1587 arist,
238 1512 407 1592 Paulusque
434 1512 474 1573 ita
501 1509 619 1573 scribit:
653 1509 735 1574 linas
758 1511 905 1574 Domr'nao
927 1511 1015 1575 lesus
1040 1512 1193 1582 Gloriatur,
1219 1530 1281 1593 por

54 1636 132 1699 quat
152 1619 267 1688 onnia,
290 1622 320 1676 et
340 1611 425 1674 alibi:
447 1617 589 1694 quonium
609 1616 643 1676 air
663 1616 732 1693 a'pso
755 1624 855 1676 erecto
877 1623 950 1675 sant
973 1618 1081 1676 omniu.
1126 1613 1204 1686 Quid
1219 1612 1278 1691 igi-

54 1730 100 1780 ter
118 1716 179 1780 tuis
200 1715 328 1778 fiduciae
349 1715 507 1794 supererit,
529 1714 589 1775 imo
612 1714 722 1794 potius,
746 1732 800 1793 qua
823 1732 883 1774 non
907 1713 987 1793 digni
1003 1721 1090 1775 erunt
1104 1713 1278 1793 ignominia,

55 1817 290 1899 quandoquidem
312 1816 489 1878 Sanctorum
511 1816 666 1877 sententiis
689 1815 897 1889 adversantur,
920 1834 986 1877 eum
1009 1815 1117 1888 dicant,
1144 1815 1278 1876 omnium

56 1920 195 2000 Opifieem
224 1918 376 1998 opificium
404 1935 489 1988 esse,
522 1936 557 1978 ac
582 1936 645 1978 rem
674 1925 800 1978 creatam
829 1936 897 1978 esse
926 1935 1009 1987 eum,
1043 1916 1073 1977 in
1096 1935 1155 1995 quo
1179 1915 1278 1977 omnia

56 2032 146 2084 outa
168 2027 242 2082 sunt
263 2028 294 2081 et
315 2008 507 2080 consistunt?
550 2018 594 2079 Ne
621 2019 748 2080 humana
771 2019 889 2097 quidem
911 2018 969 2079 ulla
991 2018 1082 2090 ratio,
1113 2035 1187 2096 quae
1210 2016 1278 2095 pie·

57 2131 141 2184 tatem
161 2121 275 2201 sapiat,
304 2119 364 2181 illis
392 2119 429 2179 ad
451 2119 497 2179 sui
520 2119 724 2180 defensionem
746 2120 932 2199 relinquitur.
978 2119 1053 2192 Quis
1076 2118 1155 2179 enim
1177 2116 1278 2179 homi·

56 2241 132 2295 num,
154 2221 363 2283 sireGraecus
385 2220 446 2282 sive
456 2219 614 2292 Barbarus,
636 2239 724 2299 quem
738 2220 833 2282 Deum
855 2220 1021 2293 confitetur,
1044 2219 1170 2282 eundem
1193 2237 1279 2280 crea·

58 2333 146 2384 turam
175 2341 247 2384 csse
274 2320 384 2382 dixerit
411 2330 543 2382 autnon
566 2321 660 2383 luisse
681 2331 837 2402 antequam
860 2319 968 2383 lieret?
1010 2322 1068 2382 Aut
1090 2321 1156 2399 quis
1178 2319 1279 2381 homi·

59 2442 141 2497 num,
169 2442 238 2486 cum
265 2422 349 2484 illum
377 2422 521 2494 audierit,
550 2441 637 2500 quem
658 2441 751 2483 unum
773 2422 866 2483 credit
887 2440 956 2482 esse
976 2421 1088 2496 Deum,
1117 2421 1279 2484 dicentem:

60 2523 112 2586 llic
130 2523 286 2587 stafilius
307 2542 392 2585 mous
415 2523 550 2594 dilectas,
573 2532 617 2584 et:
640 2524 800 2585 Eructavit
823 2540 876 2584 cor
897 2542 992 2584 mmm
1012 2523 1138 2585 l'ertant
1161 2524 1280 2607 lanum,

62 2626 131 2686 ausit
151 2625 268 2687 dicere:
291 2623 420 2685 Verbum
442 2624 521 2704 quod
544 2644 579 2684 ex
602 2624 654 2685 Dei
677 2624 767 2685 corde
790 2642 983 2703 progressum
1008 2631 1064 2697 est,
1087 2642 1123 2685 ex
1143 2641 1280 2685 non-ex-

64 2726 199 2812 stantibus
221 2727 330 2786 lactum
353 2733 417 2797 est,
439 2733 503 2786 aut:
519 2725 610 2786 Filius
632 2733 729 2786 creata
751 2742 801 2785 res
825 2733 881 2793 est„
905 2742 965 2784 non
987 2723 1109 2802 propria
1128 2723 1280 2802 loquentis

65 2824 179 2902 proles?
221 2827 264 2887 alc
284 2843 405 2886 rursum
428 2825 504 2905 quis,
528 2826 553 2885 si
577 2845 656 2898 eum,
677 2844 764 2904 quern
787 2824 946 2885 [loannem
969 2833 999 2884 et
1014 2823 1195 2884 Salinatorem
1211 2839 1282 2884 esso

68 2928 165 2999 eredit,
192 2927 296 2988 audiat
323 2926 488 2988 dicentem:
517 2926 579 3005 Epo
606 2931 640 2989 in
662 2927 754 2988 Patre
782 2936 811 2987 ct
835 2925 926 2987 Potor
947 2928 980 2985 ia
1001 2944 1061 2995 me,
1090 2933 1134 2986 et:
1166 2924 1228 3004 qu
1251 2936 1281 2988 ct

69 3024 147 3088 Potor
166 3047 264 3089 murat
285 3046 407 3098 sumus,
430 3045 464 3088 ea
486 3027 617 3089 dividere
639 3035 779 3099 conetur,
808 3044 882 3104 quae
906 3025 953 3086 ille
976 3024 1127 3086 coniunxit
1149 3033 1179 3086 et
1199 3023 1280 3086 indi-

68 3126 121 3186 visa
140 3126 350 3190 conservarit?

139 3230 168 3293 3.
212 3228 294 3290 ilaec
315 3228 405 3307 igitur
426 3247 492 3290 oum
515 3237 545 3290 et
566 3229 623 3309 ipsi
645 3228 889 3300 animadvertant,
912 3226 1004 3288 rebus
1029 3226 1091 3288 suis
1113 3226 1280 3288 diffidentes

70 3328 117 3404 piis
147 3330 218 3390 viris
250 3330 391 3391 confictas
423 3329 596 3391 adscribunt
625 3330 800 3391 sententias.
850 3327 938 3406 Atqui
971 3328 1065 3405 magis
1094 3327 1192 3389 decuit
1224 3345 1278 3388 eos

69 3429 186 3490 omnium
214 3428 323 3509 inopes
352 3439 384 3490 et
402 3430 605 3504 advertentes,
641 3449 674 3492 se
697 3430 896 3508 interrogatos
927 3427 1042 3508 passim
1069 3427 1219 3488 haesitare
1247 3443 1283 3488 ao

68 3526 146 3590 hisnu
168 3548 222 3591 ore
243 3531 460 3602 obmutescere,
482 3531 660 3592 sententiam
682 3537 875 3601 commutare,
890 3529 1049 3609 potiusque
1064 3546 1132 3589 sese
1147 3535 1364 3590 averteremus.

68 3630 146 3691 asia
171 3631 302 3705 erroris,
330 3649 418 3709 quam
445 3631 602 3704 homines,
631 3649 706 3711 quos
731 3631 885 3709 ignorant,
913 3630 992 3690 inter
1012 3647 1085 3690 suos
1106 3645 1281 3699 recenseret

68 3747 98 3788 ne
127 3731 161 3791 ab
194 3732 301 3792 iisdem
330 3731 471 3792 confutati
499 3732 567 3810 plus
596 3731 752 3793 dedecoris
774 3732 913 3791 reserant.
957 3728 1066 3789 Verum
1088 3729 1130 3790 illi
1153 3730 1281 3788 tortasse

69 3829 98 3890 ab
116 3832 283 3894 huiusmodi
304 3831 383 3892 dolis
405 3849 554 3909 nunquam
576 3832 722 3893 absistere
743 3831 853 3902 volent,
877 3829 1004 3909 Caiphae
1018 3829 1096 3888 enim
1113 3826 1280 3889 sociorum-

96 3998 113 4030 c
124 3980 641 4048 laur.Colb.mmriodao;minuerecto.
728 3997 750 4044 q.
771 3983 867 4032 Tauria.
876 3980 982 4031 Colbert.
991 3981 1073 4030 lesuit.
1085 3970 1220 4046 ἀμέριστα
1237 3989 1282 4027 nt·

96 4051 116 4097 d.
132 4051 171 4100 Sic
184 4052 242 4112 Bag.
254 4051 328 4100 Batai.
339 4051 428 4100 etedit
442 4050 560 4100 Commel.
580 4051 643 4100 tote
693 4044 794 4108 notan.
895 4066 903 4080 ·
1260 4099 1268 4120 ‚

69 4130 114 4165 reru
130 4117 273 4169 Parisieosia
290 4127 314 4168 et
331 4118 417 4168 Coloe.
436 4108 640 4182 ὄφειλήσουσν.
728 4118 751 4165 lt.
770 4116 867 4166 Tauria.
891 4105 951 4162 ἄλλ’
972 4106 1083 4163 ἐπειδὰν
1105 4105 1212 4187 rourum
1236 4123 1283 4186 aaa·

70 4182 153 4235 lauria.
170 4186 241 4236 Collo.
260 4188 305 4236 tec
324 4186 365 4236 i'r.
383 4186 402 4235 l.
421 4175 589 4250 ὄφείλουσιν.
695 4176 765 4236 roric.
801 4183 871 4232 colb.
887 4174 999 4231 ἐπειδὰν
1014 4172 1163 4228 ditericus
1174 4189 1284 4229 mooe.

96 4265 115 4299 e.
137 4253 232 4304 Tauria.
264 4253 334 4303 Colb.
365 4253 411 4302 los.
437 4247 642 4318 παραλείπεται.
695 4251 759 4299 lnlra
779 4250 840 4299 Edit.
858 4249 1063 4300 Parisotcoloo.
1077 4238 1281 4311 χασμαμένους.

70 4315 131 4368 lauto
148 4331 203 4384 post
220 4323 259 4371 Fr.
279 4321 297 4370 l.
316 4312 494 4386 ἐπιχειρήσαι.
693 4318 756 4366 Edit.
781 4332 836 4365 rero
856 4316 999 4366 Commelin.
1019 4329 1074 4364 com
1092 4312 1204 4362 omuibus
1223 4323 1281 4357 mss.

96 4387 111 4434 l
127 4387 179 4450 [teg.
204 4390 301 4438 lauria.
327 4389 397 4438 Colo.
423 4390 468 4438 les·
493 4387 531 4437 Fr.
550 4387 569 4436 l.
591 4377 643 4450 κᾷν
689 4379 899 4449 χασμωμένους.
935 4376 1281 4433 ΙῢίἀοωΤιιιτία.οιΰοΙὺετι

69 4443 149 4503 εἰπεῖν.
183 4456 244 4506 §diti
262 4447 306 4505 ἄν.
693 4443 1008 4518 μεταγινώσκεινῖχρῆν
1024 4442 1135 4511 μᾶλλον.

95 4540 213 4585 immacu
226 4552 278 4586 oar.
291 4547 365 4586 noan.
380 4551 429 4582 aar.
627 4590 630 4595 ¹
1062 4531 1076 4579 'l
