2948 5092
580 185 596 214 Ι
689 173 696 181 .

137 265 197 353 150
535 283 560 327 s.
577 284 731 328 ιειικοκειι
745 282 968 328 ινοσιενιειοει

50 432 251 512 οιοιπόπον,
274 434 328 499 καὶ
352 429 427 499 οῦτε
450 431 579 498 ἐκείνων
602 433 640 498 τὸ
662 431 780 498 τοῦτον
802 432 889 511 τινὲς
913 435 1041 516 ἐ’χοοσιν
1064 430 1178 519 ὄνομα,
1204 431 1280 502 οῦτε
1302 430 1360 502 αῦ-

134 533 192 612 τὸς
224 533 259 613 ἐξ
291 532 420 601 ἐκείνων
455 527 664 618 ὀνομάζεται,
699 528 783 600 ἀλλά
813 533 935 615 πάντες
972 533 1092 602 ’πάλιν
1121 537 1175 602 καὶ
1205 536 1361 627 συνήθως

134 637 334 721 Χριστιανοὶ
356 635 541 702 καλοῦνται.
577 628 637 720 κάν
659 633 719 721 γὰρ
743 634 949 702 διδασκάλων
972 635 1145 721 διαδόχους
1168 637 1291 724 ἔχωμεν
1306 642 1361 705 καὶ

134 739 286 824 μαθηταὶ
308 735 432 802 τούτων
454 736 643 822 γινώμεθα,
669 732 753 804 ἀλλά
773 761 810 823 γε
831 736 872 804 τὰ
894 740 953 804 τοῦ
975 743 1125 825 Χριστοῦ
1147 734 1225 826 παρ’
1252 734 1361 806 αὐτῶν

136 837 369 924 διδασκόμενοι
389 842 587 925 Χριστιανοὶ
611 833 705 906 οῦδὲν
727 828 824 928 ἧττόν
848 839 944 924 ἐσμεν
966 840 1021 908 καὶ
1032 840 1244 925 ικαλοόμεθα,
1268 842 1303 908 οὶ
1326 842 1363 907 δέ

135 966 172 1027 γε
194 952 266 1021 τοῖς
287 941 465 1028 αὶρετικοῑς
487 936 758 1020 ἀκολουθοῦντες,
782 935 841 1030 κάν
862 950 1000 1029 μυρίους
1012 942 1186 1026 διαδόχους
1207 943 1361 1028 ι’ἔχωσικ

136 1037 221 1109 ἀλλά
253 1042 388 1122 πάντως
419 1041 457 1108 τὸ
491 1039 597 1125 όνομα
623 1045 682 1108 τοῦ
710 1041 768 1128 τήν
798 1043 926 1129 αἳρεσιν
959 1043 1156 1134 ἐφευρόντος
1190 1051 1360 1133 (γέρουσιν.

136 1143 251 1230 ἀμέλει
272 1144 525 1231 τελευτήσαντος
543 1139 690 1231 Ἀρείου,
714 1146 865 1211 επολλῶν
895 1147 930 1213 δὲ
959 1151 1025 1214 τιῦν
1048 1143 1142 1215 ἰδίων
1165 1142 1264 1213 αὐτὸν
1288 1147 1362 1213 δια-

136 1247 330 1330 δεξαμένων,
355 1243 444 1330 όμως
466 1247 499 1313 οὶ
520 1245 562 1313 τὰ
584 1245 706 1313 ἐκείνου
723 1250 920 1334 φρονοῦντες
936 1248 971 1328 ἐξ
980 1245 1112 1335 Ἀρείου
1127 1248 1363 1336 γνωριζόμενοι

132 1345 300 1435 Ἀρειανοὶ
322 1350 507 1416 καλοῦνται.
545 1347 601 1415 καὶ
622 1349 818 1433 θαυμαστόν
840 1350 1016 1435 γετούτου
1039 1350 1221 1436 τεκμήριον,
1247 1350 1279 1415 οὶ
1302 1352 1361 1434 μὲν

137 1449 173 1529 ἐξ
189 1447 347 1536 Ἑλλήνων
375 1453 429 1516 καὶ
459 1453 513 1515 νῦν
543 1450 589 1528 εἰς
617 1449 674 1538 τὴν
697 1449 867 1538 ἐκκλησίαν
891 1451 1073 1539 ἐρχόμενοι,
1108 1447 1261 1540 ἀφιέντες
1284 1451 1363 1538 λτήν

135 1554 202 1617 τῶν
225 1550 370 1619 εἰδώλων
393 1552 663 1635 δεισιδαιμονίαν,
688 1547 725 1617 οῦ
748 1556 814 1619 τῶν
835 1553 1060 1641 κατηχοῦντων
1083 1552 1290 1638 λαμβάνουσι
1304 1552 1363 1640 τήν

137 1653 328 1736 ἐπωνυμίαν
356 1648 460 1745 οἀλλάΙ
484 1651 542 1740 τὴν
569 1656 627 1719 τοῦ
658 1657 820 1740 σωτῆρος,
850 1658 903 1722 καὶ
933 1650 1005 1722 ἀντὶ
1025 1652 1182 1743 Ἑλλήνιον
1205 1654 1363 1740 άρχονται

137 1755 338 1841 Χριστιανοὶ
359 1755 553 1823 καλείσθαι·
577 1780 595 1821 ο
882 1781 938 1836 ους
954 1752 1118 1837 ἀπιόντες,
1142 1752 1163 1844 ή
1180 1753 1255 1822 ὅσοι
1272 1752 1304 1821 δ’
1323 1751 1365 1822 ἀν

52 1851 209 1922 Μθῦἀπὸ
231 1860 288 1943 τής
310 1856 479 1944 ἐκκλησίας
500 1856 601 1943 ῐπρός
622 1857 680 1945 τήν
703 1858 831 1944 αἵρεσιν
851 1859 1123 1943 μεταβάλλονται,
1147 1857 1261 1941 τὸμὲν
1277 1864 1364 1943 Χρι-

139 1965 218 2027 στοῦ
247 1959 553 2044 καταλιμπάνουοιν
582 1957 687 2043 όνομα
709 1959 764 2026 καὶ
785 1959 905 2026 λοιπὸν
929 1962 965 2027 δὲ
983 1956 1152 2047 Ἀρειανοὶ
1173 1961 1361 2040 καλοῦνται,

139 2057 184 2141 ὡς
207 2057 314 2128 οῦκέτι
335 2061 392 2149 τήν
414 2066 564 2148 Χριστοῦ
587 2069 702 2128 πίστιν
726 2061 869 2145 ἔχοντες,
894 2058 978 2128 ἀλλά
999 2066 1058 2150 τῆς
1077 2057 1206 2147 Ἀρείου
1229 2060 1364 2147 γενόμε-

138 2187 191 2231 νοι
211 2172 331 2250 μανίας
352 2164 531 2247 ὅδιάδοχοι.

223 2275 252 2333 4.
298 2270 380 2346 Πῶς
410 2273 519 2332 τοίνυν
542 2269 740 2351 Χριστιανοὶ
770 2266 802 2331 οὶ
827 2264 872 2352 μή
899 2265 1103 2352 Χριστιανοὶ
1131 2259 1214 2331 ἀλλὰ
1232 2258 1364 2350 Ἀρειο-

138 2379 294 2453 μανῑταις
326 2361 347 2453 ἢ
369 2370 443 2445 Ιπῶς
465 2371 522 2454 τής
543 2366 723 2450 καθολικῆς
745 2365 915 2453 ἐκκλησίας
928 2366 1010 2432 εἰσὶν
1024 2366 1056 2433 οὶ
1067 2365 1124 2453 τήν
1137 2361 1365 2452 ἀποστολικήν

138 2464 419 2553 ἀποτιναξάμενοι
430 2475 545 2535 πίστιν
557 2472 609 2534 καὶ
622 2472 742 2534 καινῶν
753 2471 860 2534 κακῶν
873 2467 1043 2556 ἐφευρεταὶ
1060 2466 1239 2554 γενόμενοι,
1253 2469 1286 2534 οὶ
1302 2466 1364 2533 1’τά

136 2573 196 2657 μὲν
218 2574 284 2638 τῶν
300 2576 404 2637 θείων
418 2573 555 2657 γραφῶν
571 2569 666 2655 λόγια
680 2571 947 2654 καταλείψαντες,
961 2568 1020 2647 τὰς
1032 2569 1068 2636 δὲ
1078 2570 1220 2648 θαλείας
1230 2563 1364 2656 Ἀρείου

139 2679 262 2762 σοφίαν
284 2669 397 2758 καινήν
421 2668 653 2755 όνομάζοντεςς
688 2670 821 2749 εἰκότως
843 2675 941 2736 τοῦτο
964 2672 1140 2756 Ιλέγοντες,
1163 2669 1279 2758 καινὴν
1300 2670 1362 2757 γὰρ

136 2775 264 2860 αἵρεσιν
289 2769 540 2859 ἀπαγγέλλουσι.
573 2772 625 2839 διὸ
648 2772 703 2838 καὶ
725 2772 929 2857 θαυμάσειεν
952 2771 992 2838 ἀν
1007 2799 1067 2851 τις,
1092 2768 1145 2839 ότι
1156 2771 1268 2839 πολλὰ
1278 2773 1361 2839 πολ-

137 2878 204 2943 λῶν
232 2875 441 2962 συντάγματα
470 2875 525 2941 καὶ
552 2875 713 2952 πλείστας
742 2869 874 2958 ὁμιλίας
896 2875 966 2952 1ἱείς
994 2899 1029 2960 γε
1057 2873 1115 2962 τὴν
1138 2873 1287 2940 παλαιὰν
1309 2876 1361 2940 καὶ

137 2978 195 3066 τήν
224 2978 336 3064 καινήν
365 2976 580 3063 γραψάντων,
615 2980 669 3043 καὶ
699 2975 793 3063 παρὰ
819 2977 935 3064 μηδενὶ
957 2974 1098 3055 θαλείας
1122 2971 1362 3062 εῦρισκομένης,

140 3074 224 3145 ἀλλὰ
254 3080 338 3169 μηδὲ
366 3078 459 3164 παρὰ
485 3089 557 3157 τοῖς
579 3079 778 3157 σπουδαίοις
799 3081 864 3144 τῶν
884 3074 1057 3164 Ἑλλήνων,
1090 3072 1227 3165 ήπαρὰ
1247 3077 1366 3162 μόνοις

137 3192 209 3260 τοῖς
231 3178 350 3269 ᾄδουσι
371 3179 413 3246 τὰ
435 3185 572 3247 τοιαῦτα
594 3179 687 3266 παρὰ
708 3179 813 3247 πότον
834 3178 918 3264 μετὰ
940 3178 1057 3266 κρότου
1079 3177 1135 3245 καὶ
1157 3177 1367 3263 σκωμμάτων

138 3281 172 3350 ἐν
195 3283 358 3361 παιδιαῖς,
383 3282 486 3349 ἕνεκεν
501 3286 560 3347 τοῦ
575 3282 741 3367 γελᾶσθαι
755 3276 833 3367 παρ’
848 3281 976 3367 ἐτέρων,
994 3275 1012 3345 ό
1027 3276 1365 3366 θαυμαστόςἌρειος

139 3378 234 3450 οῦδὲν
258 3383 377 3468 σεμνὸν
398 3385 635 3471 μιμησάμενος,
660 3378 744 3450 ἀλλὰ
765 3383 821 3450 καὶ
841 3381 883 3448 τὰ
897 3386 964 3448 τῶν
981 3382 1174 3448 σπουδαίων
1189 3376 1362 3469 ἀγνοήσας,

138 3485 282 3553 πλεῖστά
310 3511 346 3552 τε
373 3487 439 3551 τῶν
469 3483 577 3551 ἀλλων
607 3485 764 3571 αἱρέσεων
787 3480 996 3569 ῦποκλέψας,
1027 3483 1085 3568 τήν
1107 3486 1166 3548 τοῦ
1189 3481 1367 3549 ΙΣωτάδου

137 3586 241 3672 μόνου
264 3587 488 3671 γελοιολογίαν
512 3586 661 3675 ἐζήλωσε.
706 3593 740 3653 τί
760 3586 821 3674 γάρ
845 3586 971 3671 ἔπρεπε
992 3595 1104 3651 ποιεῖν
1127 3578 1236 3663 αῦτόν,
1259 3579 1282 3672 ἢ
1303 3588 1365 3651 θέ-

174 3792 194 3825 ο.
219 3777 259 3827 Sic
284 3778 383 3840 Seguer.
409 3776 505 3826 Gobler.
532 3787 555 3826 ιι
580 3777 684 3826 ῦεΙεΙιω.
707 3777 726 3825 l.
778 3777 834 3839 glic.
854 3776 953 3828 Gobler.
972 3775 1113 3824 Felckm.1.
1133 3783 1155 3823 ει
1174 3775 1198 3823 5.
1216 3767 1364 3840 κατηχοῦν-

138 3846 167 3893 At
191 3844 247 3894 editi
272 3852 296 3894 et
320 3846 361 3894 alii
378 3837 461 3891 πάλιν
479 3838 612 3904 συνήθως.
651 3846 725 3894 Paulo
780 3859 841 3892 νων.
879 3844 939 3893 Edit}
965 3852 988 3891 ει
1014 3843 1119 3892 Felckm.
1138 3841 1161 3891 2.
1180 3836 1362 3907 κατεχόντων,

138 3922 197 3976 post
221 3912 321 3974 Seguer.
348 3913 447 3964 Gobler·
468 3921 491 3961 ει
510 3914 613 3962 ῖυΙοΙιιιι.
636 3913 656 3961 1.
674 3927 726 3977 μα·
778 3912 903 3962 mendose.

137 3973 223 4039 θηταὶ
245 3973 361 4036 τούτων.
396 3979 458 4028 Εδίίί
482 3988 506 4028 ει
531 3982 571 4031 alii
593 3972 727 4044 ἀκροαταὶ
812 3996 833 4028 ε.
852 3982 952 4038 Seauer.
978 3968 1045 4025 ἀλλὰ
1068 3975 1118 4025 τοῦ
1136 3975 1269 4046 σωτῆρος.
1305 3979 1363 4039 fleg.

138 4040 253 4098 τούτων.
289 4049 341 4097 Mox
359 4048 458 4109 Seguer.
477 4041 512 4094 τὰ
530 4046 579 4096 τοῦ
591 4047 725 4113 Χριστοῦ.
776 4038 844 4095 ἀλλὰ
867 4041 918 4106 τήν
941 4044 990 4093 τοῦ
1014 4043 1146 4110 σωτῆρος.
1182 4045 1244 4095 Εδιιί
1272 4053 1296 4096 εί
1322 4045 1364 4095 alii

138 4116 183 4165 Alii
203 4125 226 4164 ιι
244 4116 300 4165 editi
318 4109 352 4164 τὰ
370 4112 504 4180 Χριστοῦ.
776 4105 843 4162 ἀλλὰ
861 4109 911 4174 τήν
929 4113 977 4161 τοῦ
987 4111 1111 4182 σωτῆρος
1120 4108 1273 4179 κατέχουσι.
1302 4113 1363 4163 lbid.

173 4184 196 4232 b.
217 4185 314 4235 Gobler.
334 4191 357 4232 ει
375 4183 480 4232 Felckm.
502 4184 523 4232 1.
542 4175 659 4248 ἔχουσιν.
776 4185 875 4245 Segner.
895 4175 957 4230 ἀντὶ
970 4173 1111 4241 Ἑλλήνων.
1141 4181 1364 4234 θοῦίιτ.οῑῐ·“ιίιίι,

174 4267 194 4300 ε.
214 4253 313 4313 Seguer.
337 4246 445 4298 πολλῶν
468 4262 505 4300 τε.
547 4252 598 4300 Μαι
623 4252 724 4314 Seguer.
777 4253 800 4300 1.
819 4243 882 4299 ἀντὶ
899 4249 955 4298 τῶν
968 4241 1116 4310 Ἑλλήνων,
1137 4258 1162 4299 ιιι
1180 4256 1204 4298 ιι
1222 4247 1280 4311 legit
1298 4249 1362 4299 Nau·

139 4319 197 4381 fleg.
225 4319 322 4369 Goblor.
354 4326 378 4369 et
405 4316 509 4367 θείομεν.
531 4319 552 4369 l.
576 4311 605 4373 ἐξ
618 4310 724 4384 Ἀρείου
776 4319 838 4367 nius.
874 4318 947 4368 Basil.
968 4319 1058 4380 Anglic.
1078 4317 1216 4367 Felckm.5.
1234 4307 1289 4364 ἀπὸ
1308 4314 1367 4364 τῶν

137 4378 345 4454 γνωριζόμενοι.
380 4386 444 4436 Εδίιί
463 4393 486 4436 ει
501 4385 541 4436 alii
559 4378 588 4442 ἐξ
604 4390 724 4436 omittunt.
772 4378 913 4445 Ἑλλήνων.
949 4387 1005 4448 Reg.
1025 4376 1078 4434 ἀπὸ
1093 4377 1242 4445 Ἑλλήνων,
1263 4392 1288 4434 οι
1306 4384 1363 4446 legit

173 4454 196 4503 d.
216 4455 256 4504 Sic
272 4453 372 4518 Sagun.
406 4452 469 4504 Ediu
486 4462 567 4504 autem
584 4462 609 4503 ει
625 4447 727 4514 εὶίὶιήν
778 4455 939 4506 Omnibonus.
975 4454 1036 4503 Editi
1054 4447 1100 4500 καὶ
1118 4443 1153 4518 ἀρ
1173 4464 1260 4500 ονται.

135 4513 277 4597 Ἑλλήνων.
312 4521 374 4573 lbid.
392 4521 491 4584 Sesuer.
510 4521 567 4585 λιες.
585 4520 658 4574 Βιιίί.
676 4524 725 4572 λιι·
775 4555 778 4559 -
811 4523 829 4573 ί.
848 4522 948 4586 Seguer.
966 4523 1023 4585 Rea.
1044 4520 1142 4573 Gobler.
1179 4520 1265 4570 elckm.
1284 4519 1308 4570 1.
1325 4510 1367 4571 εἷς
