2948 5092
483 257 598 338 eonem
612 259 827 304 mocuuanmn
841 262 929 308 unns
942 264 963 307 ι.
1273 254 1335 319 865

105 407 261 488 piscentes
284 426 348 468 rem
371 408 603 469 animadvertant
625 408 670 469 vel
693 409 765 471 alios
788 410 924 491 decipere
939 432 1000 474 non
1015 416 1139 491 valeant,
1162 417 1231 479 dum
1247 432 1420 500 aper-esst„

106 508 255 571 tissimami
278 508 389 570 Christi
412 511 710 589 comprehensionem
731 511 922 590 pollicentur:
946 515 1015 578 Noc
1030 518 1228 600 s'utelle'pentes
1244 540 1337 603 neque
1423 514 1431 527 ‘

107 629 185 701 quoe
208 610 376 692 loquuntur
397 630 491 698 neque
515 614 548 673 ile
572 614 677 691 quibus
700 612 871 693 affirmarat.

193 716 224 776 2.
268 712 349 803 Nam
364 712 468 772 Patres
498 713 615 791 quidem
645 713 763 787 dixere,
785 714 1067 779 consubstantialem
1091 738 1159 782 esse
1179 721 1261 783 Patri
1282 723 1316 784 Fi

104 814 180 877 lium
210 834 244 876 ac
264 814 359 874 Deum
381 833 482 884 verum
506 814 625 875 culleo
647 833 718 874 vero
741 822 771 875 et
792 817 953 894 perlectum
976 836 1011 879 ex
1033 821 1183 899 perlecto,
1206 823 1255 902 qui
1278 824 1419 887 ‹te-reru.

104 916 178 979 iude
208 915 369 976 descendit.
390 924 513 994 propter
543 923 676 976 nostram
706 913 848 990 salutem,
876 916 1045 981 incarnatus
1075 928 1104 982 et
1125 921 1215 983 homo
1239 924 1334 986 lactus

105 1026 164 1090 ast,
177 1019 225 1078 ‘ao
245 1015 438 1095 postmodum
461 1034 570 1094 passus
594 1024 639 1077 est
661 1024 691 1076 et
712 1018 887 1079 resurrexit.
934 1017 993 1079 Sed
1008 1037 1046 1080 ne
1062 1021 1129 1099 quis
1145 1012 1244 1084 audita
1259 1043 1332 1103 pas-

104 1118 194 1180 sione
217 1127 248 1179 et
269 1117 492 1179 resurrectione
514 1117 607 1178 Deum
630 1116 759 1179 Verbum
787 1127 929 1180 mutatum
954 1139 1021 1186 esse
1043 1120 1332 1200 cogitur-emmun-

102 1218 225 1281 tahilem
248 1228 279 1281 et
299 1218 501 1279 invariabilem
524 1237 592 1279 esse
614 1217 720 1279 Filium
742 1218 930 1282 damnatione
945 1220 1074 1283 adhibita
1090 1222 1245 1285 definiunt.
1278 1225 1333 1286 lsti

101 1338 174 1384 rere
197 1330 248 1383 aut
269 1320 462 1382 mutationem
479 1320 567 1381 Verbi
589 1320 865 1395 comminiscuntur,
888 1331 939 1383 aut
952 1323 1107 1386 Passionis
1131 1325 1332 1406 dispensatio·
1406 1378 1409 1385 .

101 1441 173 1487 trem
203 1441 315 1484 meram
346 1441 415 1483 esse
444 1420 631 1500 phantasiam
654 1421 860 1501 suspicantur,
894 1433 981 1504 atque
1003 1425 1151 1488 interdum
1173 1426 1334 1488 increatam

101 1523 320 1602 caelestemque
343 1522 453 1585 Christi
475 1542 605 1596 carnem,
628 1524 784 1602 aliquando
806 1524 913 1586 Deitati
936 1524 1017 1587 aiunt
1038 1545 1108 1588 esse
1131 1503 1331 1588 consubstan-

101 1622 215 1689 tialem.
259 1623 372 1685 Deinde
395 1625 533 1704 inquiunt
554 1625 617 1686 rice
639 1624 791 1694 interioris
815 1623 865 1705 qui
888 1625 1021 1689 innubis
1038 1628 1331 1690 esthominismen-

101 1731 162 1789 tam
186 1725 345 1788 caelestem
368 1726 469 1787 inesse
482 1726 611 1787 Christo.
656 1726 729 1786 Nam
751 1726 845 1809 ligura
867 1727 914 1788 illa
937 1729 1047 1811 dicunt,
1071 1748 1127 1808 qua
1142 1729 1332 1802 induebatur,

101 1827 199 1891 mator
220 1828 323 1906 organi
345 1845 418 1888 usus
441 1835 497 1899 est,
521 1845 618 1906 neque
641 1826 720 1887 enim
742 1826 888 1906 possibile
909 1837 971 1889 erat
992 1818 1156 1908 perlectum
1180 1829 1331 1890 hominem

101 1928 184 1993 llum
207 1928 281 1989 lieri.
328 1928 403 2002 „Ubi
428 1928 507 1989 enim
529 1929 679 2007 perlectus
700 1927 792 1988 homo
815 1927 856 1988 ihi
881 1936 910 1990 et
930 1940 1093 2008 peccatum,
1117 1930 1247 2009 itemque
1270 1929 1330 1991 duo

101 2032 264 2112 „perlecta
286 2049 377 2092 unum
400 2031 464 2092 lieri
487 2049 547 2091 non
569 2038 709 2109 possunt.
753 2028 871 2109 Alioqui
894 2030 923 2090 in
939 2030 1057 2093 Christo
1081 2032 1138 2092 erit
1160 2049 1194 2091 ea
1209 2030 1330 2109 quaein

105 2131 219 2209 ,nobis
248 2140 295 2192 est
321 2149 419 2210 pugna
447 2130 576 2210 peccati,
607 2149 743 2209 opusque
773 2131 830 2192 erit
853 2131 880 2191 ei
902 2130 951 2192 itte
974 2131 1051 2210 apud
1073 2150 1132 2193 nos
1154 2131 1219 2191 fieri
1241 2130 1330 2192 solita

104 2280 114 2311 ,
121 2230 316 2314 purgatione,
341 2233 366 2292 si
390 2232 526 2294 Christus
549 2232 640 2292 homo
663 2232 758 2292 lactus
781 2230 861 2309 quod
883 2232 915 2293 in
937 2232 1026 2293 nobis
1042 2231 1151 2310 cogitat
1166 2239 1195 2292 et
1210 2250 1329 2292 carnem
1416 2280 1419 2287 .

103 2344 230 2412 ,movet
250 2335 282 2395 in
304 2334 407 2414 seipso
430 2333 601 2412 suscepisse
624 2331 805 2394 exhibeatur.
836 2333 896 2393 Sed
910 2333 1064 2407 assumsit,
1087 2332 1236 2411 inquiunt,
1260 2350 1329 2391 cor-

103 2456 185 2518 ,pus
209 2436 320 2515 absque
342 2445 452 2509 mente,
476 2445 508 2497 ιιι
529 2435 595 2513 ipse
617 2452 701 2494 mens
717 2433 747 2494 iu
762 2432 813 2494 illo
830 2441 922 2506 esset,
946 2451 1053 2513 expers
1070 2431 1191 2493 omnino
1205 2430 1329 2511 peccati,

102 2557 196 2614 ,cum
223 2539 338 2599 ratione
361 2537 527 2598 'divinitatis
559 2545 621 2597 tum
644 2536 758 2596 ratione
781 2535 896 2608 carnis,
926 2553 1000 2614 quae
1022 2534 1135 2613 absque
1157 2541 1257 2594 mente
1280 2532 1328 2593 sit.

103 2640 233 2719 ,Neque
256 2638 335 2700 enim
356 2648 459 2717 peccat
481 2657 548 2698 caro
573 2637 647 2709 eius,
670 2637 720 2715 qui
743 2654 863 2696 carnem
886 2644 987 2696 movet
1010 2635 1040 2695 id
1064 2642 1110 2696 est
1133 2634 1183 2713 qui
1199 2633 1328 2717 cogitat,

101 2740 153 2817 ,si
176 2740 204 2800 is
226 2741 309 2819 prius
332 2738 444 2818 peccati
467 2746 563 2799 actum
586 2754 647 2796 non
669 2743 770 2795 mente
792 2734 971 2813 conceperit,
995 2735 1074 2796 etsi
1095 2727 1276 2814 percorpus
1292 2733 1328 2794 ad

103 2841 242 2923 ,peccati
269 2839 555 2902 consummationem
585 2843 723 2916 operatus
753 2854 814 2896 non
837 2835 935 2896 luerit.
980 2835 1065 2896 Unde
1087 2835 1185 2896 carnis
1208 2833 1327 2912 quidem
1383 2838 1387 2844 '

102 2943 288 3020 ,novitatem
305 2941 440 3003 Christus
463 2924 706 3001 commonstrarit
726 2956 783 3017 pro
799 2937 915 2999 ratione
931 2926 1329 3009 similitudinis,‘novitatem
1352 2933 1354 2937 ’

101 3052 227 3123 ,autem
250 3044 326 3115 eius,
349 3042 398 3122 qui
421 3040 563 3102 innubis
586 3039 703 3117 cogitat,
726 3055 781 3116 per
803 3032 998 3099 inlusionem
1015 3046 1045 3099 et
1058 3035 1281 3099 similitudinem
1299 3044 1329 3097 et

103 3145 338 3224 ‚abstinentiam
360 3162 376 3205 a
397 3150 519 3222 peccato
541 3138 745 3218 unusquisque
767 3138 798 3199 iu
822 3137 922 3217 seipso
947 3138 1073 3200 exhibet.
1118 3136 1156 3197 Et
1177 3136 1221 3198 sic
1240 3135 1327 3197 Chri-

101 3293 115 3324 ,
124 3255 196 3310 stus
219 3247 284 3307 sine
306 3254 427 3324 peccato
450 3241 654 3320 intelligitur.“

185 3349 215 3411 3.
259 3347 339 3408 llaec
360 3355 431 3407 sunt
452 3344 569 3405 illorum
592 3339 777 3420 sophismata
801 3348 831 3401 et
851 3339 888 3400 ad
910 3357 959 3400 res
982 3337 1200 3418 detorquendas
1223 3339 1326 3400 consi-

101 3450 153 3524 ia3
177 3467 273 3527 neque
295 3466 373 3508 unus
398 3456 445 3507 est
465 3445 582 3506 illorum
606 3460 724 3514 sermo,
745 3441 838 3503 multa
862 3441 939 3501 enim
963 3439 1178 3501 incredulitatis
1202 3439 1325 3500 diverti-

101 3549 164 3615 :ula
185 3550 322 3611 humanis
344 3545 622 3610 ratiocinationibus
645 3541 816 3633 excogitata.
860 3542 1068 3621 Proponamus
1091 3541 1180 3619 igitur
1202 3540 1260 3599 illis
1280 3540 1326 3600 di-

101 3651 161 3715 rini
183 3651 280 3729 placiti
302 3650 484 3710 voluntatem
508 3651 587 3722 (nam
610 3648 735 3716 coeravit,
758 3636 865 3741 inquit,
888 3642 1037 3704 Domtous
1061 3651 1089 3703 et
1110 3659 1173 3702 nou
1184 3644 1322 3720 poerute-

101 3755 142 3816 lit
164 3756 244 3826 eum)
272 3769 307 3811 ac
333 3750 507 3811 verissimae
535 3744 729 3808 oeconomiae
751 3742 1037 3806 consummationem
1060 3748 1089 3801 et
1111 3739 1326 3801 absolutissimi

101 3851 235 3916 beneficii
258 3852 391 3930 gratiam,
415 3859 577 3926 mutuoque
594 3845 788 3916 sciscitemur,
813 3851 964 3904 uteorum
981 3842 1169 3921 exploremus
1185 3847 1324 3911 mentem,

101 3972 170 4017 num
186 3953 370 4034 propheticis
392 3948 645 4031 praedictionibus
669 3952 848 4018 consonent,
870 3962 942 4005 num
956 3941 1127 4024 Apostolica
1149 3940 1325 4001 documenta

101 4135 197 4218 lausqi.
236 4140 312 4190 lidem
338 4137 495 4200 manuscripti
514 4125 657 4198 ἄγνωστος
673 4117 690 4197 ᾖ
741 4121 860 4181 ἕκαστος.
897 4127 923 4177 ln
941 4127 995 4177 aliis
1014 4134 1037 4176 et
1055 4113 1313 4175 inediuommruf'
1297 4137 1330 4180 ην

101 4201 198 4267 coinq-
742 4197 818 4256 deest,
837 4197 934 4245 rectius.

130 4293 153 4326 c.
172 4277 274 4335 Sequor
284 4268 328 4320 xci
346 4265 415 4319 κατὰ
435 4264 465 4317 τὸ
485 4261 526 4317 ἂν.
565 4269 690 4317 bloxidem

101 4359 152 4396 :um
182 4345 279 4394 Gobter
306 4349 329 4390 et
358 4342 461 4389 lelclm
489 4339 511 4387 l.
539 4330 692 4402 ἁμαρτάνει

101 4405 134 4461 τὰ
136 4401 274 4479 ρξτοῦ
256 4422 381 4472 αγοντος.
776 4398 793 4448 l.
812 4396 902 4475 duplic.
921 4389 1025 4447 ἐντοῖς
1041 4407 1131 4459 προφ.
1152 4400 1176 4442 et
1193 4391 1254 4441 intra
1272 4391 1328 4442 item

129 4482 155 4531 d.
175 4479 237 4529 Edit
263 4477 380 4528 Commel
406 4474 549 4540 etquidem
573 4486 632 4523 mss.
656 4460 691 4530 ἣν
741 4455 879 4518 broic'
864 4475 961 4514 ancos.

777 4289 924 4349 ιιτούτοις
942 4294 1033 4344 deest
1028 4308 1051 4341 m
1071 4293 1170 4355 Sequor

132 4567 327 4611 Διιιιιιιιιοιι.
336 4574 407 4608 noun
420 4572 470 4605 ιιι.
1094 4540 1136 4596 55'
