2948 5092
408 276 606 341 mucuns
621 278 942 326 ssnmnrunrorrrsn.
1227 271 1287 335 113

60 447 96 491 ne
116 437 205 492 antea
226 429 328 492 minor
348 428 409 493 illis
431 438 481 492 ant
500 447 557 509 par
577 429 671 493 luisse
692 429 893 505 existimetur3
922 433 974 495 scd
1002 452 1069 496 urm
1096 434 1133 496 ad
1161 435 1287 501 ludaeos
1295 451 1375 499 usse

57 531 166 594 Paulus
189 531 303 594 scribat
322 530 542 611 bumannmquc
562 530 682 593 bomini
703 532 901 595 ministerium
925 553 991 596 cnm
1008 535 1100 598 llosis
1122 536 1288 601 ministerio

58 634 205 707 emeat,
233 632 291 695 ait:
325 631 422 696 fonto
450 632 559 696 melior
584 632 708 714 diopolis
734 634 854 714 fuctum
886 653 942 715 per
969 636 1097 716 Angelos
1130 639 1211 699 enim
1241 639 1290 702 lex

57 734 212 797 enunciata
235 745 297 809 est,
326 734 396 814 qnia
414 734 470 801 lec
490 733 610 814 quidem
628 752 688 815 per
709 735 843 816 Moysen
866 738 937 799 doto
965 748 1027 801 est:
1059 741 1162 818 pretio
1189 748 1318 809 autem,

53 854 108 917 per
128 834 238 899 lecese
260 835 416 900 caram
441 836 526 916 [octo
552 848 597 900 est
624 853 681 898 neo
700 855 762 899 non
785 836 914 918 Spiritus
937 838 1058 901 donum.
1102 839 1139 901 Et
1160 858 1196 901 eo
1220 841 1288 919 qni-

56 937 120 998 dem
147 945 289 1017 tempore
316 937 418 999 alian
445 955 540 1017 usquc
560 936 710 1000 Bersabee
736 939 784 1000 lex
813 938 1042 1014 enunciabatur3
1075 941 1133 1002 iam
1161 959 1232 1003 vero
1255 946 1289 1005 sis

56 1056 170 1101 meso
193 1048 312 1101 terrase
334 1041 429 1103 micis
448 1057 543 1102 sonus
564 1056 685 1112 eorum,
719 1049 749 1102 ct
770 1040 880 1102 Gentes
903 1040 1053 1103 Christum
1082 1042 1207 1104 adorant
1233 1032 1298 1122 per'

57 1157 183 1218 eumque
209 1138 332 1202 Patrem
365 1149 536 1219 agnoscunt.
585 1140 722 1202 Humano
751 1140 841 1221 igitur
873 1160 958 1203 more
991 1141 1039 1202 illa
1068 1140 1105 1204 de
1134 1142 1287 1205 Salvatore

58 1241 166 1321 scipta
188 1250 271 1314 sunt,
294 1259 350 1302 neo
371 1240 456 1303 aliter
478 1259 511 1302 se
533 1259 583 1302 res
606 1240 704 1304 habet.

138 1548 192 1610 12.
238 1542 550 1624 mosebruunne,
583 1553 616 1606 nt
638 1542 748 1606 Christi
769 1545 873 1606 hostes
895 1544 1042 1622 iactitant,
1071 1565 1137 1608 cum
1159 1545 1197 1609 dc
1220 1546 1285 1610 Filii

56 1645 238 1709 humanitate
259 1645 364 1708 scribit
385 1646 540 1725 ipsumque
562 1663 626 1707 rem
647 1646 751 1707 laeum
774 1664 843 1707 ease
865 1645 925 1721 ait,
949 1665 1041 1709 unum
1064 1666 1100 1709 ex
1120 1648 1204 1729 puris
1226 1650 1285 1710 ho·

56 1747 187 1810 minibus
208 1747 292 1810 illum
315 1766 384 1809 esse
405 1744 536 1809 indicat?
569 1747 613 1807 dn
635 1746 704 1826 quia
719 1746 800 1821 dixit,
823 1747 951 1809 Verbum
974 1766 1034 1810 non
1050 1767 1117 1811 esse
1131 1750 1286 1830 proprium

57 1847 242 1912 substantiae
262 1849 372 1922 Patris,
394 1849 491 1928 ipsum
513 1847 601 1909 nobis
623 1848 795 1910 hominibus
817 1849 1068 1913 consubstantiale
1090 1869 1157 1913 esse
1179 1851 1284 1913 existi-

57 1948 165 2012 mavit?
210 1951 248 2012 At
269 1951 301 2011 in
323 1950 388 2012 aliis
410 1949 545 2030 epistolis
568 1968 753 2030 nequaqnam
775 1950 814 2012 ita
841 1950 976 2031 scripsit,
1010 1950 1063 2012 sed
1092 1952 1285 2032 conspicuum

58 2052 151 2113 estin
174 2051 215 2113 iis
237 2050 319 2113 illum
341 2062 422 2113 recte
443 2051 569 2126 sentire,
591 2051 700 2131 quibus
723 2070 795 2114 sane
817 2052 951 2133 epistolis
972 2052 1130 2115 adversum
1143 2048 1285 2116 'haercti-

49 2170 106 2213 -cos
127 2152 260 2232 quodam
283 2152 373 2214 modo
397 2151 538 2214 exclamat
558 2153 606 2213 his
628 2152 743 2216 verbis:
771 2153 916 2225 „Vestrae
937 2172 998 2215 nou
1019 2172 1085 2216 snm
1108 2154 1285 2230 sententiae,

23 2313 28 2323 ,
61 2272 102 2326 ,,ο
122 2253 178 2316 llei
199 2255 315 2326 hostes,
338 2271 436 2333 neque
458 2254 568 2334 scripta
589 2262 693 2315 nostra
708 2254 778 2314 Ario
800 2254 882 2316 luero
897 2254 1057 2335 impietatis
1073 2255 1208 2330 occasi03
1230 2244 1283 2318 sed
1340 2242 1344 2249 ’

61 2355 199 2433 „qnando
222 2354 458 2417 sabellianorum
480 2373 567 2417 causa
589 2355 622 2417 in
643 2355 718 2417 meis
739 2355 776 2417 ad
797 2355 984 2418 bmfflonium
1008 2366 1037 2418 et
1058 2357 1284 2437 Euphranorem

63 2454 190 2528 „litteris
211 2456 251 2518 dc
270 2457 400 2536 agricola
423 2466 452 2518 et
473 2457 533 2520 rite
554 2457 648 2537 deque
670 2457 735 2518 aliis
755 2456 903 2520 eiusmodi
919 2458 1004 2520 dictis
1019 2457 1199 2519 mentionem
1215 2457 1283 2533 leci,

65 2557 255 2627 „ecdicium
284 2558 355 2620 illud
383 2566 445 2631 est,
479 2568 511 2620 nt
537 2557 675 2620 humanis
696 2559 814 2624 Domini
836 2559 1048 2621 demonstratis
1070 2559 1283 2639 persuaderem

66 2658 158 2731 ‚‚illis‚
188 2667 221 2720 nt
248 2677 286 2721 ne
314 2659 460 2734 dicerent,
492 2660 609 2722 Patrem
638 2679 704 2722 esse
726 2648 776 2741 qui
798 2662 889 2723 homo
912 2662 1006 2724 lactus
1029 2670 1084 2723 est.
1129 2659 1281 2734 Quemad-

68 2761 204 2830 „nodum
227 2761 305 2823 enim
328 2762 455 2841 agricola
476 2781 536 2824 non
560 2771 606 2824 est
626 2763 710 2833 vitis,
741 2765 780 2825 ita
803 2764 851 2842 qui
875 2764 904 2824 in
928 2781 1054 2842 corpore
1076 2762 1131 2822 luit
1151 2780 1212 2822 non
1229 2767 1284 2845 est

68 2861 180 2935 „laten
203 2863 257 2925 sed
271 2862 409 2925 Verbum.
453 2864 581 2926 Verbum
603 2872 700 2927 autem
725 2865 807 2925 utin
829 2865 887 2926 vite
909 2864 972 2937 luit
995 2863 1062 2924 ritis
1085 2871 1218 2924 vocatum
1234 2871 1282 2925 est

69 2963 126 3030 „ob
145 2964 330 3044 corporalem
360 2984 425 3026 curn
453 2966 624 3044 palmitibus
652 2965 682 3026 id
714 2975 761 3026 est
782 2963 938 3025 nobiscum
961 2962 1175 3042 cognationem.
1219 2964 1283 3027 Hae

70 3074 183 3134 „mente
204 3066 241 3126 ad
262 3067 450 3128 Ammoninm
473 3076 503 3128 et
515 3067 739 3147 Euphranorem
762 3066 888 3146 scripsi3
909 3065 980 3127 alias
1002 3074 1099 3127 antem
1121 3084 1194 3145 quas
1210 3065 1281 3128 misi

69 3166 227 3245 „epistolas
248 3177 365 3230 restrae
386 3168 584 3248 impudentiae
606 3187 743 3248 oppono,
777 3176 810 3229 ut
836 3167 905 3228 binc
933 3166 1116 3247 sapientibus
1149 3175 1219 3228 nota
1241 3167 1282 3229 sit

70 3285 149 3333 „mea
171 3267 304 3331 defensio
327 3287 382 3331 nec
404 3289 464 3331 non
486 3279 565 3332 recta
586 3289 652 3332 mea
674 3271 705 3331 in
728 3270 785 3331 lide
808 3268 917 3331 Christi
940 3269 1117 3331 sententia.⁴⁴
1150 3268 1208 3330 Par
1221 3268 1280 3328 ita-

68 3385 117 3445 que
137 3378 201 3430 erat
221 3369 358 3444 Amanus,
381 3371 407 3431 si
432 3390 520 3433 sanae
542 3371 661 3452 quidem
683 3371 792 3433 mentis
815 3371 952 3441 luissent,
976 3369 1061 3431 talem
1079 3368 1116 3430 dc
1128 3368 1279 3448 Episcopo

66 3621 136 3672 letes
159 3623 184 3674 3.
208 3639 280 3674 anon.
310 3617 380 3688 πρὸς
403 3618 461 3691 μὴν
485 3615 639 3691 Ἀμμωνᾶν,
691 3624 734 3674 sed
754 3625 777 3674 in
796 3625 909 3674 omnibns
928 3623 1021 3673 mssle
1039 3631 1118 3672 untur.
1138 3621 1275 3672 llorl'sicl.

66 3691 102 3740 sed
123 3693 222 3741 Tsnmn.
246 3695 383 3742 recentiore
408 3707 478 3742 niano
504 3696 641 3757 snprsserl-
692 3692 716 3742 3.
735 3706 806 3742 anos.
826 3684 974 3758 ἅνθρωπος
1035 3682 1096 3750 ἤθη.
1116 3683 1277 3754 dpnsloedd

65 3765 123 3818 pun
141 3760 214 3809 babet
232 3772 284 3814 ων,
304 3760 328 3810 id
347 3749 559 3826 est’Apepuirsor.
579 3761 640 3811 Edit
691 3751 789 3819 tudae
809 3751 823 3806 d
842 3751 916 3815 uide,
946 3751 993 3807 διὰ
1013 3751 1062 3818 τὴν
1079 3750 1149 3823 πρὸς
1164 3750 1199 3805 τὰ
1215 3749 1276 3818 eiri-

66 3825 173 3875 Cosmrel.
192 3829 249 3876 item
267 3821 337 3894 πρὸς
349 3817 490 3893 Ἄμμωνα.
525 3829 640 3889 Comini·
689 3840 774 3892 ματα.
812 3828 1047 3877 Theodoretusrero
1067 3826 1130 3874 bnnc
1149 3824 1275 3875 locnmci·

65 3902 97 3942 lnr
112 3910 197 3944 omnes
217 3910 275 3944 mss.
294 3903 318 3945 et
336 3896 409 3945 editio
422 3897 565 3946 commotio.
579 3886 640 3962 ’Ἀμ-
692 3906 744 3944 trns
761 3894 824 3945 llial.
836 3895 859 3945 i.
878 3896 913 3944 sic
930 3896 1015 3943 babet:
1033 3884 1152 3959 ἄμπελος
1161 3887 1191 3942 δὲ
1202 3884 1275 3951 ἐκλή-

64 3974 134 4023 μυνα
157 3963 193 4012 sel
215 3953 362 4028 ’Apporto
386 3964 502 4024 babeant,
532 3965 640 4014 ridentur
691 3963 727 4022 θη
747 3955 761 4009 d
779 3956 872 4028 κύριος
888 3955 934 4010 ded
952 3955 1003 4020 τὴν
1020 3954 1082 4025 napi
1094 3954 1128 4008 τὰ
1142 3954 1274 4026 κλήματα.

66 4027 203 4081 Parisienses
222 4032 328 4081 editores
346 4031 563 4082 nullsanctoritate
576 4033 639 4081 ducti
726 4032 741 4079 i.
761 4031 840 4080 Felclr.
854 4030 877 4079 3.
898 4045 969 4079 enon.
987 4023 1032 4076 καὶ
1051 4021 1275 4109 σαμωνᾶνὲγρα-

62 4086 205 4164 'Appedrser
222 4102 345 4164 posuisse,
365 4100 420 4163 quia
437 4100 531 4150 scilicet
548 4100 583 4150 sic
601 4102 639 4149 in·
690 4101 733 4160 ψα
751 4089 903 4156 ἐπιστολήν.
921 4091 991 4164 πρὸς
1008 4091 1039 4144 δὲ
1055 4110 1115 4157 την,

65 4165 93 4214 lrs
109 4167 217 4217 babetsr.
725 4181 756 4215 m.
775 4167 873 4216 Tauria.
892 4167 979 4215 elles.
998 4155 1157 4242 ἀνατίθημι.
1183 4163 1275 4212 ibidem

90 4235 112 4282 l.
134 4236 213 4284 felci.
237 4233 262 4284 3.
289 4247 363 4283 anon.
388 4224 477 4282 ἄλλων
500 4225 638 4300 ῥημάτων.
690 4234 772 4283 Felel:
789 4233 810 4283 3.
832 4249 903 4283 anon.
929 4223 975 4279 ἵνα
997 4226 1043 4280 καὶ
1065 4245 1127 4297 περι
1153 4229 1202 4289 τῆς
1218 4222 1275 4279 ἐπι·

64 4298 106 4349 lor
122 4303 185 4352 idem
203 4300 253 4351 τοῦ
270 4299 399 4366 Χριστοῦ
416 4296 512 4357 δείξας.
691 4297 788 4361 στολῆς
805 4283 836 4360 ἧς
852 4295 992 4366 &politiae
1007 4299 1113 4365 γνῶσιν
1130 4291 1159 4345 ot‘
1170 4289 1274 4374 oporop-

90 4370 203 4422 ifeiel.
224 4371 248 4421 3.
273 4383 348 4420 enon.
381 4359 429 4418 cris
451 4361 528 4417 dorsa
551 4363 580 4418 ἓν
604 4368 638 4437 τῇ
688 4383 745 4434 μοι.
774 4371 819 4428 Qui
838 4370 912 4419 codex
932 4383 985 4417 mor
999 4369 1088 4418 desinit
1098 4368 1121 4417 in
1134 4380 1191 4415 rnce
1204 4378 1275 4431 φρο·
1372 4399 1378 4410 .

69 4426 76 4445 '
689 4449 777 4496 νησιν.
812 4437 945 4501 Statimque
971 4439 995 4485 in
1020 4436 1104 4486 eodem
1122 4433 1276 4496 subiungitu-

88 4476 188 4560 auses
202 4502 250 4558 sot
269 4499 285 4557 i
303 4499 389 4570 uros
412 4505 501 4557 desunt
516 4505 542 4556 in
560 4503 639 4567 editis,
689 4505 765 4570 Epist
785 4504 814 4556 nd
832 4505 949 4555 loannem
967 4512 993 4554 et
1008 4502 1160 4553 lotiocbnm.

87 4598 206 4641 annisu
216 4608 273 4643 ess.
284 4603 360 4640 sess.
374 4601 424 4636 sss.
1061 4585 1077 4637 g
