2948 5092
288 1008 773 1082 sencrlrarnts
809 1010 1036 1085 uosrnl

442 1170 891 1285 ATHANASH

344 1309 989 1383 ancarurrscouratuxauuarau
1061 1386 1066 1391 ,

377 1448 668 1511 aurursus
704 1449 952 1535 narrans

523 1584 809 1636 chartuitiana.

504 1778 817 1788 m

135 1979 163 2037 1.
211 1975 325 2036 Omnes
348 1974 465 2052 quidem
489 1974 640 2046 haereses,
664 1983 808 2053 quotquot
830 1974 970 2036 hactenus
993 1995 1009 2036 a
1031 1977 1151 2038 veritate
1175 1999 1361 2052 cecos-pam,

55 2094 132 2149 sere,
164 2075 289 2138 evidens
312 2082 361 2137 est
381 2075 501 2136 insanas
526 2074 582 2136 sibi
605 2076 790 2154 excogitasse
818 2076 993 2155 opiniones,
1023 2077 1194 2158 illarumque
1216 2080 1275 2143 im-

54 2178 142 2257 pietas
164 2177 305 2239 omuihas
329 2177 386 2238 iam
410 2177 519 2238 dudum
542 2187 589 2238 est
608 2179 761 2256 patefacta.
807 2177 938 2239 Dubitari
968 2179 1045 2240 enim
1074 2200 1133 2242 non
1154 2191 1277 2261 =potcst,

55 2280 117 2357 quin
139 2298 243 2340 eaerum
265 2288 404 2339 auctores
427 2280 572 2340 carcobio
595 2283 737 2350 exieriat,
762 2279 1007 2357 quemadmodum
1031 2282 1152 2362 scripsit
1172 2284 1277 2346 beatus

56 2379 185 2454 loannes,
210 2380 448 2459 quandoquidem
471 2399 567 2460 neque
589 2380 642 2440 suit
663 2399 811 2458 unquam,
836 2400 932 2460 neque
955 2402 1033 2443 unrrc
1055 2384 1210 2446 nobiscum
1233 2394 1280 2447 est

59 2481 165 2543 diorum
188 2482 333 2542 doctriua.
380 2481 501 2555 Idcirco,
525 2491 557 2543 ut
578 2482 650 2543 dixit
672 2482 823 2554 Salvator,
846 2502 908 2544 non
932 2485 1102 2564 colligentes
1125 2489 1278 2549 uobiscum
1359 2520 1363 2524 ·

61 2585 228 2666 dispergunt
250 2602 316 2644 cnm
340 2583 474 2655 diaholo,
497 2584 738 2663 dormientesque
761 2584 927 2654 observant,
951 2595 984 2646 ut
1006 2604 1111 2663 sparso
1136 2605 1190 2646 suo
1214 2589 1277 2648 exi·
1375 2592 1381 2607 ’

62 2687 111 2747 ridi
137 2705 253 2748 veneno
282 2686 385 2746 mortis
415 2686 514 2745 socios
543 2685 669 2746 habeant
690 2686 845 2764 plurimos.
891 2687 966 2758 Quia
997 2706 1065 2747 vero
1089 2707 1146 2748 uria
1169 2699 1198 2749 et
1219 2707 1303 2766 po·‚

63 2798 157 2848 struma
179 2788 349 2852 haeresum.
373 2805 446 2864 quae
468 2787 585 2864 praevia
607 2788 789 2847 Antichristo
812 2787 901 2847 modo
926 2797 1026 2848 exorta
1051 2799 1096 2848 est
1113 2789 1278 2866 Ariauaque

64 2890 220 2968 appellator,
245 2891 324 2949 vaira
347 2896 377 2949 et
399 2887 511 2960 callida,
534 2876 771 2950 ammadverteus
794 2888 976 2967 antiquiores
1003 2908 1036 2949 so
1060 2908 1182 2950 sorores
1205 2890 1276 2952 alies

65 2990 188 3053 haereses
209 2991 305 3071 palam
335 3000 466 3062 notatas,
500 2992 563 3068 ipsa
592 3008 660 3051 sese
684 2990 901 3067 scripturarum
931 2991 1079 3058 vocabulis
1109 2990 1155 3053 sui
1184 2991 1277 3069 patris

64 3092 156 3154 diaboli
178 3093 314 3171 exemplo
339 3092 473 3152 sinmlate
495 3092 599 3164 induit,
625 3092 756 3170 nihilque
780 3111 839 3152 noa
863 3092 999 3163 molitur,
1023 3103 1055 3152 nt
1077 3093 1107 3152 in
1129 3092 1277 3154 Ecclesiae

63 3196 217 3269 paradisum
241 3195 299 3255 sihi
321 3194 436 3272 regredi
459 3193 560 3265 liceat,
584 3202 615 3254 ut
637 3194 802 3256 Christiana
829 3195 927 3271 specie
950 3203 1080 3255 assumta
1103 3194 1215 3272 aliquos
1239 3195 1276 3255 ad

63 3313 136 3371 arare
158 3297 194 3357 de
218 3296 337 3357 Christo
367 3296 554 3356 seruiendum
583 3296 682 3375 possit
704 3296 784 3356 salsis
806 3294 1109 3372 argumentationibus
1132 3297 1277 3356 atiducere

63 3400 206 3478 (siquidem
229 3397 303 3458 nihii
325 3396 355 3457 ia
378 3416 410 3458 se
433 3397 520 3458 hahet
541 3398 619 3476 quod
642 3397 750 3458 rationi
774 3396 813 3458 sit
835 3404 1095 3473 consentaneum),
1119 3417 1203 3467 cum,
1227 3397 1275 3457 in-

62 3518 145 3577 quam,
168 3499 362 3561 nihilominus
386 3499 543 3560 nonnullos
566 3500 740 3578 insipientes
763 3500 820 3559 iam
842 3500 1066 3561 circumvenerit
1088 3499 1173 3572 (adeo
1189 3498 1277 3559 utiili

62 3619 109 3661 rica
132 3611 244 3663 tantum
267 3599 388 3662 auribus
410 3601 472 3661 sint
493 3599 657 3680 depravati,
687 3601 740 3661 sed
770 3601 857 3661 etiam
879 3599 955 3660 Erae
984 3599 1095 3661 similes
1125 3608 1276 3677 acceptum

61 3719 180 3764 errorem
203 3701 395 3781 gustaverint,
418 3702 544 3781 indeque
566 3703 730 3782 ignorantia
753 3701 902 3763 obcoecati
921 3720 1060 3764 omarum
1076 3700 1161 3762 dolce
1183 3700 1275 3761 aesti-

85 3974 104 4006 e.
130 3959 220 4019 Regios
252 3951 337 4005 πάλαι
365 3948 500 4024 πρόδηλος
525 3953 631 4020 γέγονε.
721 3956 737 4003 i.
757 3956 798 4004 Sic
815 3955 955 4014 Seguerian.
976 3952 1273 4005 conlocassent.

57 4023 100 4074 hou
117 4028 218 4087 Seguer.
240 4018 300 4078 τοὺς
320 4017 423 4083 ταύτην
440 4018 614 4091 ἐιμυρόντας.
686 4027 714 4072 ht
731 4023 772 4070 alii
792 4030 814 4071 ot
833 4022 890 4070 editi
910 4015 1010 4074 αὐτοῖς.

83 4094 105 4143 i.
122 4095 163 4144 Sic
181 4108 241 4143 mss.
266 4101 367 4156 excepto
393 4092 498 4142 Feicim.
518 4093 558 4151 2.,
585 4093 634 4155 qui,
720 4106 742 4151 g.
761 4091 860 4150 Seguer.
888 4091 985 4141 Gohier.
1011 4089 1116 4139 terciam.
1138 4088 1159 4136 1.
1183 4077 1273 4144 αὐτῆς.

55 4170 74 4208 ot
91 4171 113 4212 et
130 4163 195 4221 editi,
215 4163 303 4211 omittit
323 4151 386 4208 οὔτε
405 4145 445 4219 η’ν,
467 4160 530 4224 qnod
549 4160 572 4208 iu
588 4161 634 4209 ua·
687 4158 760 4205 Penio
780 4167 835 4220 post
853 4157 991 4207 Gobieriau.
1011 4167 1033 4206 et
1053 4156 1155 4206 Feichm.
1178 4155 1199 4202 1.
1218 4162 1275 4215 post

53 4231 136 4280 sitiens.
156 4230 246 4279 receuti
260 4245 334 4280 maan
347 4229 452 4277 additum
465 4237 509 4276 est.
536 4229 634 4288 Seguer.
685 4219 898 4302 περιβαλλομένη
909 4227 999 4275 addunt
1010 4229 1094 4274 iterum
1104 4215 1193 4273 totam
1205 4232 1274 4268 ⁰⁹⁶oe

53 4299 117 4348 trahet
135 4288 192 4346 οὔτ’
212 4283 254 4356 η’ν.
619 4332 625 4340 .
686 4306 730 4340 και
749 4305 912 4356 πανουργος.
1249 4355 1253 4363 Ι

80 4383 99 4415 e.
118 4367 223 4417 feickua.
238 4366 261 4416 2.
281 4376 306 4414 et
326 4363 401 4413 editio
420 4362 537 4412 Commci.
558 4372 636 4426 σκορ-
724 4363 746 4408 h.
765 4373 796 4422 γε
820 4361 888 4409 deest
913 4362 936 4409 ia
956 4360 1036 4421 hegio.
1075 4358 1139 4406 idem
1159 4362 1182 4404 et
1200 4354 1273 4403 Basti.

50 4428 176 4491 παίζουσι.
212 4437 316 4497 Segusa.
337 4430 396 4480 ibid.
414 4424 484 4495 μετὰ
497 4423 632 4493 διαβόλου.
688 4429 778 4491 hagiic.
799 4436 822 4476 et
840 4428 944 4478 i'oicitm.
963 4427 987 4475 5.
1007 4417 1143 4491 ἀφρόνων
1167 4413 1217 4481 ἤδη
1235 4433 1275 4469 τι·

78 4526 200 4567 Διωιιιι
214 4533 267 4567 οη.
281 4530 360 4565 occu.
374 4528 424 4559 suu.
1041 4508 1071 4557 10
