2948 5092
458 110 566 156 enarro
581 112 625 157 m.
641 112 906 159 communitos.
1227 100 1293 166 480

63 284 119 350 pro
139 263 231 329 lecolo
252 261 372 325 orabat:
398 262 482 326 noar
503 273 604 327 sotem
624 282 708 326 mess
731 262 885 327 benedicat
905 266 962 329 tibi
981 277 1010 329 et
1032 284 1168 331 ersom
1190 277 1218 331 te
1238 270 1379 348 seem

64 373 124 431 ei'st
144 376 236 447 mque
255 362 451 444 multiplicet,
472 375 508 426 ot
529 366 572 426 sir
594 369 628 426 is
649 365 758 428 soreos
777 364 982 445 populerunt,
1005 377 1035 431 el
1056 369 1105 430 det
1127 366 1184 430 tibi
1203 366 1295 431 bene-

63 472 224 532 dictionem
246 464 385 527 lbroboe
411 469 513 544 petris
541 469 608 526 ord.
653 463 685 527 Si
713 482 805 544 porro
832 465 941 528 nullius
963 466 1037 528 alios
1061 486 1148 547 quam
1169 462 1224 529 b'ei
1247 477 1296 531 est

62 569 242 633 benedicere
263 574 303 633 eto
314 565 450 639 liberare,
474 565 501 626 si
523 566 622 627 nullus
644 574 763 645 praeter
783 566 883 646 ipsum
898 568 1057 629 [lominum
1072 568 1160 630 Iacob
1180 569 1295 632 liberr-

62 672 112 745 ril,
136 688 225 751 qoem
247 668 436 729 liberatorem
452 666 517 746 ipss
531 667 699 729 Patr-iarcba
720 685 776 746 pro
799 668 957 748 nepotibus
979 670 1149 744 invocabat3
1171 671 1294 751 perspi-

63 790 151 834 enom
175 769 244 831 inde
266 777 324 842 est,
347 787 415 830 enm
437 767 549 829 nudum
564 768 654 830 alium
669 786 736 831 com
751 768 813 830 [leo
830 768 859 830 in
875 786 929 831 sua
944 770 1079 832 oratione
1101 764 1307 835 coniunxits'

62 883 183 953 prester
204 869 351 943 Verbum,
380 869 460 949 qood
482 867 593 931 idcirco
614 868 758 949 Angelum
780 869 950 949 appellarit,
974 872 1053 950 qood
1075 872 1172 935 solum
1194 873 1293 952 ipsum

62 974 160 1037 Patris
182 971 334 1052 impertiat
355 970 566 1049 cognitionem.
597 970 701 1034 Simile
721 972 793 1032 item
815 978 872 1044 est,
895 971 975 1051 qood
997 971 1102 1035 scribit
1115 973 1293 1054 Apostolus:

65 1077 175 1140 Grotio
204 1074 290 1136 rodii
316 1082 346 1134 et
374 1091 441 1153 pos
467 1092 486 1134 c
513 1072 575 1135 Deo
605 1072 697 1135 Patre
724 1084 833 1136 nostro
863 1082 892 1134 et
912 1072 1042 1136 Domino
1065 1074 1136 1137 lero
1160 1074 1293 1138 Christo.

62 1176 105 1238 lta
127 1161 209 1237 enim
231 1182 292 1234 tnta
314 1180 379 1234 erat
399 1172 584 1247 benedictio,
613 1191 680 1235 oum
708 1173 746 1234 ob
775 1172 955 1235 individuam
975 1173 1042 1236 Filii
1065 1184 1095 1237 et
1116 1176 1212 1238 Patris
1234 1194 1292 1238 na-

65 1287 178 1348 torum,
211 1282 273 1336 tom
307 1275 375 1353 quia
401 1293 460 1335 nna
488 1282 519 1336 et
546 1274 649 1336 eadem
672 1282 736 1336 erat
757 1275 824 1336 data
846 1275 948 1354 gratia.
991 1276 1066 1338 Nom
1086 1275 1154 1339 licet
1177 1276 1380 1341 dederltroo.

63 1377 161 1450 Pater,
183 1374 264 1455 qnod
286 1384 385 1437 tamm
407 1376 502 1450 datur,
524 1394 579 1455 per
599 1374 706 1438 Filium
728 1375 822 1438 datur.
855 1376 998 1439 Similiter
1019 1377 1088 1440 licet
1107 1376 1200 1440 Filius
1222 1377 1296 1441 daro'

64 1479 189 1551 diesim,
211 1476 300 1539 Pater
320 1486 377 1551 est,
401 1477 452 1557 qui
473 1495 528 1557 per
550 1477 658 1539 Filium
680 1485 710 1539 el
731 1477 763 1538 in
784 1477 859 1538 Filio
881 1478 941 1539 dat.
975 1477 1051 1539 llinc
1071 1477 1234 1558 Apostolus
1255 1478 1295 1541 nl

61 1579 238 1642 Corinthios
267 1578 385 1641 scribit:
419 1579 542 1642 Gratias
571 1570 631 1660 opo
650 1578 713 1653 Deo
734 1597 798 1641 mco
821 1597 940 1660 semper
965 1598 1027 1660 pro
1050 1581 1135 1643 vobis
1153 1599 1215 1662 pro
1237 1579 1297 1643 Del

64 1685 182 1760 protr'n,
209 1680 389 1761 comoedis
411 1682 445 1741 in
468 1680 589 1743 Christo
613 1678 684 1741 less
706 1691 752 1742 ert
775 1681 857 1742 dcto.
902 1681 981 1752 Quin
1003 1666 1092 1742 eliam
1113 1682 1193 1744 idem
1214 1680 1296 1745 istud

65 1782 94 1843 in
114 1782 182 1844 luce
204 1789 234 1842 et
255 1780 414 1860 splendore
436 1780 671 1843 animadvertere
693 1790 750 1843 est.
783 1781 857 1842 Nam
879 1783 959 1861 quod
974 1781 1193 1859 lorillominat‚
1215 1783 1296 1846 idem

65 1900 183 1962 qnoque
205 1881 349 1961 splendor
375 1881 534 1956 illuminat,
565 1891 595 1944 et
621 1882 753 1944 vicissim
783 1883 862 1962 qood
884 1883 1027 1964 splendor
1047 1885 1208 1960 illuminat,
1236 1886 1297 1949 boc

64 1983 111 2045 lnx
134 2002 254 2063 quoque
275 1983 430 2044 illuminat
466 1984 517 2045 Sic
537 1985 624 2046 Pater
645 1984 770 2057 ridetur,
793 2003 859 2046 cum
883 1986 999 2048 ridetur
1013 1985 1115 2059 Filius,
1139 1986 1208 2067 quia
1221 1987 1296 2067 ipse

64 2083 160 2148 Patris
184 2094 232 2146 est
252 2084 402 2164 splendor,
426 2094 514 2165 atque
536 2086 594 2148 hoc
616 2093 702 2166 pacto
723 2084 812 2148 Pater
833 2095 863 2147 et
884 2085 976 2150 Filios
997 2106 1091 2150 onum
1113 2097 1194 2150 sont.

150 2494 202 2555 14.
248 2490 327 2552 ldem
355 2500 452 2552 aulem
480 2491 518 2552 de
545 2492 630 2553 lactis
659 2493 818 2554 edoceatis
841 2490 931 2552 rebus
954 2490 1147 2570 nequitdici.
1190 2490 1296 2570 Neque

64 2592 144 2655 enim
165 2590 253 2652 Patre
280 2591 389 2671 aliquid
419 2593 565 2654 officiente
593 2594 623 2655 id
656 2593 746 2655 eliam
778 2593 907 2671 Angelus
941 2592 1048 2672 aliquis
1082 2598 1133 2653 aut
1159 2591 1216 2653 alia
1244 2608 1296 2655 res

64 2700 163 2757 mula
183 2692 284 2766 elficit,
307 2712 374 2754 com
397 2694 471 2755 nihil
492 2695 599 2755 horum
623 2712 712 2756 causa
736 2694 775 2755 sit
797 2692 940 2767 efficiens,
963 2693 1017 2755 sed
1042 2710 1146 2755 omnes
1170 2691 1295 2755 omnino
1386 2673 1392 2685 “

65 2797 128 2857 sint
147 2813 198 2856 res
221 2795 322 2866 lacae,
345 2794 382 2855 ab
405 2813 451 2868 eo,
475 2796 523 2875 qui
547 2795 632 2858 solus
655 2806 711 2869 cst,
735 2802 888 2874 separatae
910 2801 941 2855 ct
961 2792 1141 2868 disiunctae,
1165 2811 1241 2872 quae
1263 2798 1294 2855 el

64 2897 150 2959 aliam
173 2895 299 2975 abipso
321 2904 455 2958 naturam
477 2898 603 2971 habent,
632 2906 663 2959 ct
684 2915 775 2976 opera
797 2903 884 2969 sunt,
918 2912 1014 2975 neque
1036 2914 1086 2969 ea,
1115 2912 1191 2974 queo
1211 2894 1294 2973 Deus

66 2997 167 3070 efficit,
188 3006 317 3077 possunt
339 2999 466 3071 efficere,
489 3017 597 3079 neque,
619 2998 663 3060 oli
686 2995 869 3077 supradixi,
891 2995 954 3057 lleo
969 2995 1093 3075 gratiam
1108 2995 1296 3075 impertiente

152 3117 220 3160 cum
243 3099 293 3159 illo
321 3099 474 3178 impertire
501 3107 631 3179 qneont;
663 3117 719 3160 nee
746 3097 830 3178 quis,
864 3097 890 3157 si
923 3094 1066 3177 Angelum
1097 3095 1227 3169 rideret,
1261 3114 1297 3158 se

63 3200 185 3265 Patrem
211 3199 321 3261 vidisse
354 3209 436 3263 recto
467 3208 575 3281 posset
601 3201 712 3264 dicere.
755 3198 975 3277 Namdngeli,
1009 3205 1043 3259 ot
1070 3197 1215 3278 scriptum
1237 3206 1294 3272 est,

63 3301 285 3364 ministratores
306 3309 378 3363 sunt
399 3301 529 3381 spiritns·
545 3302 583 3365 ad
604 3302 832 3365 ministrandum
853 3299 955 3375 missi,
978 3299 1029 3378 qui
1051 3297 1139 3372 dona,
1161 3274 1237 3377 qboo
1258 3292 1307 3361 an*

63 3403 133 3483 ipso
154 3401 359 3481 perverbum
380 3403 498 3477 dantur,
519 3402 569 3466 bis
590 3404 780 3473 annunciant,
803 3403 855 3481 qui
875 3419 911 3462 ea
932 3400 1088 3480 aocipirmt.
1132 3397 1209 3461 ilino
1228 3399 1297 3480 ipse

63 3520 215 3584 apparens
236 3501 365 3580 Angelus
388 3523 420 3565 se
443 3504 601 3567 allomino
622 3505 752 3567 missum
767 3521 834 3565 esse
851 3504 968 3576 latetur,
990 3500 1034 3562 uti
1050 3499 1168 3562 Gabriel
1182 3500 1295 3562 Zacha-
1352 3554 1357 3565 .

62 3722 121 3770 aliis
136 3729 162 3771 et
184 3721 257 3770 editis
280 3721 349 3772 deest
366 3715 407 3771 τό.
442 3721 496 3773 llos
513 3724 570 3786 ling.
589 3724 612 3773 l.
630 3732 656 3774 el
704 3734 764 3776 roo,
782 3714 829 3768 καὶ
846 3710 918 3769 mo·
953 3719 1016 3770 fidili
1034 3718 1083 3768 1οῦ
1099 3710 1204 3782 μόνον»
1223 3709 1296 3767 5220·

62 3790 168 3851 saner.
190 3782 302 3852 erycen
323 3784 498 3854 χαρίζεσθαι.
534 3790 613 3841 Ceteri
630 3799 656 3841 st
707 3791 760 3840 llox
777 3788 874 3839 Gobler.
893 3796 917 3838 et
934 3787 1082 3861 l'elelrrn3l.
1102 3777 1165 3834 edre
1182 3776 1299 3863 depra-

61 3856 124 3906 editi
140 3850 203 3920 λέγῃ
216 3850 394 3921 χαρίζεσθαι.
431 3858 505 3908 Panlo
524 3867 581 3922 post
597 3858 655 3919 llos.
708 3854 788 3913 ζεται.
823 3855 880 3917 fleg.
898 3855 920 3905 l.
945 3846 1007 3902 edre
1030 3845 1118 3919 druso
1141 3844 1297 3917 ἔργαζεται.

63 3926 90 3975 1.
107 3929 134 3971 el
149 3925 252 3986 sepner.
268 3915 300 3973 lr
315 3920 356 3987 tei
372 3916 431 3989 olei.
462 3924 542 3975 Celeri
559 3933 583 3974 et
600 3924 657 3975 aditi
706 3922 798 3974 lbidenr
812 3915 1295 3988 postdrimrcslpydlsodorrddort

60 3984 96 4040 ἐν
112 3981 172 4053 σὶἤ.
709 3991 767 4041 editi
791 3998 815 4040 et
840 3990 952 4104 plenipoe
978 4004 1037 4039 mss.
1061 3981 1118 4037 ἐπεὶ
1134 3980 1180 4034 καὶ
1197 3976 1299 4039 αὐτοὺς

96 4072 122 4106 s.
139 4058 182 4107 llic
201 4071 262 4107 mss.
288 4067 385 4121 praeter
401 4057 508 4109 llslelm.
525 4058 550 4108 2.
568 4060 654 4124 quint
707 4048 873 4173 {pollerem
890 4052 1015 4113 devoir.
1050 4056 1150 4117 sepner.
1169 4052 1296 4116 collem.

59 4136 88 4176 er
106 4124 182 4174 oditis
194 4120 316 4175 commel'
331 4125 421 4175 omittit
435 4123 486 4175 τοῦ
503 4123 578 4176 θεοῦ.
706 4120 726 4173 d
740 4122 841 4182 ξουσιν.
877 4126 926 4175 Sed
944 4126 1004 4175 liaeo
1021 4123 1109 4172 desunt
1126 4123 1150 4172 in
1162 4121 1220 4184 Res.
1231 4121 1254 4171 l.
1272 4126 1299 4171 st

93 4190 242 4253 eraldo.
260 4192 285 4241 5.
301 4188 441 4256 γεννητῶν
456 4186 622 4259 πωμάτων.
706 4194 816 4244 videntur
833 4207 936 4257 prorsus
955 4191 1057 4241 inutilia.
1201 4246 1209 4265 e

95 4272 121 4321 ς.
140 4256 244 4322 ὕψει.
262 4253 414 4314 διεστῶτες.
445 4260 537 4311 lbidrm
555 4262 611 4324 fleg.
633 4264 655 4311 l.
741 4263 763 4311 h.
783 4261 839 4324 llsp.
859 4261 881 4309 l.
901 4268 925 4310 et
942 4259 1041 4321 Segoer.
1060 4248 1298 4320 enonmopooc

56 4325 121 4379 012
138 4326 214 4378 besil.
231 4327 323 4391 lnglic.
341 4337 365 4379 et
379 4328 485 4379 Felclrm.
496 4329 520 4380 5.
538 4328 588 4379 rori
605 4322 655 4397 μό·
706 4329 751 4379 llii
770 4338 798 4379 et·
812 4329 869 4380 edili
887 4317 1115 4390 dococti-liparo.
