2948 5092
342 213 492 260 ΙΡΙΙΜΙΛ
503 213 543 259 ΒΕ
556 212 701 257 necastis
715 212 860 259 mmm
874 172 994 262 muni.
1241 207 1283 274 33

75 366 250 449 iutdtigmtes
277 363 504 447 respondeatis,
526 364 633 427 Filium
660 363 728 427 ticet
756 373 887 428 creatum
915 368 1049 446 potuisse
1077 389 1094 432 a
1122 374 1369 438 non-neonae

72 471 137 545 ieri:
152 486 279 533 πωπω
301 475 350 530 est
370 466 460 529 etiam
482 465 659 540 concedatis,
682 465 754 528 alias
776 485 826 556 res
850 485 967 542 omnes,
989 488 1064 548 quae
1085 472 1179 535 sactae
1200 482 1282 551 sunt,

67 571 188 652 potuisse
208 588 228 633 a
247 569 410 631 non-fecto
430 566 596 648 procreari:
619 568 727 647 quippe
750 584 817 629 cum
838 568 905 648 ipse
926 570 1019 632 Filius
1042 574 1205 637 secundum
1227 595 1287 640 voe

66 674 96 735 sit
112 686 306 753 durqueres
329 677 444 744 creata,
472 677 504 732 ut
531 676 561 730 et
581 687 632 731 res
655 687 760 731 omnes
782 679 908 733 ceterae.
952 673 1110 736 Praeterea
1132 695 1168 738 ex
1189 676 1282 757 impio

63 772 201 839 dstnho
236 771 412 835 huiusmodi
441 779 540 834 resno
567 778 735 833 commento
765 772 915 852 sequitur,
945 774 1080 837 inutilem
1102 794 1172 838 esse
1193 776 1282 840 Verbi

60 874 292 957 gmmtitmm,
321 892 389 936 eum
417 881 448 935 et
467 871 547 936 Deus
577 873 676 935 omnia
703 873 917 953 perseipsum
939 875 1071 954 potuerit
1091 877 1223 951 efficere,
1252 886 1284 941 et

58 996 97 1041 res
121 994 235 1041 omncs
250 978 358 1051 ⁴factae
385 973 523 1039 invictam
543 974 598 1037 uei
625 993 746 1037 manum
773 977 850 1038 terre
878 977 1040 1055 potuerint.
1082 977 1186 1059 ltaque
1214 996 1282 1041 cum

57 1080 145 1160 'nepta
166 1096 203 1143 ac
223 1078 322 1141 futilis
343 1077 385 1140 sit
405 1077 478 1141 haec
499 1077 618 1141 iliomm
638 1076 731 1151 ratio,
754 1077 956 1156 expendamus
978 1095 1016 1139 an
1037 1096 1099 1139 nou
1121 1079 1199 1141 aliud
1222 1079 1281 1141 im·

56 1181 164 1263 piorum
191 1181 356 1261 sophisma
384 1180 472 1242 etiam
500 1178 594 1258 magis
614 1197 704 1258 qnam
725 1186 841 1240 ceterae
862 1179 997 1260 ipsorum
1019 1180 1151 1258 argutiae
1173 1181 1281 1243 absur-

56 1284 116 1347 dnn
135 1281 303 1344 ridebitur.
347 1281 441 1343 Adam
469 1281 551 1342 solus
580 1298 597 1342 a
619 1278 684 1342 solo
706 1279 769 1341 Deo
790 1299 845 1360 per
866 1280 996 1342 Verbum
1017 1282 1113 1342 factus
1135 1290 1198 1342 est:
1227 1301 1281 1344 vm

10 1366 12 1379 ¹
54 1404 113 1447 rum
139 1402 237 1447 nemo
258 1383 371 1445 ideireo
395 1382 514 1454 dixerit,
536 1381 680 1442 adamum
701 1381 811 1461 aliquid
832 1381 958 1460 amplius
981 1381 1089 1443 ceteris
1110 1383 1282 1447 hominibus

55 1486 173 1558 hum,
202 1483 254 1547 vel
281 1503 299 1547 a
325 1483 458 1564 posteris
487 1482 623 1558 differre,
655 1480 735 1562 quod
756 1483 822 1561 ipse
843 1483 962 1562 quidem
986 1485 1069 1546 sotus
1092 1504 1109 1545 a
1131 1486 1198 1547 soto
1219 1485 1283 1548 Deo

56 1588 142 1648 tauns
163 1594 197 1648 et
217 1586 368 1647 formatus
391 1585 448 1658 sit,
475 1602 532 1646 nos
560 1591 657 1645 autem
681 1601 786 1644 omnes
810 1604 845 1645 ex
866 1584 978 1646 ddamo
1000 1595 1143 1665 perpetua
1165 1587 1283 1664 generis

56 1687 277 1750 continuatione
305 1704 464 1769 nascamur
492 1694 522 1745 et
547 1703 757 1765 procreemur:
786 1687 925 1765 quamdiu
948 1687 1060 1749 scilicet
1080 1696 1192 1748 certum
1216 1688 1283 1764 erit,

56 1788 148 1868 ipsum
169 1787 263 1850 etiam
285 1804 328 1849 ex·
344 1793 422 1848 terra
443 1787 601 1849 formatum
624 1805 709 1860 esse,
739 1788 840 1867 etqui
862 1796 948 1850 antea
969 1807 1030 1849 non
1053 1796 1150 1862 esset,
1176 1797 1285 1869 postea

56 1891 172 1952 tuisse·
250 1940 270 1975 0

133 2096 166 2158 9.
212 2090 304 2164 Quod
326 2091 353 2151 si
375 2091 472 2170 primo
493 2092 609 2171 parenti
631 2030 740 2171 adquid
762 2092 874 2153 ceteris
893 2091 1019 2172 amplius
1040 2092 1171 2154 tribuere
1186 2093 1284 2168 libeat,

57 2196 102 2273 qui
122 2191 236 2275 nempe
256 2192 300 2255 ita
320 2191 390 2255 felix
411 2193 475 2265 suit,
497 2201 530 2255 ut
544 2193 599 2255 uei
620 2211 711 2255 manu
725 2195 922 2268 formaretur:
945 2213 1046 2255 verum
1061 2196 1142 2257 istud
1157 2197 1283 2276 amplius
1396 2204 1404 2212 '

56 2297 230 2358 inhonore
258 2312 322 2357 non
349 2294 382 2354 iu
409 2304 513 2356 natura
542 2295 708 2357 consistere
736 2294 959 2375 intelligendum
988 2305 1043 2357 est.
1087 2296 1220 2383 Namque
1249 2317 1284 2360 ex

56 2407 129 2461 terra
150 2400 250 2460 iaetus
273 2404 331 2470 est,
353 2403 386 2456 ut
408 2395 458 2457 alii
480 2414 600 2469 omnes,
623 2405 796 2469 otmarus,
819 2416 894 2476 quae
916 2405 987 2458 tune
1007 2397 1150 2459 ddamum
1173 2400 1284 2461 forma·

56 2501 108 2572 rit,
134 2501 204 2578 ipsa
228 2505 259 2557 et
280 2515 360 2559 nunc
382 2509 412 2558 et
433 2516 553 2578 semper
575 2516 679 2559 omnes
703 2498 767 2559 eius
789 2507 930 2575 posteros
953 2500 1107 2560 formatae
1122 2499 1285 2578 componit.

56 2598 175 2680 tuipse
196 2599 280 2661 Deus
301 2599 339 2660 ad
361 2599 525 2671 ieremiam,
550 2607 582 2659 ut
603 2599 685 2679 prius
708 2599 821 2671 monui,
845 2598 933 2660 dixit:
957 2599 1139 2679 Priusquam
1163 2610 1191 2661 te
1213 2601 1285 2678 sor·
1375 2586 1385 2601 ’

58 2721 167 2765 uorem
189 2704 226 2761 iu
247 2708 352 2770 utero,
382 2705 456 2762 uoci
479 2711 517 2762 te.
560 2700 603 2760 De
631 2700 771 2761 omnibus
794 2708 892 2760 autem
915 2700 980 2761 aliis
1003 2701 1058 2760 ait:
1088 2701 1198 2783 Maurae
1220 2719 1287 2761 meu

59 2806 124 2883 ferit
154 2804 231 2864 iaec
259 2806 368 2864 omniu.
412 2801 451 2862 Et
476 2821 582 2863 rursus
604 2820 658 2880 per
678 2801 811 2862 Esaiam:
841 2801 922 2862 Haec
950 2803 1021 2862 dicit
1042 2800 1206 2871 Dominus,
1236 2805 1289 2882 qui

61 2910 175 2969 redinrit
198 2916 229 2967 te
251 2914 281 2964 ct
300 2902 418 2981 format
440 2912 473 2966 te.
489 2907 522 2965 iu
543 2914 642 2964 utero.
683 2902 749 2982 dyo
765 2902 924 2972 Dominus,
947 2905 1000 2981 qui
1021 2907 1120 2962 omur'a
1139 2902 1286 2981 perficio:

64 3009 179 3070 ruendi
199 3005 318 3067 eoelum
340 3004 427 3066 solua
449 3015 478 3066 et
499 3004 633 3067 stabilivi
654 3016 779 3067 terram.
812 3004 902 3064 David
925 3022 1053 3083 quoque,
1077 3003 1124 3063 oui
1146 3003 1204 3064 ista
1226 3021 1371 3073 nonnum

64 3104 192 3180 hubent,
216 3105 355 3167 canebat:
379 3105 489 3167 Munus
512 3117 581 3168 tuoe
602 3107 741 3184 feceruut
762 3124 808 3166 me
830 3117 859 3167 et
878 3107 1097 3184 formaverunt
1111 3124 1164 3167 me.
1198 3104 1288 3178 Etis,

65 3211 138 3271 mins
162 3209 242 3269 haee
261 3207 340 3286 apud
361 3206 478 3268 Esaiam
500 3207 637 3285 leguntur
659 3206 763 3267 verba:
792 3205 842 3267 Sir
864 3208 936 3269 dicit
957 3207 1121 3277 Dominus,
1145 3211 1197 3287 qui
1215 3208 1288 3284 for-

10 3306 15 3389 s
65 3316 148 3372 uenit
170 3326 219 3370 me
244 3326 283 3370 em
304 3320 393 3371 utero
416 3327 535 3370 sucum
551 3309 632 3378 aidi,
661 3307 739 3369 idem
769 3308 857 3368 etiam
886 3308 1041 3386 significat.
1086 3307 1186 3385 itaque
1214 3306 1288 3368 nihil

10 3398 13 3471 !
66 3412 183 3473 anonis
206 3419 316 3471 natura
337 3408 478 3482 differret,
500 3408 569 3470 licet
589 3427 646 3469 nos
667 3417 802 3487 tempore
824 3411 1028 3480 antecesserit,
1051 3408 1191 3486 quamdiu
1213 3426 1287 3468 con-

10 3474 13 3591 i
67 3513 156 3587 stabit,
177 3529 239 3573 nos
261 3504 366 3571 omnes
389 3509 491 3571 eadem
513 3529 602 3571 manu
627 3510 765 3571 constitui
790 3520 820 3571 et
841 3512 973 3572 formari.
1018 3511 1049 3571 Si
1069 3510 1167 3589 igitur,
1190 3506 1288 3569 odri-

68 3615 114 3688 ui,
137 3622 238 3674 restra
258 3612 335 3672 haee
355 3621 402 3672 est
423 3612 459 3672 de
473 3610 548 3672 Filio
564 3610 616 3672 [ici
640 3613 798 3684 sententia,
820 3612 901 3673 iilum
924 3629 1031 3690 nempe
1053 3611 1097 3672 sic
1112 3611 1199 3670 etiam
1214 3627 1289 3688 pro-

68 3714 178 3777 ductum
200 3706 234 3775 ἓὶ
251 3714 361 3775 sactum
383 3713 489 3774 t'uisse:
513 3712 587 3774 nihil
609 3712 773 3774 secundum
794 3733 848 3774 vos
870 3713 947 3774 inter
969 3732 1036 3774 eum
1059 3721 1089 3772 et
1102 3711 1186 3782 aiios,
1209 3708 1290 3787 quod

69 3816 98 3877 u
125 3824 263 3878 naturam
290 3814 436 3893 pertinet,
467 3815 619 3887 intererit,
643 3815 713 3875 dum
735 3815 847 3875 scilicet
868 3815 1054 3875 contendetis
1078 3813 1191 3891 ipsum,
1222 3828 1290 3873 curn

10 3930 12 3985 !
71 3927 145 3980 ntea
165 3936 229 3979 non
251 3926 345 3991 esset,
366 3922 473 3994 postea
495 3917 599 3990 tuisse,
623 3924 710 3994 atque
732 3915 874 4000 nonnisi
899 3915 937 3975 ob
959 3915 1098 3974 virtutem
1120 3913 1209 3972 huius
1231 3929 1290 3971 no-

10 3998 13 4037 ³
72 4019 149 4080 uinis
181 4004 373 4119 graQ³in
407 4016 454 4078 sui
488 4017 695 4105 procreatione
729 4017 904 4078 obtinuisse.
950 4016 982 4075 Si
1005 4013 1121 4093 quidem
1144 4013 1193 4073 ille
1214 4030 1291 4072 unus

10 4103 12 4124 Ι
73 4139 177 4202 quoque
201 4141 235 4183 er
258 4104 307 4181 tiis
333 4126 390 4192 est,
413 4118 450 4179 de
473 4119 598 4199 quibus,
620 4129 652 4181 ut
674 4118 793 4198 quidem
811 4118 943 4206 putatis,
966 4115 1093 4195 Spiritus
1117 4121 1237 4174 sanetus
1260 4111 1291 4170 in
1385 4108 1391 4118 '

98 4327 117 4360 a.
134 4312 187 4374 fleg.
213 4320 235 4360 et
262 4308 340 4359 Basit.
367 4296 510 4370 ἇγενῆτου.
549 4306 612 4356 Editi
631 4315 655 4355 et
704 4305 767 4354 Editi
780 4306 851 4354 etalii
864 4295 1015 4368 ἇγεννῆτου
1028 4292 1293 4366 εῑαῦτουργηθιῖναι.

72 4378 162 4430 retum.
180 4381 203 4430 7.
223 4368 390 4443 ἂγεννιὶτου.
742 4390 761 4421 e.
780 4367 827 4419 uui
843 4375 912 4420 norst
930 4388 942 4418 a
962 4373 1042 4433 Regio.

97 4449 117 4498 b.
140 4450 194 4511 Ber.
218 4438 362 4514 ἄγενήτου
388 4450 412 4492 et
436 4436 654 4509 ὕπουργηθῆναι.
743 4441 765 4489 d.
784 4441 839 4503 iteg.
859 4435 973 4504 λέγεται.

95 4536 213 4583 insursu
223 4549 277 4583 ore.
288 4543 369 4579 noan.
383 4540 434 4573 m.
1074 4520 1089 4569 3
