2934 5078
466 259 573 305 nmrro
588 260 627 302 rr.
643 260 906 309 consumans.
1216 247 1278 311 663

67 410 213 489 loquitur:
235 409 274 472 tn
295 414 372 479 viro,
396 428 480 489 quem
501 411 677 482 destsbnrot,
697 410 758 491 fide
780 413 914 474 omuibus
930 416 1089 491 impertito,
1112 431 1146 474 eo
1161 433 1180 474 o
1194 423 1362 476 mor-Post
1424 408 1434 447 ⁸

69 517 130 574 tuis
154 516 300 584 enatum
328 511 367 571 ita
393 529 481 590 saepe
502 530 619 590 quoque
641 512 843 575 ostensionem
866 521 896 574 et
917 512 1091 575 missionem
1113 513 1191 576 idem
1213 534 1280 578 esse

68 632 103 674 ac
126 613 294 675 unctionem
316 613 488 694 reperimus.
532 611 574 673 Ex
596 611 702 692 quibus
725 614 816 675 cuivis
837 614 906 675 iicet
927 613 1052 689 discere,
1073 614 1148 677 uibii
1166 616 1197 678 iu
1212 635 1280 679 rer-

67 713 116 775 bis
140 714 314 775 Sanctorum
336 733 403 775 esse
424 713 594 784 dissonum,
629 714 682 776 sed
708 715 796 776 variis
824 723 936 777 tantum
964 716 1132 779 nominibus
1156 717 1280 780 coniun-

68 816 197 877 ctionem
212 815 263 875 Dei
281 815 367 876 Verbi
390 833 455 877 eum
477 814 598 876 homine
620 833 655 876 ex
676 815 765 877 biaria
787 825 919 878 assumto
941 816 1006 878 iilos
1028 817 1192 897 designare,
1215 838 1282 883 cnm

67 936 134 979 eam
154 916 244 978 modo
267 916 434 977 unctionem
456 915 618 995 appeliant,
633 916 724 978 modo
745 917 928 992 missionem,
953 919 1043 979 modo
1066 920 1278 983 ostensionem.

67 1019 193 1080 Rectum
215 1026 262 1079 est
283 1018 380 1096 igitur,
402 1017 481 1097 quod
504 1017 544 1078 ait
564 1017 668 1080 beatus
688 1018 810 1091 Petrus,
833 1019 884 1099 qui
904 1038 1004 1081 seram
1024 1020 1171 1100 Unigeniti
1193 1040 1283 1100 prae·

67 1120 147 1182 dicat
172 1119 368 1191 divinitatem,
402 1137 457 1180 nec
477 1117 530 1179 Dei
552 1117 639 1180 Verbi
665 1119 848 1198 hypostasim
874 1120 1016 1201 disiungit
1047 1122 1083 1184 ab
1104 1121 1224 1185 bomine
1246 1140 1282 1185 ex

66 1222 159 1283 bieria
181 1229 329 1293 assumt03
358 1219 436 1298 quod
464 1219 584 1281 omnino
611 1219 699 1282 absit.
742 1220 800 1293 Qui
828 1221 905 1282 eninr
934 1223 962 1285 id
992 1223 1039 1284 ille
1066 1223 1202 1297 auderet,
1232 1223 1282 1303 qui

66 1325 237 1402 frequenter
258 1321 363 1383 audiit:
391 1320 453 1400 Epo
476 1333 504 1385 et
526 1321 616 1383 Peter
637 1339 732 1384 usum
753 1341 872 1394 sumus,
895 1333 925 1385 et
949 1323 1012 1396 Qut
1031 1326 1105 1387 vidit
1124 1344 1185 1398 mo,
1208 1325 1283 1387 uidit

65 1422 212 1487 Putrem?
255 1423 331 1484 ilinc
353 1422 440 1483 etiam
462 1431 532 1500 post
553 1422 799 1485 resurrectionem
829 1423 907 1506 idem
927 1443 1035 1505 corpus
1057 1425 1153 1487 ianuis
1175 1425 1282 1488 clausis

65 1524 102 1586 sd
129 1524 298 1585 universum
319 1523 529 1603 Apostolorum
552 1531 669 1584 coetum
689 1527 853 1602 ingressum
875 1533 936 1601 est3
957 1526 1037 1605 quod
1054 1545 1093 1588 ne
1114 1527 1161 1589 cui
1182 1527 1281 1589 inere·

64 1624 157 1686 dibile
180 1625 336 1699 rideretur,
358 1626 423 1704 ipse
445 1624 642 1686 difficultatem
662 1626 798 1700 remouit,
821 1645 888 1688 eum
908 1629 963 1689 ait:
987 1628 1176 1692 contrectate
1195 1648 1242 1691 me
1255 1639 1284 1691 tt

63 1729 173 1799 videte,
196 1731 266 1808 quio
288 1731 416 1807 spiritus
440 1744 559 1788 comem
581 1736 609 1787 et
631 1744 702 1789 osso
722 1746 784 1790 sort
807 1728 906 1798 dubet,
931 1731 1010 1791 sieut
1030 1747 1075 1791 me
1095 1730 1203 1791 videtis
1226 1730 1282 1791 ba-

65 1829 147 1893 bere.
196 1827 252 1889 Ubi
279 1826 488 1890 advertendum
517 1836 577 1899 est,
605 1845 673 1888 eum
701 1846 762 1889 uon
790 1828 914 1891 dixisse:
948 1828 1033 1891 Hune
1061 1828 1106 1891 vel
1133 1829 1282 1891 bominem

63 1947 176 2002 meum,
198 1948 286 2008 quem
307 1928 445 2002 assumsi,
468 1931 657 2003 contrectate,
679 1928 733 1989 scd
757 1939 939 1993 contrectate
959 1950 1035 2002 me„
1058 1929 1143 1991 Nulla
1158 1929 1282 2010 proinde

64 2031 152 2092 senia
174 2029 375 2092 Samosatensi
397 2029 542 2108 speranda
565 2039 628 2103 est,
657 2029 766 2109 quippe
793 2031 842 2108 qui
864 2038 909 2092 tot
930 2032 1080 2093 convictus
1101 2030 1282 2111 argumentis

63 2149 176 2210 negare
197 2150 258 2192 nou
280 2131 378 2211 possit
399 2129 485 2191 Verbi
507 2129 564 2191 Dei·
582 2130 830 2204 coniunctionem,
852 2150 938 2210 quam
960 2133 1099 2194 nimirum
1118 2133 1216 2212 ipsum
1227 2132 1284 2217 xDei

62 2232 195 2293 Verbum
217 2232 355 2306 asseruit,
379 2251 455 2305 cum,
478 2239 509 2292 ut
530 2231 618 2292 modo
641 2231 778 2304 vidimus,
803 2250 907 2295 omnes
923 2242 970 2294 est
987 2233 1153 2306 allocutum,
1175 2232 1282 2313 quibus

66 2342 153 2395 etse
175 2333 373 2395 resurrexisse
404 2332 586 2393 confirmavit
609 2342 668 2393 tum
691 2332 872 2393 comedendo
895 2341 957 2395 tum
983 2352 1016 2395 se
1044 2334 1140 2412 ipsum
1162 2342 1283 2396 contre·

64 2434 203 2496 standum
225 2434 440 2512 permittendo,
463 2433 504 2494 uti
528 2434 636 2494 iactum
657 2441 712 2494 est.
756 2432 829 2494 Nam
851 2433 912 2496 sive
934 2435 1086 2514 cumipse
1108 2435 1164 2496 iliis
1187 2434 1283 2497 mbum
1351 2497 1354 2502 .

63 2537 242 2615 impertiret,
263 2537 324 2598 sive
345 2555 412 2596 cum
434 2535 474 2595 iili
498 2534 567 2615 ipsi,
590 2535 710 2596 omuino
733 2553 838 2596 manus
853 2536 917 2597 eius
933 2542 1197 2596 contrectaverunt
1232 2534 1282 2596 si-

64 2637 186 2716 quidem
208 2638 263 2711 tttt,
286 2636 390 2716 inquit,
413 2636 589 2698 obtulerunt
608 2645 729 2716 portem
746 2640 839 2715 piscis
862 2641 927 2698 essi
947 2648 976 2699 et
995 2638 1102 2716 senous
1121 2635 1230 2711 meilis,
1254 2645 1284 2697 et

65 2758 135 2800 com
155 2739 363 2801 mnrtdocusset
386 2756 487 2799 corum
509 2742 571 2808 ets,
594 2746 730 2817 acceptos
753 2736 897 2817 reliquias
920 2738 999 2800 dedit
1021 2743 1073 2799 ets.
1116 2736 1161 2797 En
1183 2735 1283 2814 igitur,

64 2838 92 2899 si
115 2858 177 2900 non
199 2847 232 2900 ut
255 2858 287 2900 se
310 2857 378 2917 erga
401 2838 544 2900 Thomam
567 2838 678 2917 gessit,
702 2846 780 2898 certe
802 2837 858 2899 alia
879 2839 994 2899 ratione
1015 2837 1084 2899 fecit
1105 2856 1156 2899 ens
1179 2836 1216 2898 de
1238 2835 1283 2897 sui

64 2939 285 3001 resurreetione
308 2939 460 3012 certiores,
483 2958 548 3000 oum
572 2957 605 3000 se
627 2938 685 3000 illis
708 2939 947 3001 contrectandum
967 2937 1111 3022 praebuit.
1156 2936 1242 3010 Quod
1257 2935 1284 2997 si
1331 2988 1334 2997 .

65 3041 149 3120 ipsas
172 3041 259 3101 etiam
281 3040 429 3103 cicatrices
451 3042 535 3119 cupis
558 3058 695 3111 eernere,
718 3040 800 3123 disce
822 3060 837 3101 a
861 3040 989 3111 Thema,
1023 3037 1068 3099 eui
1090 3038 1224 3100 videlicet
1245 3036 1286 3098 ait
1329 3118 1334 3130 ⁸

63 3140 228 3202 Dominus:
251 3141 338 3221 infer
359 3160 480 3202 monum
503 3154 586 3202 tuom
607 3151 635 3202 et
655 3145 738 3202 mitte
760 3145 792 3202 ia
817 3142 897 3203 lotus
919 3130 1030 3211 mcum,
1054 3150 1083 3202 et
1104 3141 1187 3220 infer
1209 3140 1285 3218 dipi-

65 3253 252 3313 tumtunm,
286 3254 313 3305 et
341 3245 406 3304 vide
435 3262 541 3304 monus
563 3260 652 3303 meos.
697 3242 789 3303 Suum
818 3241 893 3302 latus
923 3259 1050 3320 suasque
1077 3259 1183 3303 manus
1204 3241 1368 3307 nausias

66 3343 196 3404 Verbum
218 3344 351 3422 appellat,
376 3362 467 3422 seque
490 3353 583 3404 totum
604 3341 754 3403 bominem
777 3341 864 3403 simul
887 3352 916 3404 et
933 3343 1024 3403 Deum
1047 3361 1114 3404 esse
1137 3341 1282 3416 ostendit3

64 3445 148 3524 quod
170 3444 287 3523 quidem
308 3445 375 3524 ipso
399 3445 484 3506 etiam
509 3463 611 3513 sensu,
633 3452 666 3505 ut
686 3443 849 3523 intelligere
871 3454 926 3518 cst,
948 3444 1040 3506 voluit
1061 3442 1189 3504 Verbum
1211 3461 1282 3504 san-

64 3553 133 3607 ctos
157 3546 291 3624 experiri,
315 3565 379 3607 cum
404 3565 489 3606 suum
512 3563 621 3624 corpus
643 3544 739 3606 ianuis
762 3545 869 3606 clausis
891 3545 1056 3624 ingressum
1079 3553 1125 3606 est
1146 3545 1177 3605 in
1198 3543 1282 3606 cubi-

64 3647 182 3718 culum,
206 3666 239 3707 ac
259 3656 381 3726 repente
403 3648 523 3708 adstans
546 3665 611 3706 curn
634 3664 758 3726 corpore
781 3665 833 3705 eos
856 3645 892 3705 de
914 3649 957 3707 rei
981 3644 1101 3706 veritate
1122 3663 1283 3725 persuasos

62 3747 205 3810 reddidit.
248 3748 327 3809 Haec
348 3757 443 3809 autem
468 3747 601 3807 tidelibus
624 3746 741 3825 quidem
764 3747 800 3806 ad
822 3746 1094 3819 confirmationem,
1117 3746 1283 3807 infidelibus

62 3869 139 3910 vcro
163 3849 199 3909 ad
223 3837 455 3909 emendationem
479 3849 551 3909 satis
574 3848 650 3908 dicta
672 3847 742 3907 sint.

62 3995 92 4053 εἴ
108 4016 145 4049 τι.
182 4004 206 4051 ln
225 4002 279 4050 aliis
297 4011 320 4051 et
338 4002 407 4050 editis
426 4002 493 4050 deest
509 3992 558 4058 τήν
568 4008 591 4048 et
600 3999 651 4048 stat.
738 4001 752 4048 i.
773 3999 812 4047 Sic
822 3998 878 4058 ch.
895 3998 976 4057 codex,
986 3999 1085 4058 Segner.
1104 4005 1127 4045 st
1144 3997 1224 4057 basii,
1243 3998 1286 4047 sed

99 4073 115 4119 i.
138 4071 353 4132 Reg.etSeguer.
373 4061 449 4116 ὀστᾶ.
703 4067 775 4115 basii.
801 4067 872 4113 habet
889 4061 966 4127 βλέπε
984 4058 1020 4116 εἷς
1055 4057 1204 4131 sipriepaoo.
1240 4067 1284 4114 stit

98 4157 122 4201 g.
146 4129 200 4199 Res.
221 4133 473 4201 etSegncr.stppiov.
511 4136 584 4184 iidem
596 4135 652 4183 ibid.
704 4136 807 4195 editiquo
825 4127 870 4179 καὶ
888 4127 936 4180 τὸν
954 4079 1084 4180 (insubida
1102 4144 1150 4178 σου
1168 4125 1231 4194 βάλε
1249 4124 1286 4184 εἷς

57 4219 84 4260 et
104 4207 241 4257 Basilicus..
253 4206 341 4254 addunt
358 4200 402 4251 καὶ
421 4197 520 4269 φαγὼν
537 4196 654 4251 ἐνώπιον
704 4197 752 4253 τὰς
764 4193 859 4280 χεῖράς
875 4215 939 4265 μου.
975 4202 1025 4249 tior
1044 4202 1129 4261 Regius
1147 4210 1170 4249 st
1188 4200 1286 4260 Segner.

56 4267 174 4328 αὐτῶν,
200 4267 291 4335 λαβὼν
315 4268 347 4319 τὰ
373 4265 498 4320 ἐπίλοιπα
516 4263 653 4319 ἀπέδωκεν
705 4263 801 4320 ὃθεος
817 4261 903 4333 λόγος.
940 4270 1017 4319 Ceteri
1036 4269 1171 4317 cumeditis
1190 4261 1203 4314 ὁ
1222 4260 1285 4320 θεὸς

56 4336 171 4396 «brois,
193 4357 253 4405 quae
272 4342 311 4390 aiii
330 4351 353 4389 ct
371 4342 425 4389 editi
444 4344 561 4389 omittunt.
703 4333 782 4401 λέγει.

95 4417 120 4463 b.
144 4412 201 4472 dog.
220 4411 319 4469 Seguer.
338 4417 360 4457 et
373 4409 444 4457 anit.
455 4404 550 4459 θέλοις.
575 4407 653 4456 Ceteri
737 4407 759 4452 k.
778 4405 818 4454 Sic
835 4406 890 4467 Reg.
902 4405 1031 4466 etSeguer.
1065 4404 1092 4451 in
1110 4402 1163 4468 aliis
1180 4410 1202 4452 et
1215 4402 1284 4452 editis

53 4493 83 4536 et
103 4480 167 4532 editi
186 4472 279 4529 θέλεις.
704 4473 772 4523 deest
789 4485 825 4521 τε.
