2948 5092
201 242 266 306 606
413 276 415 281 -
604 252 633 295 ι.
647 250 801 295 Amnum
814 245 1045 294 ιαιιιττιιατιι

116 425 194 471 Mu.
202 428 269 471 τιον
289 401 373 480 θεὸς
395 397 569 486 εὐλογητὸς
592 397 640 475 εἰς
661 395 739 473 τοὺς
761 395 892 474 αἰῶνας,
917 389 1042 481 666¹).
1072 398 1145 463 ’καὶ
1167 394 1289 480 ἐπειδὴ
1304 394 1421 463 ἐκθοοῦ
1460 445 1462 449 -

202 503 285 582 θεός
313 503 386 570 ἐστι
413 505 466 568 καὶ
496 503 555 565 τοῦ
578 501 662 565 θεοῦ
685 496 797 582 λόγος,
819 501 939 582 σοφία,
971 495 1042 575 υἱός
1062 523 1120 564 και
1110 496 1285 582 δύναμίς
1307 492 1423 564 έστινό

202 603 367 723 Χριστός,
391 602 449 669 διά
471 605 570 667 τοῦτο
593 595 641 677 είς
662 598 745 676 θεὸς
767 597 801 663 έν
822 607 898 675 ταῖς
919 603 1033 676 θείαις
1053 609 1203 686 γραφαῖς
1222 599 1425 684 καταγγέλλε-

203 732 268 773 ται.
306 709 365 771 τοῦ
389 703 462 782 ἑνὸς
482 702 544 788 γὰρ
566 704 650 768 θεοῦ
673 692 796 778 υίὸς
768 725 814 766 ων
836 722 855 764 ο
843 693 974 783 “λόγος
996 698 1043 777 είς
1064 694 1178 779 αὐτόν,
1202 688 1243 766 06
1265 725 1323 766 και
1312 700 1424 778 ἔστιν,

205 801 415 893 άνοιφέρειαι,
439 800 521 881 ὥςτε
544 801 603 869 δύο
625 803 685 885 μὲν
707 796 794 867 εἶναι
814 805 945 884 πατέρα
965 804 1019 866 καί
1041 799 1125 880 υἱόν,
1146 800 1285 885 μονάδα
1308 800 1426 869 δὲθοό

202 930 303 997 τητος
331 902 520 992 άδιαίρετον
546 903 601 970 καὶ
630 901 797 985 ἄσχιστον.
844 901 978 987 λεχθείη
1007 895 1088 967 δ”
1065 928 1108 968 αν
1134 901 1214 969 1ἰιαὶ
1242 898 1352 981 οὑτως
1375 908 1426 986 μία

126 1134 129 1138 ·
206 1110 242 1190 65
262 1106 363 1195 αὐτῆς
385 1111 421 1177 66
443 1112 501 1195 τῆς
523 1103 622 1194 ἀρχῆς
645 1104 839 1193 &cumaea
858 1104 930 1183 υἱὸς
945 1101 963 1170 6
978 1103 1084 1190 λόγος,
1108 1100 1168 1188 οὑχ
1183 1102 1231 1184 ὡς
1246 1102 1331 1192 ἀρχὴ
1345 1106 1427 1191 ἑτέρα

147 1295 156 1308 x
204 1205 281 1278 καθ>
307 1209 425 1278 ἑαυτὸν
446 1207 599 1297 ὑφεστὼς
622 1201 694 1273 066²
720 1205 847 1286 ἔξωθεν
868 1206 989 1293 ταύτης
1003 1206 1153 1292 γεγονώς,
1178 1208 1237 1274 ἵνα
1252 1207 1301 1293 μὴ
1314 1212 1354 1296 τῇ
1369 1208 1424 1275 ἕτο-

208 1410 310 1493 οἶός,
336 1413 406 1480 ἰδία
428 1421 550 1533 σοφία,
574 1412 662 1490 ἰ’διος
684 1410 780 1533 λόγος
802 1405 998 1496 ἐξαὺτῆςί
980 1410 1150 1497 ὑπάρχων.
1188 1411 1282 1478 κατὰ
1299 1410 1360 1498 γάρ
1379 1408 1426 1476 τὸν

202 1509 396 1601 Ἰωάννην
382 1541 416 1581 εν
437 1515 539 1601 ταότη
562 1517 601 1600 τῇ
625 1508 705 1600 ἀρχῇ
727 1515 767 1633 66
790 1536 808 1578 σ
796 1507 942 1598 ’λόγος,
971 1512 1028 1578 καὶ
1049 1508 1067 1578 6
1090 1503 1231 1598 λόγος’
1210 1540 1253 1600 ην
1262 1514 1369 1682 ἐπρὸς
1379 1510 1426 1578 τόν

208 1615 336 1695 θεόνῆ)
370 1615 452 1694 θεὸς
480 1616 542 1702 γάρ
572 1616 662 1682 ἐστιν
686 1610 704 1699 6
729 1609 828 1700 άρχή
860 1616 916 1680 καλ
938 1613 1114 1700 ἐπειδὴέξ
1120 1609 1240 1736 αὑτης
1262 1615 1352 1696 ἐστι,
1381 1611 1427 1680 δια

207 1721 306 1783 τοῦτο
335 1719 390 1784 καὶ
419 1720 548 1796 θεὸς’
530 1744 569 1805 ην
593 1713 611 1781 6
634 1716 738 1801 λόγος.
778 1712 888 1800 ὥςπερ
911 1716 947 1782 δὲ
969 1709 1071 1798 μία’
1053 1714 1141 1803 αρχὴ·
1155 1716 1213 1782 καὶ
1235 1716 1323 1784 κατὰ
1342 1720 1427 1783 τοῦτο
1468 1760 1470 1773 ·

209 1814 259 1899 εἷς
279 1819 371 1898 θεός,
396 1816 501 1897 οὕτως
523 1814 542 1905 6
566 1821 612 1904 τοῦ
636 1814 709 1883 ὄντι
730 1815 786 1883 καὶ
807 1811 945 1904 άληθῶς
966 1819 1021 1884 καὶ
1043 1815 1147 1896 ὄντως
1171 1807 1259 1885 οὑσα
1275 1815 1427 1887 σῦσίαιιτί
1468 1812 1470 1865 ἶ

208 1916 396 1998 ὑπόστασις
418 1927 479 2004 μία
503 1920 592 1986 ἐστὶν
614 1916 633 2004 6
657 1922 812 2004 λέγουσα·
834 1917 898 2004 έγώ
921 1912 991 2003 οίμι
1012 1915 1030 1984 6
1053 1916 1139 2000 66³),
1161 1923 1218 1987 καί
1235 1915 1277 1987 06
1293 1921 1363 2003 660,
1383 1923 1428 1990 ίνσ
1468 1988 1470 2005 ,

123 2022 252 2111 μάμμη
276 2021 334 2087 δύο
358 2017 474 2107 άρχαί,
506 2021 541 2088 ἐκ
570 2023 606 2099 δὲ
628 2024 686 2108 τῆς
707 2024 789 2105 μιῦις
809 2019 909 2107 φύσει
931 2023 985 2087 καί
1008 2017 1148 2108 άληθῶς
1169 2021 1261 2103 οίός,
1293 2019 1428 2147 όλόγος,
1468 2062 1470 2123 η

95 2157 97 2161 ’
208 2121 372 2212 ἡσοφία,
402 2119 423 2209 6
451 2123 589 2207 δύναμις
619 2119 733 2189 6666‘
715 2121 912 2208 ὑπάρχουσα
939 2119 1039 2208 αὐτῆς
1060 2127 1119 2190 καὶ
1137 2121 1235 2205 ἒξ’
1195 2131 1300 2215 αστῆς
1322 2123 1428 2212 άχιόρι·
1468 2162 1470 2179 =

212 2250 299 2304 στος.
338 2223 448 2311 ὥςπερ
472 2221 566 2291 δέ
530 2250 589 2291 οοκ
611 2221 736 2308 άλλη(
730 2225 784 2290 ι’να
804 2223 849 2311 μὴ
874 2223 934 2290 660
957 2222 1064 2311 άρχαί,
1082 2222 1189 2305 οὑτως
1204 2224 1351 2316 σίντης
1362 2252 1470 2321 μιας
1468 2254 1470 2261 ·

210 2327 307 2414 λόγος
330 2322 368 2393 οῦ
391 2321 687 2411 ίδιαλελομένσς”
666 2353 685 2414 η
709 2322 827 2404 ἁπλῶς
848 2328 943 2413 φωνὴ
958 2328 1150 2416 σημαντική,
1175 2325 1264 2397 ἀλλὰ
1279 2326 1428 2416 οῦσιιόδης
1467 2298 1470 2443 i

210 2429 308 2551 λόγος
330 2428 386 2495 καὶ
409 2424 584 2555 οῦσιφδης
597 2435 711 2515 σοφία,
734 2424 808 2513 ἥτις
829 2423 961 2494 έστλνο
983 2427 1055 2506 υίὸς
1078 2423 1225 2516 άληθῶς.
1267 2432 1298 2498 εί
1318 2429 1426 2518 γάρδὴ
1467 2454 1470 2497 ι

210 2531 255 2617 μὴ
279 2526 492 2617 οῦσιώδης’
468 2532 535 2617 εἰη,
567 2531 661 2597 ἔσται
690 2526 708 2594 ὁ
737 2528 821 2607 θεὸς
842 2530 952 2595 λαλοῦν
974 2530 1021 2608 είς
1044 2525 1126 2657 άέρα
1147 2535 1201 2597 καὶ
1225 2537 1326 2617 σῶμα
1347 2504 1470 2599 οῦδὲν

210 2630 354 2700 πλέον”
337 2660 418 2715 εχων
438 2637 507 2699 τῶν
532 2628 733 2718 ἀνθρώπων.
773 2629 949 2715 ἐπειδὴδὲ
972 2626 1030 2698 οὑκ
1052 2633 1141 2699 ἔστιν
1164 2630 1361 2720 ἅνθρωπος,
1382 2628 1426 2699 σῦκ

145 2768 148 2773 ·
210 2730 250 2801 άν
279 2736 328 2819 εἰη
358 2730 480 2800 οὐδὲ(
464 2759 481 2798 ο
512 2735 610 2819 λόγος
632 2729 732 2799 αὑτοῦ
755 2732 839 2799 κατὰ
859 2732 918 2819 τὴν
939 2736 1006 2801 τῶν
1029 2729 1226 2818 ἀνθρώπων
1251 2731 1425 2803 ἀσθένειαν.

210 2833 337 2922 ”ὡ’ςπερ
360 2836 420 2922 γάρ
443 2843 505 2920 μία
528 2831 625 2902 οῦσία
647 2832 666 2923 6
690 2831 780 2921 άρχή,
805 2831 910 2913 οὑτως
934 2830 982 2913 εἷς
1005 2830 1168 2921 οὑσιιόδης
1183 2840 1239 2903 καὶ
1255 2831 1425 2927 ὑφεστώςό

210 2939 330 3026 ταύτης
352 2939 449 3023 λόγος
471 2937 527 3004 καὶ
548 2935 566 3024 6
591 2946 704 3025 σοφία.
744 2934 789 3015 τός
810 2937 871 3023 γάρ
895 2937 929 3003 ἐκ
951 2941 1034 3004 θεοῦ
1057 2937 1140 3016 θεός
1161 2939 1235 3005 ’ἐστι
1258 2941 1314 3006 καὶ
1337 2941 1424 3007 ἒκσσ

213 3045 278 3127 φοῦ
313 3048 419 3127 σοφία
448 3043 500 3105 καί
531 3039 564 3105 ἐκ
594 3043 725 3125 λογικοῦ
755 3039 851 3125 λόγος
873 3039 928 3105 καὶ
950 3039 984 3106 ἐκ
1007 3039 1135 3126 πατρὸς
1158 3040 1245 3121 υἱός,
1283 3039 1383 3122 οὑτως
1400 3040 1426 3118 ίξ

211 3137 428 3218 ὑποστάσεως
450 3136 658 3219 ίὺπόστατος
679 3144 733 3208 καὶ
757 3141 792 3220 65
812 3135 930 3220 οὑσίας
952 3135 1117 3228 οὖσιώδης
1138 3142 1195 3209 καὶ
1217 3143 1366 3223 ἒνούσιος
1383 3144 1424 3208 καὶ

212 3242 247 3319 65
269 3241 363 3320 ὄντος
387 3239 441 3308 τόν.

298 3449 326 3508 2.
369 3438 459 3509 Ἐπεὶ
488 3445 517 3511 εἰ
544 3444 588 3529 μὴ
619 3439 782 3531 οὗσιώδης
812 3451 918 3532 σοφία
946 3443 1002 3511 καὶ
1029 3445 1179 3525 ἐνοῦσιος
1202 3446 1301 3533 λόγος
1321 3450 1372 3515 καὶ
1391 3440 1425 3511 ὢν
1460 3428 1467 3442 ’

212 3544 292 3622 υἱός,
317 3539 401 3612 6666
424 3542 541 3624 άπλιῦς
565 3553 670 3633 σοφία
691 3550 745 3613 καὶ
769 3545 866 3632 λόγος
887 3549 942 3612 καὶ
966 3546 1036 3625 υίὸς
1058 3546 1092 3614 ἐν
1114 3552 1161 3635 τῷ
1185 3559 1307 3638 πατρί,
1332 3541 1426 3638 είηάι

213 3641 312 3725 αὐτὸς
335 3643 353 3712 ὑ
376 3648 486 3735 πατὴρ
511 3649 673 3727 σύνθετος
696 3649 730 3714 ἐκ
752 3655 876 3737 σοφίας
897 3651 952 3715 καὶ
976 3649 1083 3734 λόγου.
1123 3651 1151 3717 εἰ
1174 3652 1211 3718 δὲ
1233 3657 1343 3732 τοῦτο,
1365 3647 1426 3717 άιισ

213 3749 374 3834 λοοθησει
389 3748 830 3876 66‘76906666666666066
856 3751 952 3817 ἔσται
976 3752 1012 3817 66
1034 3749 1091 3816 καὶ
1113 3747 1214 3831 αὐτὸς
1236 3754 1355 3821 ἑαυτοῦ
1374 3776 1426 3818 πα·

211 3850 281 3938 τήρ,
304 3854 359 3918 καὶ
383 3848 400 3915 ό
423 3851 495 3929 υἱὸς
517 3847 616 3932 αὑτός
639 3851 755 3918 ἑαυτὸν
777 3856 898 3938 γεννῶν
920 3851 977 3919 καὶ
998 3852 1201 3937 γεννώμενος
1231 3851 1287 3943 ὑφ’
1316 3855 1424 3927 ἑαυτοῦ,

211 3945 234 4040 6
267 3949 371 4037 ὄνομα
402 3953 506 4037 μόνον
541 3953 610 4019 ἐστὶ
644 3952 741 4039 λόγος
772 3958 827 4039 καί
863 3962 968 4042 σοφία
1000 3957 1055 4020 καὶ
1091 3956 1176 4034 υἱός,
1203 3950 1263 4040 οὐχ
1285 3953 1426 4046 ὑφέστηκε

213 4055 249 4120 δὲ
271 4048 347 4120 καθ’
373 4043 412 4119 οὑ
435 4055 564 4175 λέγεται
585 4058 704 4135 ταῦτοι,
733 4057 859 4140 μᾶλλον
890 4053 967 4123 δὲ”
949 4081 986 4134 ος
1008 4055 1081 4122 ἐστι
1102 4061 1217 4124 ταῦτοι.
1257 4059 1288 4127 εί
1308 4062 1363 4125 οῦν
1382 4078 1426 4135 οιχ

212 4150 404 4244 ὑφέστηκεν,
429 4152 513 4242 άργά
536 4150 576 4222 άν
600 4158 650 4244 ε’ίη
673 4157 729 4224 καὶ
750 4158 826 4226 κενά
848 4158 890 4226 τά
914 4153 1071 4243 ὀνόματα,
1097 4158 1190 4238 ἐκτὸς
1214 4161 1305 4229 εί
1264 4188 1310 4250 μη
1332 4159 1370 4228 άν
1388 4179 1426 4233 τις

283 4311 306 4371 1)
326 4314 393 4362 Rom.
413 4312 438 4372 9,
457 4313 480 4361 5.
552 4312 576 4373 2)
596 4315 661 4364 Ιοοσ.
684 4317 706 4376 1,
727 4317 748 4365 1.
820 4315 845 4375 3)
862 4316 936 4366 Exod.
956 4315 980 4377 3,
1001 4316 1040 4367 14.

246 4427 267 4460 τ.
286 4413 385 4463 Gobler.
403 4422 427 4463 et
444 4413 550 4463 Felckm.
566 4416 587 4466 ἱ.
606 4412 653 4464 καί
670 4418 792 4468 omittunt.
888 4434 909 4466 ε.
928 4418 968 4467 Sic
985 4432 1044 4466 mss.
1079 4421 1107 4467 λι
1131 4419 1205 4470 editio
1227 4421 1367 4473 Conmelin.
1383 4409 1429 4468 οὓς

138 4502 146 4515 -
245 4479 269 4527 b.
286 4474 335 4527 καί
354 4481 423 4532 abent
440 4484 470 4532 ab
488 4483 578 4545 Angue.
854 4477 924 4538 ἴδιοι
939 4477 1084 4542 εἱλισ-ἰδία
1101 4493 1147 4539 ele.
