2948 5092
274 1054 1028 1173 smmrumrmsuommr

433 1239 885 1372 ATHANASH
973 1345 976 1349 -

334 1414 661 1473 uucnfflrlscorr
680 1415 982 1470 ALEXANDRIAE

527 1534 798 1610 nrlsronnt

10 1714 12 1733 ι
114 1692 185 1750 011οὓ
209 1690 352 1743 ΜΕΑΕΝᾸ
376 1688 513 1740 SYNODUS
538 1679 710 1769 rnusrscrs
744 1640 976 1771 EUSEdJANORiJ!
1006 1690 1203 1742 concinnare

10 1848 12 1857 Ι
115 1775 334 1829 CONOEUBNTER
359 1774 397 1823 ΕΤ
415 1773 463 1823 ΗΕ
482 1772 560 1833 QUAE
578 1773 731 1825 tornnsns
748 1772 880 1825 ddidddil
898 1774 1048 1826 flannnsnt
1066 1775 1204 1827 DECRETA

534 1856 615 1909 SUNT
632 1858 783 1909 colunum.

526 2033 812 2046 ...mu-...-

132 2217 159 2276 ί.
201 2213 295 2274 Recte
317 2211 437 2292 quidem
458 2219 490 2273 tu
512 2211 618 2286 iecisti,
641 2213 691 2292 qui
714 2220 794 2274 tuam
816 2231 881 2273 cum
897 2211 1022 2274 Arianae
1043 2211 1174 2273 haeresis
1197 2228 1356 2292 pro-uns.

65 2313 262 2392 maioribus
292 2313 523 2392 disputationem
557 2311 630 2374 mihi
652 2313 878 2392 significaveris,
909 2314 1097 2392 adfuisseque
1119 2313 1198 2374 inter
1219 2329 1272 2374 eos

62 2414 204 2479 munos
226 2434 265 2477 ex
279 2414 401 2477 Eusebii
424 2412 587 2486 sodalibus,
608 2414 814 2495 plurimosque
836 2434 853 2476 o
875 2414 1025 2489 iratribus,
1048 2415 1098 2494 qui
1110 2413 1197 2474 fidem
1214 2413 1271 2475 Ec-

61 2512 150 2578 dene
170 2523 349 2596 sequnntur.
394 2514 458 2575 Tua
486 2514 574 2594 igitur
596 2534 763 2595 quaerero
787 2515 897 2577 Christi
920 2534 1020 2576 amore
1043 2514 1126 2575 ardet
1147 2514 1271 2592 vigilan-

62 2615 94 2676 tis
121 2617 193 2679 mini
225 2617 311 2678 vaide
340 2615 480 2695 placuit,'
499 2634 591 2695 eaque
624 2617 743 2696 impiam
773 2617 919 2703 haeresim
953 2615 1069 2694 egregie
1102 2614 1270 2676 concinnavit

61 2714 247 2780 Vehementer
267 2726 365 2779 antem
388 2717 506 2778 illorum
529 2717 741 2797 impudentiam
763 2738 828 2781 sum
852 2717 1029 2791 admiratae,
1052 2715 1131 2794 qnod
1153 2713 1272 2774 tametsi

59 2819 121 2881 dare
141 2828 304 2881 ostensum
326 2819 390 2891 snit,
406 2818 581 2879 Arianorum
593 2819 725 2907 rationes
741 2819 839 2882 sntiies
854 2819 1013 2880 admodum
1029 2823 1059 2878 et
1073 2816 1176 2877 inanes
1193 2832 1272 2888 esse,

59 2920 161 3002 ipsique
184 2920 223 2982 ab
247 2920 385 2981 omnibus
409 2921 505 2980 omnis
528 2919 675 3000 nequitiae
692 2922 877 3009 condemnati
895 2923 1022 2992 scierunt,
1047 2927 1144 2979 tamen
1159 2917 1271 2977 nihilo-

58 3040 142 3085 ·us
170 3040 260 3083 more
292 3020 468 3081 ludaeorum
494 3030 679 3083 murmurent
712 3041 745 3084 ac
767 3023 926 3083 identidem
950 3021 1060 3081 dicant:
1096 3020 1194 3092 Quare
1222 3005 1288 3097 qni*

56 3118 168 3187 idme
192 3116 417 3194 convenerunt,
451 3122 592 3184 vocabula
618 3142 679 3184 nou
708 3123 817 3202 scripta
845 3142 951 3202 nempe
979 3142 1017 3184 en
1044 3122 1215 3184 substantio
1244 3125 1274 3179 et
1335 3181 1337 3185 ,

10 3208 12 3217 ’
58 3225 307 3288 emmdstuntioic
329 3221 502 3304 scripsere?
544 3222 589 3285 Tu
617 3224 735 3303 quidem
759 3232 791 3284 ut
812 3224 856 3285 vir
877 3225 1009 3285 disertus
1031 3223 1099 3284 ilios
1122 3223 1161 3282 ita
1184 3220 1274 3281 otiam

58 3328 281 3406 tergiversantes
303 3325 375 3385 nihil
397 3324 456 3384 nisi
477 3323 549 3385 falsa
571 3325 687 3386 effutire
706 3325 933 3398 demonstrasti3
957 3323 1042 3384 atilli
1057 3322 1129 3383 nihii
1144 3321 1274 3382 alienum

58 3429 231 3507 aptaritate
254 3445 327 3487 snae
348 3425 456 3487 mentis
479 3426 676 3500 committunt,
699 3445 765 3488 cnm
789 3427 883 3487 varias
906 3424 1171 3486 comminiscuntur
1193 3422 1272 3483 diisr-

58 3528 182 3592 dores.
228 3529 304 3590 Tam
332 3528 404 3589 sunt
431 3526 508 3587 onim
537 3527 741 3589 inconstantes
764 3527 794 3588 in
816 3527 965 3589 variandis
988 3524 1161 3597 sententiis,
1185 3540 1273 3603 quam

58 3631 289 3694 chamaeleontes
311 3629 340 3689 in
363 3627 505 3691 motando
528 3628 638 3689 colore.
668 3628 746 3690 Hinc
767 3648 833 3691 curn
848 3629 1063 3691 convincuntur
1078 3626 1275 3697 erubescunt3

10 3732 17 3767 '
60 3732 171 3796 iaer'em
198 3739 301 3794 autem
330 3719 628 3791 consummantur
655 3749 689 3791 ac
718 3731 834 3792 tandem
863 3748 935 3791 vana
970 3727 1156 3807 impudenter
1183 3744 1272 3805 prae-

10 3834 12 3857 '
59 3842 164 3909 munt,
192 3850 271 3914 qnae
299 3830 327 3893 si
348 3830 416 3910 quis
438 3830 595 3905 refellerit,
623 3848 683 3892 non
706 3830 902 3909 defatigantur
923 3829 1019 3890 donec
1041 3847 1074 3888 ea
1097 3846 1171 3907 quae
1194 3826 1274 3887 nulla

60 3946 118 3999 u
144 3932 383 4015 excogitaverint
404 3939 434 3991 et
455 3931 569 4004 inania,
598 3939 631 3993 nt
654 3932 796 4011 scriptum
819 3936 882 4003 cst,
911 3929 1022 3991 suerint
1042 3929 1190 3999 meditati,
1220 3946 1276 3988 nec

10 4048 15 4089 t
59 4034 132 4101 h
150 4037 194 4100 on
215 4053 339 4100 oausam
362 4032 419 4094 nisi
442 4040 476 4095 nt
494 4032 578 4112 impii
600 4041 801 4112 permaneant.
845 4032 878 4093 ld
900 4038 1000 4092 autem
1022 4030 1092 4090 nihil
1109 4029 1186 4090 aliud
1203 4046 1275 4088 sane

60 4146 103 4213 et,
120 4158 209 4220 guam
232 4135 377 4218 propriae
398 4134 534 4213 ipsorum
558 4135 743 4214 insipientiae
767 4133 888 4196 evidens
912 4139 1116 4211 argumentum
1139 4146 1275 4189 necnon

60 4351 188 4424 ἶρωθέντα
207 4363 311 4412 additur
328 4346 478 4412 ἐπιστολῆς
500 4355 543 4403 sed
562 4357 640 4419 aptius
728 4355 749 4401 b.
775 4354 816 4403 Sic
839 4353 895 4415 fleg.
931 4354 959 4402 tt
985 4352 1008 4400 in
1028 4351 1082 4400 aliis
1100 4356 1123 4399 et
1141 4347 1210 4396 editis
1229 4330 1279 4391 οὖν

10 4466 12 4491 ,
61 4431 170 4483 collocator
188 4441 246 4482 ente
266 4420 314 4477 ὅτι
333 4418 350 4484 r}
369 4416 403 4472 ἐν
420 4417 526 4483 Nescire
544 4432 588 4473 cte.
694 4423 768 4470 deest.

80 4519 193 4565 timoren
208 4530 264 4564 oar.
280 4524 357 4559 noun.
375 4521 428 4552 m.
1060 4500 1075 4549 2
