2948 5092
469 270 579 317 orario
592 270 628 315 n.
643 270 762 315 conrna
775 268 912 317 manos.
1184 263 1187 268 ’
1224 260 1289 327 283

53 428 124 489 eins
151 444 209 508 pro
240 425 332 487 nobis
353 423 571 486 administratio
599 422 780 502 Angelorum
808 423 1065 486 administratione
1086 429 1374 507 praestandusne

56 537 104 590 est
125 529 212 602 lacta,
234 526 364 607 maique
385 527 483 606 ipsum
505 526 577 586 item
599 527 707 587 lactum
729 531 777 586 est
798 525 845 587 via
866 533 897 587 et
910 527 1101 589 resurrectio.
1144 530 1240 610 anne
1254 540 1290 595 ut

57 629 137 692 istud
158 628 231 692 Fica
251 630 329 692 mibi
347 634 381 692 in
402 629 499 690 Deum
518 636 724 707 protectorem
737 645 798 689 non
818 634 941 690 naturae
956 626 1053 708 ipsius
1070 629 1123 691 Dei
1143 648 1289 711 procrea·

60 730 188 806 tionem,
216 731 271 793 sed
290 731 356 793 eius
377 729 604 804 humanitatem,
622 736 663 791 ut
682 728 762 800 dixi,
786 729 932 808 significat
952 737 983 790 et
1003 728 1224 810 benignitatem,
1246 734 1288 797 ita

61 832 107 895 his
126 831 252 896 vocibus
269 837 484 914 praestantior
511 833 614 911 sactae
636 829 757 910 Aregelia
786 840 816 892 et
844 833 947 911 suctus
971 843 1015 895 ert
1037 843 1066 893 et
1088 845 1173 898 ccccc
1194 853 1289 916 prce-

66 939 194 999 rtcnticr
213 952 350 1016 aprum
369 936 473 1015 [actae
494 941 540 996 est
562 932 649 995 Iesus
672 948 732 993 uon
753 933 842 993 Verbi
863 934 939 994 sacta
968 951 1037 995 esse
1062 942 1167 997 natura
1190 937 1288 1016 sigui·

68 1028 304 1114 heatur‘(ahsit),
331 1034 385 1097 sed
406 1033 598 1108 heneficium,
628 1034 707 1113 quod
736 1051 771 1094 er
794 1035 858 1096 eins
881 1034 1050 1115 accepimus
1071 1035 1285 1111 incarnatione,

72 1138 247 1215 quantumvis
275 1138 383 1217 ingrati
411 1136 522 1198 suerint
549 1134 690 1198 haeretiei
717 1144 804 1215 atque
831 1136 862 1196 iu
895 1137 1003 1198 tuenda
1035 1135 1187 1216 impietate
1213 1156 1287 1230 per·

74 1256 217 1319 pugnaces.

349 1456 553 1521 EIUSDEM
582 1455 764 1519 CONTRA
790 1456 990 1521 AllthOS

522 1589 645 1642 ORATIO
665 1588 826 1642 SECUNDA.

150 1751 175 1809 1.
216 1747 281 1826 Ego
304 1745 424 1826 quidem
445 1762 642 1825 speraveram,
665 1745 740 1816 lore,
763 1752 797 1805 ut
812 1744 873 1805 trit
896 1745 1027 1806 insaniae
1049 1744 1212 1807 histriones
1235 1765 1287 1809 ar-

86 1849 216 1921 gumentis,
241 1867 316 1928 quae
339 1866 430 1927 supra
452 1866 517 1908 cum
540 1847 577 1909 ad
598 1846 666 1908 illos
688 1846 884 1908 confutandos
913 1855 975 1908 tum
998 1847 1033 1908 ad
1055 1848 1208 1910 teutatem
1229 1867 1287 1930 pa·

86 1947 251 2011 elidendam
273 1949 404 2024 hacun,
427 1950 555 2012 contenti
579 1949 721 2029 deinceps
743 1948 940 2028 quiescerent,
962 1949 1103 2028 ipsosque
1119 1950 1289 2029 poeniteret

86 2054 128 2108 tam
149 2050 219 2113 male
241 2051 279 2112 de
301 2049 453 2112 Salvatore
480 2050 616 2112 sensisse
644 2057 674 2112 et
699 2050 816 2112 locutos
839 2069 917 2113 esse.
962 2051 1069 2112 Verum
1092 2051 1149 2126 illi,
1182 2053 1287 2114 nescio

85 2165 128 2225 quo
144 2160 235 2231 pacto,
258 2171 297 2213 ue
319 2153 359 2214 ita
380 2152 500 2232 quidem
521 2152 676 2225 recedunt,
699 2153 752 2214 sed
775 2171 936 2231 porcorum
959 2172 1100 2215 canumve
1118 2172 1202 2215 more
1217 2171 1287 2215 sese

85 2246 182 2315 harae
202 2254 376 2316 vomitionis
398 2253 460 2315 luto
485 2262 514 2315 et
535 2253 675 2315 sordibus
698 2254 865 2315 volutantes
888 2273 963 2315 nova
991 2264 1158 2317 commenta
1180 2257 1285 2318 delen·

85 2348 172 2416 dandae
191 2355 353 2436 impietatis
375 2374 463 2417 eausa
486 2354 542 2416 sibi
565 2356 740 2435 excogitant
784 2356 886 2435 ltaque
908 2376 964 2418 nec
984 2357 1055 2419 illud
1075 2358 1285 2437 intelligentes,

84 2456 142 2530 qnod
161 2457 188 2518 in
209 2457 382 2519 Proverbiis
405 2457 549 2536 scriptum
572 2465 634 2518 est:
656 2458 806 2520 Dominus
829 2465 944 2521 creavit
964 2478 1011 2521 me
1032 2464 1154 2522 initium
1167 2466 1289 2522 ciorum
1338 2486 1340 2491 ·

85 2573 186 2620 amram
208 2565 241 2621 ire
264 2578 359 2640 opero
380 2579 446 2631 sao,
470 2577 526 2621 nec
548 2557 627 2620 istud
641 2560 793 2637 Apostoli:
820 2561 883 2633 Qui
901 2560 1000 2640 fidelis
1023 2571 1068 2623 ert
1089 2565 1125 2636 ci,
1147 2566 1200 2642 qai
1214 2562 1288 2639 sccit

84 2654 160 2732 itan,
194 2670 307 2723 temere
329 2662 508 2722 altercantur
528 2662 669 2740 aiuntque
690 2661 742 2722 [lei
766 2662 871 2722 Filium
893 2680 958 2722 rem
981 2665 1085 2724 iactam
1108 2670 1138 2723 et
1159 2669 1287 2726 creatam

84 2775 139 2822 esse.
179 2763 257 2824 Sane
279 2781 314 2824 ex
337 2763 400 2835 his,
431 2782 505 2842 quae
535 2763 723 2842 supradicta
746 2772 831 2835 sunt,
866 2762 972 2824 licebat
1000 2764 1075 2843 ipsis
1104 2764 1286 2843 perspicere,

83 2859 123 2920 hisi
141 2883 245 2926 sensus
267 2865 387 2945 penitus
411 2866 594 2937 amisissent,
617 2865 724 2926 Filium
746 2874 821 2926 teste
837 2865 958 2925 veritate
973 2883 1008 2926 ex
1023 2864 1115 2926 nihilo
1131 2882 1193 2925 non
1208 2882 1286 2937 esse,

82 2967 284 3042 semestres
308 2970 399 3029 lactas
421 2967 478 3029 ulla
500 2967 616 3028 ratione
638 2968 798 3046 pertinere.
844 2967 918 3027 Cum
941 2967 1020 3028 enim
1043 2967 1122 3028 Deus
1150 2966 1213 3045 ipse
1237 2966 1286 3039 sit,

83 3067 177 3127 nectas
199 3077 247 3128 est
276 3087 343 3129 euru
373 3078 501 3129 creatum
525 3069 634 3130 dicere.
679 3068 831 3147 Siquidem
858 3088 959 3129 rerum
988 3076 1152 3130 creatarum
1183 3078 1212 3129 et
1240 3070 1371 3131 la-r.toa.

83 3171 169 3230 domm
189 3170 346 3249 proprium
370 3179 415 3231 est
436 3169 493 3231 dici
516 3190 551 3231 ex
573 3169 667 3231 nihilo
696 3189 764 3232 esse
792 3189 849 3231 nec
875 3170 969 3232 luisse
997 3179 1153 3249 antequam
1181 3170 1287 3249 gigne-

83 3278 170 3331 rentur.
220 3271 347 3344 Qnando
376 3290 463 3346 nero,
500 3280 637 3351 tanquam
667 3273 751 3333 veriti
780 3291 796 3332 a
823 3272 953 3351 propriis
986 3272 1140 3334 discedere
1168 3272 1287 3347 sabulis,

85 3383 151 3446 supra
170 3373 263 3435 dictas
287 3373 453 3434 divinarum
475 3375 694 3453 scripturarum
717 3393 804 3435 voces
828 3374 958 3436 obiicere
981 3373 1094 3446 solent,
1121 3393 1196 3454 quae
1218 3375 1288 3452 qui·

85 3463 132 3530 lem
150 3483 226 3536 recte
249 3483 321 3536 sunt
343 3476 485 3555 scriptae,
520 3476 574 3537 sed
602 3493 676 3554 quas
706 3475 747 3536 illi
777 3475 924 3537 mahtiose
957 3466 1205 3555 interpretatatum
1234 3493 1288 3554 age

86 3570 132 3643 quis
152 3575 188 3637 sit
207 3577 367 3639 verborum
390 3578 508 3638 illorum
532 3595 641 3639 sensus
664 3585 844 3656 repetamus,
867 3592 934 3639 omn
958 3586 990 3639 ut
1005 3576 1149 3639 Fidelium
1171 3576 1287 3637 animos

87 3753 645 3828 editispraetereapraemittiturconsuetustitu-
732 3765 756 3813 h.
775 3765 875 3824 Segucr.
894 3764 992 3815 Gohler.
1017 3772 1040 3812 et
1058 3763 1161 3813 Felrlrm.
1177 3765 1198 3812 l.
1223 3771 1247 3812 et
1264 3764 1289 3815 4.

87 3818 113 3869 hs
126 3826 164 3876 cci
178 3824 208 3880 la
220 3825 311 3896 ἁγίοις
328 3841 372 3881 etc.
697 3818 769 3880 alnae
785 3826 836 3879 τὸν
852 3824 921 3881 υἱὸν.
941 3822 989 3879 cicc
999 3822 1034 3879 ἄν
1044 3823 1084 3890 εἴη
1097 3823 1159 3879 οὐδὲ
1174 3825 1288 3896 ποίημα.

110 3896 227 3949 tdubler.
246 3909 270 3949 et
284 3901 389 3949 rerctm.
403 3901 424 3949 l.
442 3892 477 3952 ὥς
495 3889 524 3951 ὃς
541 3893 586 3947 καὶ
603 3891 646 3947 κύ·
700 3900 789 3949 lbidem
807 3899 904 3950 Gohler.
923 3899 1098 3949 attererent.
1117 3908 1140 3948 et
1158 3899 1182 3948 l.
1202 3900 1290 3948 habeut

87 3960 177 4031 occepi
206 3961 270 4020 τοὺς
300 3960 386 4021 ἰδίους
408 3961 526 4034 ἐμέτους.
570 3967 645 4017 iidem
697 3966 852 4031 γεννητῶν,
881 3968 926 4016 nisi
945 3968 1059 4017 mendum
1078 3969 1109 4017 sit
1127 3967 1289 4032 Typogrnphl.

87 4020 186 4104 rbrdtnet
202 4037 303 4097 Seguer.
328 4036 384 4097 lleg.
409 4037 516 4085 Pelclm.
533 4035 555 4084 «l.
581 4044 604 4084 et
622 4036 646 4084 b.
699 4037 798 4097 Seguer.
818 4037 873 4098 lleg.
894 4044 917 4085 et
935 4037 991 4085 editi
1009 4032 1139 4099 γενητῶν.

86 4098 118 4136 tta
130 4108 168 4145 roa
183 4095 296 4152 ἑαυτῶν.
334 4103 360 4153 ln
379 4104 449 4154 editis
466 4098 514 4150 xci
531 4103 606 4152 deest.
732 4105 747 4152 i.
773 4104 871 4165 Seguer.
890 4112 914 4153 et
923 4103 1028 4153 Felelm.
1038 4103 1062 4152 4.
1073 4094 1128 4150 ἀπὸ
1139 4099 1192 4159 τῆς.
1213 4100 1287 4150 Paulo

101 4159 123 4232 ,l
135 4165 168 4217 Sic
182 4171 281 4233 Segucr.
310 4174 338 4223 st
356 4172 454 4223 Gobler.
473 4181 496 4222 et
507 4171 612 4220 Felclm.
623 4171 645 4220 l.
697 4178 754 4235 post
772 4172 844 4232 Sego.
863 4171 933 4224 Gohl.
953 4171 1056 4221 felclm.
1068 4171 1089 4219 l.
1102 4163 1288 4234 προειρημένα

87 4231 159 4308 '⁰136
174 4231 335 4287 ἆποστολοῦ.
372 4239 513 4289 Felelm.l.
530 4232 646 4303 μήτετὸ
698 4232 774 4304 ῥητοὶ.
810 4240 871 4289 Editi
882 4247 905 4288 et
915 4239 955 4289 alii
968 4233 1154 4306 προειρημένα
1167 4230 1286 4301 ῥήματα.

86 4301 188 4370 ’ξ’θῦτῷ
205 4301 358 4372 ἇποστόλῳ,
389 4309 451 4357 Editi
468 4300 538 4373 μήτε
557 4300 588 4352 τὸ
607 4303 646 4370 τῷ
732 4309 753 4357 l.
771 4303 823 4374 μέν
847 4309 915 4357 abest
939 4323 951 4357 a
976 4307 1074 4358 Guhler.
1100 4313 1123 4355 et
1148 4303 1287 4354 Felclm.l.

87 4365 165 4419 “⁰³16
202 4414 208 4425 .
242 4377 295 4425 bion
315 4370 577 4443 propulsaturum
600 4376 645 4423 Se·
698 4376 788 4425 ibidem
808 4376 878 4424 iidem
898 4375 1079 4437 elseguerian.
1099 4371 1287 4422 sclelelmd.

86 4438 167 4504 turp
207 4434 310 4497 raia'rcrr.
699 4438 813 4509 ῥᾳδιοορ
834 4435 945 4509 cipetra.
982 4442 1062 4492 Ceteri
1087 4447 1111 4490 et
1134 4440 1191 4490 editi
1212 4433 1289 4506 (lodt-

109 4504 651 4579 atilionacumpraescrutante-
698 4511 879 4580 ecpypdrrc.
