2948 5092
520 251 628 295 omaro
642 251 681 293 tv.
697 251 812 294 conum
825 249 959 295 ammos.
1276 235 1338 298 659

118 425 214 468 carne
237 405 423 467 coniunctum
446 419 512 462 esse
534 401 623 472 audit,
648 401 777 462 divinum
798 418 887 462 unum
909 399 1091 480 simplexque
1113 400 1254 480 intelligat
1273 415 1422 480 my-rntb

118 507 273 571 sterium,
306 506 412 566 Verum
434 502 610 564 luculentius
632 503 800 581 certiusque
822 501 925 580 quouis
948 502 1103 565 ratiocinio
1126 522 1175 578 ea,
1208 521 1282 583 quae
1303 502 1340 563 ab

117 606 306 686 Archangelo
343 605 378 666 ad
411 604 504 682 ipsam
532 603 684 682 lleiparam
714 602 790 664 dieta
816 610 899 676 sunt,
930 603 1017 664 divini
1047 604 1134 666 Verbi
1161 612 1191 666 et
1211 604 1339 667 hominis

118 710 267 772 unitatem
290 704 567 769 demonstraverint:
591 705 654 767 eius
676 705 748 767 haee
769 713 838 767 sumt
859 703 961 766 rerba:
985 704 1119 786 Spiritus
1141 717 1263 770 sunaus
1286 726 1340 769 att·

115 815 282 893 perveniet
302 813 335 871 in
357 820 399 879 te,
432 821 461 870 et
483 812 582 869 virtus
604 807 753 870 Alta'ssr'mi
773 807 959 870 obumbrabit
981 809 1048 878 titt,
1070 809 1191 888 ideoque
1213 818 1241 869 et
1262 809 1340 889 quod

119 899 270 975 noscetur
297 920 446 979 sunctum,
479 909 635 969 accubitor
658 907 753 970 Filius
774 908 840 970 Dei.
885 907 978 969 Stulte
1005 907 1093 986 igitur
1115 908 1340 973 Samosatenses.

120 1014 256 1077 Verbum
277 1011 423 1082 dividunt,
455 1029 521 1071 cum
538 1010 584 1070 his
608 1029 643 1071 ex
665 1010 761 1071 verbis
783 1009 891 1071 clarum
914 1009 970 1083 sit,
993 1010 1089 1089 ipsum
1112 1010 1225 1072 unitum
1247 1011 1339 1073 inisse

119 1115 241 1177 homini
263 1132 297 1174 eu
319 1112 408 1172 hlaria
429 1119 572 1173 assumto.
616 1111 681 1172 Non
711 1129 781 1190 ergo
804 1111 931 1173 Verbum
952 1129 1006 1190 per
1028 1110 1174 1173 Christum
1196 1120 1242 1173 est
1262 1112 1338 1173 mis-

120 1235 206 1290 sum,
230 1215 283 1277 sed
304 1214 404 1293 potius
426 1213 456 1273 in
478 1212 596 1274 Christo
618 1213 709 1286 misit,
731 1231 798 1275 cum
820 1213 874 1273 ait:
902 1212 961 1285 lte,
985 1214 1084 1275 docete
1107 1231 1207 1276 omnes
1227 1223 1337 1293 pentes.

213 1421 264 1483 33.
308 1416 424 1478 Scilicet
444 1414 469 1476 is
493 1425 538 1476 est
559 1432 625 1474 mos
648 1413 832 1495 scripturae,
863 1415 1033 1495 simpliciter
1060 1425 1090 1477 et
1117 1416 1182 1478 sine
1212 1408 1356 1478 exorna·'

120 1524 209 1586 tione
232 1520 317 1581 verba
340 1520 455 1579 efferre.
499 1516 548 1577 Sic
570 1516 693 1595 exempli
721 1517 813 1595 gratia
836 1516 864 1577 iu
886 1516 962 1578 libro
983 1517 1180 1579 Numerorum
1201 1518 1274 1580 baec
1294 1517 1339 1578 le-

119 1624 237 1704 gimus:
269 1622 356 1683 Dicit
378 1618 496 1697 Moyses
518 1617 645 1697 Ropueb'
663 1618 845 1682 Modicoitoe
871 1638 979 1698 qenero
1007 1619 1132 1698 Moysis.
1174 1619 1235 1681 Neo
1261 1619 1341 1682 enim

120 1725 202 1787 elius
225 1731 289 1784 erat
310 1723 443 1800 Moyses,
471 1720 520 1799 qui
541 1718 728 1798 loquebatur,
757 1729 788 1785 ot
807 1720 896 1792 alius,
919 1720 1002 1783 euius
1025 1740 1116 1800 gener
1137 1731 1200 1784 erat
1220 1721 1340 1801 Raguel,

97 1827 179 1897 ,nd
203 1843 280 1885 unus
303 1832 365 1884 erat
386 1823 512 1901 bloyses.
558 1822 745 1901 Quapropter
766 1822 792 1884 si
813 1823 925 1903 pariter
944 1822 1072 1885 Verbum
1093 1823 1163 1897 Dei,
1187 1823 1340 1904 sapientia,

123 1929 234 1998 virtus,
256 1925 385 1995 dextera,
407 1923 559 1985 brachium
581 1923 744 2004 similiaque
767 1924 937 2005 appellatur,
961 1926 987 1986 si
1009 1925 1078 1987 item
1095 1944 1162 1988 sese
1176 1925 1264 1987 nobis
1279 1925 1340 1986 ele·

122 2036 243 2092 menter
269 2026 419 2087 coniunxit
447 2035 625 2104 nostrasque
653 2024 749 2087 induit
776 2026 937 2104 primitias,
965 2028 1141 2105 quibuscum
1168 2034 1341 2090 sese'com-

123 2130 263 2202 miscuit,
285 2147 355 2207 ergo
377 2128 465 2189 etiam
487 2127 563 2188 idem
586 2127 711 2189 Verbum
733 2135 830 2190 cetera
848 2127 967 2190 nomina
990 2129 1054 2191 iure
1074 2128 1180 2191 morito
1204 2129 1343 2190 sortitum

121 2242 181 2295 ost.
226 2231 306 2291 llaec
332 2231 409 2291 enim
436 2229 555 2291 loannis
585 2230 689 2302 verba,
718 2229 825 2309 quibus
853 2229 981 2292 Verbum
1009 2231 1040 2291 in
1068 2230 1212 2309 principio
1240 2229 1341 2302 bisse,

121 2343 156 2397 et
176 2333 257 2413 apud
278 2333 369 2393 Deum
392 2351 425 2392 ae
446 2332 539 2392 Deum
560 2331 663 2403 luisse,
687 2322 842 2410 omniaque
863 2350 916 2410 per
937 2332 1034 2410 ipsum
1055 2332 1128 2392 lacta
1149 2350 1228 2404 esse,
1252 2330 1341 2392 nihil-

122 2454 184 2516 que
207 2435 272 2495 sine
294 2434 360 2511 ipso
383 2451 451 2494 esse
473 2434 579 2517 sactum
602 2433 722 2507 dicitur,
751 2443 851 2512 aperte
879 2435 1011 2511 prolecto
1041 2432 1215 2504 ostendunt,
1244 2433 1343 2511 ipsum

122 2555 245 2617 quoque
266 2534 416 2595 hominem
439 2534 491 2595 Dei
512 2535 599 2595 Verbi
622 2552 696 2613 opus
719 2552 798 2596 esse.
842 2535 942 2614 ltaque
961 2535 986 2594 si
1003 2552 1080 2607 eum,
1103 2541 1257 2613 postquam
1273 2550 1341 2593 cor-

123 2647 233 2717 ruptus
256 2645 316 2710 est,
351 2637 380 2696 in
403 2656 435 2697 se
456 2637 660 2715 suscepit„ut
681 2637 778 2714 ipsum
801 2636 898 2697 stabili
920 2644 949 2697 et
970 2637 1054 2696 lirma
1082 2635 1127 2697 sui
1149 2635 1341 2696 renovatione
1350 2642 1427 2687 note.

123 2746 273 2820 perpetuo
296 2757 521 2825 permansurum
543 2739 693 2809 reliceret,
721 2756 806 2816 quarn
836 2737 953 2817 quidem
982 2737 1020 2797 ob
1047 2755 1163 2799 oausam
1192 2737 1286 2798 eidem
1309 2756 1343 2796 se
1396 2744 1399 2749 ’

123 2841 290 2912 coniunxit,
313 2848 346 2900 ut
366 2841 447 2901 illum
470 2839 499 2900 in
516 2849 626 2900 sortem
642 2839 877 2901 conditionemve
892 2839 1066 2924 diviniorem
1082 2839 1271 2918 proveheret3
1294 2843 1343 2917 qut

124 2942 193 3003 lieri
215 2951 315 3020 potest
335 2950 366 3003 ut
388 2941 513 3001 Verbum
535 2960 589 3019 per
611 2941 770 3015 hominem,
795 2941 844 3020 qui
868 2960 903 3002 ex
918 2941 1007 3002 Maria
1024 2950 1174 3002 assumtus
1196 2941 1245 3012 sit,
1269 2941 1343 3001 mis:

126 3038 196 3104 suni
220 3062 288 3103 esse
309 3043 432 3114 dicatur,
454 3043 576 3122 ipseque
589 3043 799 3122 Apostolorum
815 3043 957 3104 Dominus
980 3042 1058 3103 inter
1080 3051 1193 3102 eeteros
1214 3043 1344 3120 Aposto-

126 3145 185 3218 los,
209 3163 316 3222 nempe
338 3145 518 3222 Prophetas,
541 3144 576 3204 ab
599 3145 702 3205 eodem
725 3144 836 3205 missos
859 3141 1052 3206 numeretur?
1094 3142 1139 3202 An
1160 3161 1229 3203 vero
1252 3161 1344 3220 purus

126 3247 219 3308 homo
253 3246 349 3324 possit
382 3244 478 3305 vorari
507 3243 664 3308 Christus?
713 3245 832 3307 Minime
863 3254 959 3317 oerte;
986 3254 1016 3306 at
1042 3243 1138 3320 Verbo
1172 3244 1346 3306 coniunctus

126 3346 193 3408 iure
216 3347 321 3407 merito
344 3346 477 3407 Christus
501 3355 529 3407 et
551 3347 641 3407 Filius
659 3346 710 3407 Dei
730 3355 832 3425 potest
855 3347 1004 3427 appellari,
1027 3352 1102 3407 teste
1116 3346 1273 3424 Propheta,
1295 3345 1346 3425 qui

126 3449 186 3509 iem
209 3448 280 3508 olim
308 3457 460 3526 paternam
488 3449 681 3510 substantiam
710 3448 867 3510 manifeste
888 3449 928 3509 illi
951 3447 1098 3520 attribuit,
1127 3466 1192 3508 cum
1220 3448 1273 3510 ait:
1307 3447 1346 3508 Et

127 3555 247 3612 mittam
269 3549 378 3611 Filium
399 3568 495 3610 oneum
519 3551 679 3612 Christum.
722 3549 809 3630 Apud
823 3550 976 3612 Iordanem
992 3550 1091 3612 audita
1112 3549 1181 3612 item
1203 3550 1275 3611 haee
1289 3568 1346 3610 vox

126 3838 180 3887 hlox
201 3838 257 3897 lter.
275 3845 297 3884 et
316 3837 413 3897 Sequer.
427 3831 598 3903 χρηματίζοι.
636 3838 712 3886 Ceteri
799 3837 815 3886 l.
840 3839 874 3886 lta
899 3838 954 3898 lteg.
979 3838 1077 3899 Sequor.
1097 3837 1166 3886 basil.
1185 3846 1208 3885 et
1226 3834 1344 3895 huglican.

125 3914 151 3954 et
170 3906 226 3953 editi
242 3899 409 3969 χρηματίζει.
765 3905 790 3953 ln
815 3905 868 3953 aliis
893 3915 916 3953 et
940 3905 1010 3953 editis
1034 3899 1080 3952 καί
1102 3906 1176 3952 deest.
1214 3904 1263 3951 lior
1287 3917 1345 3951 mss.

764 3988 847 4020 omnes
866 3971 964 4018 τοῦτον
982 3968 1172 4037 σαθρωθέντα.
1208 3971 1268 4019 Editi
1285 3968 1344 4017 τοῦ·

660 4073 664 4079 ·
761 4053 811 4088 τον
829 4035 1013 4106 σαρκωθέντα,
1033 4042 1156 4089 mendose.

163 4109 178 4157 i.
198 4108 240 4156 ste
262 4108 318 4168 lleg.
337 4115 359 4154 ot
378 4108 475 4168 Sequor.
511 4110 538 4155 ht
557 4106 595 4154 alii
615 4115 638 4155 ot
656 4107 711 4156 editi

126 4177 243 4225 omittunt
260 4168 309 4220 τὸν
324 4164 459 4233 Ἰωάννην.
496 4176 585 4223 lbidem
604 4174 713 4224 Basibet
902 4229 905 4236 ¹

127 4244 219 4306 buglis.
238 4237 289 4308 μὲν
306 4235 336 4290 ἓν
353 4231 429 4290 slvere.
798 4243 820 4276 ¹¹·
840 4227 928 4288 ll⁰8¹¹&
949 4220 986 4276 dd.

163 4008 188 4055 h.
207 4007 279 4055 basil.
300 4016 322 4054 et
339 4007 427 4065 Anglic.
447 3997 543 4063 ἦνωτο.

797 4148 828 4182 m.
848 4133 968 4194 Anglican.
988 4124 1092 4196 ἇνάγοι.

163 4346 186 4394 tr.
207 4345 261 4405 Reg.
288 4344 712 4405 Segnenbasilmngtic.etcum,
796 4335 818 4371 o.
836 4321 877 4369 Sic
895 4320 949 4381 Reg.
968 4320 1099 4380 etSequer.
1134 4316 1160 4366 ln
1179 4314 1265 4364 aliiset
1277 4313 1346 4363 editis

123 4411 302 4478 yeymiapa„
339 4413 488 4462 Coloricum
507 4413 712 4464 editioneComm.
764 4387 831 4437 dm
848 4387 900 4434 m·

122 4478 319 4547 y‘rwu'odm.
796 4495 820 4544 p.
838 4477 887 4527 τοῦ
905 4479 974 4529 obest
989 4494 1002 4528 a
1020 4479 1076 4540 tter.
1095 4484 1117 4526 et
1134 4477 1232 4540 Sequor.

1089 4559 1145 4611 42*
