2948 5092
353 254 499 298 sererent
514 255 552 298 oa
567 256 711 301 ancnoris
727 256 1005 307 ermanaricum.
1253 251 1295 316 63

68 407 163 468 stantia
187 406 342 468 diversum
366 424 446 481 esse,
469 406 617 468 latendum
640 426 712 469 sane
734 417 790 482 est,
813 419 893 471 recte
909 411 1060 491 Synodum
1082 423 1111 476 et
1134 417 1380 496 scripsissem.

68 517 92 569 et
111 509 271 585 cogitasse.

143 612 198 673 24.
245 608 353 671 Procul
375 616 471 670 autem
494 608 565 670 binc
586 609 662 670 absit
685 611 783 671 omnis
806 612 943 690 cogitatio
960 627 1122 694 corporea3
1144 618 1197 679 sed
1222 638 1293 680 sen-

65 731 112 772 sus
132 730 241 772 omnes
264 711 481 791 praetergressi
503 729 577 791 pura
606 711 796 789 intelligentia
824 721 854 774 et
880 715 943 776 sola
966 725 1064 778 mente
1087 718 1295 799 percipiamus,

66 833 146 893 quam
176 832 247 874 rere
275 814 315 874 sit
336 813 431 873 Filius
453 812 565 885 Patris,
595 831 682 891 quam
703 815 824 892 proprie
845 815 897 876 Dei
921 817 961 877 sit
984 818 1125 892 Verbum,
1156 829 1185 880 et
1207 840 1294 900 quam

66 918 222 996 perfectam
252 933 320 975 cum
348 915 414 975 luce
437 914 657 975 similitudinem
681 914 822 993 splendor
843 917 958 979 babeat.
1002 919 1040 979 Ut
1062 920 1139 980 enim
1164 923 1240 983 letus
1263 930 1294 983 et

65 1021 137 1079 lilius
161 1036 225 1079 non
247 1016 402 1078 bominum
425 1033 526 1088 more,
557 1016 609 1076 sed
633 1025 666 1077 ut
687 1015 780 1077 Deum
803 1018 900 1087 decet,
931 1027 961 1079 et
988 1020 1083 1080 dictus
1106 1031 1152 1081 est
1174 1029 1203 1082 et
1225 1040 1293 1083 vere

65 1131 122 1192 est,
151 1121 191 1181 ita
219 1137 288 1180 cunr
317 1135 419 1178 rocem
443 1117 711 1179 consubstantialis
734 1118 886 1192 audimus,
918 1119 1064 1182 humanos
1093 1140 1202 1182 sensns
1230 1141 1292 1184 uon

64 1224 208 1284 debemus·
226 1219 322 1299 sequi,
344 1237 401 1279 uec
422 1219 583 1281 divinitatis
606 1219 779 1297 partitiones
803 1228 854 1281 ont
876 1221 1037 1282 divisiones
1052 1221 1206 1299 fingendae
1222 1230 1292 1283 sunt

63 1325 149 1399 rrllae3
179 1321 236 1384 sed
267 1332 408 1401 tauquam
430 1321 466 1382 de
488 1320 578 1382 rebus
600 1340 660 1381 nou
683 1322 836 1400 corporeis
859 1318 1023 1401 cogitantes
1047 1341 1134 1383 unam
1156 1333 1292 1385 naturam

63 1437 89 1486 et
109 1425 238 1486 eandem
265 1424 361 1485 lucem
389 1441 448 1485 non
478 1423 654 1485 dividamus.
706 1424 738 1499 ltl
767 1424 845 1484 enim
873 1424 1027 1503 proprium
1056 1423 1121 1483 Filii
1151 1433 1196 1484 est
1223 1442 1292 1505 erga
1359 1406 1363 1414 .

63 1530 187 1598 Patrem,
212 1544 309 1604 eoque
332 1526 510 1599 ostenditur,
533 1525 627 1586 Deum
650 1544 719 1585 rere
735 1525 822 1585 Verbi
838 1525 955 1586 Patrem
979 1545 1056 1586 esse.
1093 1525 1166 1586 Nam
1185 1545 1290 1587 rursus

56 1630 131 1706 ¹lucis
155 1637 186 1689 et
210 1626 389 1720 splendoris·
404 1626 570 1705 exemplum
599 1626 635 1687 ad
663 1626 734 1687 illud
764 1627 985 1705 intelligendum
1009 1635 1055 1691 est
1078 1628 1290 1689 necessarium.

63 1731 133 1804 Quis
156 1730 249 1808 igitur
263 1728 361 1789 dicere
380 1729 495 1801 audeat,
518 1728 706 1806 splendorem
722 1728 778 1788 soli
794 1737 948 1788 externum
965 1739 994 1788 et
1009 1726 1181 1788 dissimilem
1198 1722 1291 1788 esse?

62 1833 108 1894 l‘el
130 1832 233 1913 potius
256 1831 336 1910 quis,
359 1830 385 1890 si
406 1830 576 1903 adverterit,
600 1848 729 1909 quonaru
752 1831 841 1891 modo
866 1830 1007 1909 splendor
1022 1849 1055 1891 se
1074 1830 1109 1890 ad
1125 1829 1219 1889 solem
1234 1827 1290 1888 ba·

61 1936 125 1997 beat
146 1934 334 2012 eandemque
356 1951 425 1994 esse
446 1933 552 2005 lucem,
576 1950 636 1992 uon
659 1932 799 1993 audacter
821 1932 913 1993 dicat:
946 1933 1042 2005 „Vere
1063 1932 1112 1991 lux
1135 1939 1164 1989 et
1186 1929 1289 2007 splen·

62 2038 140 2109 „dor
163 2054 224 2095 una
247 2052 297 2095 res
321 2041 378 2108 est,
400 2033 505 2112 hicque
528 2034 557 2094 in
575 2034 621 2094 illa
638 2034 814 2104 ostenditur,
837 2043 867 2095 et
883 2034 1025 2112 splendor
1048 2034 1077 2093 in'
1101 2032 1165 2093 sole
1181 2030 1288 2104 existit,

63 2139 124 2210 „ita
148 2136 256 2216 utqui
278 2136 372 2195 solem
395 2135 521 2203 viderit.
546 2137 737 2214 splendorem
760 2154 877 2214 (quoque
900 2134 1054 2196 cernat?“
1098 2135 1178 2195 Haec
1198 2150 1289 2212 porro

62 2242 154 2302 unitas
184 2248 214 2300 et
242 2236 384 2299 naturalis
413 2238 580 2316 proprietas
608 2239 759 2317 quomodo
788 2257 804 2297 a
833 2237 1022 2298 credentibus
1055 2256 1088 2298 ao
1122 2235 1288 2297 videntibus

61 2352 134 2401 recte
164 2339 265 2401 vocari
293 2339 392 2418 possit
419 2339 477 2399 uisi
507 2338 766 2401 consubstantialis
795 2337 898 2399 letus?
949 2339 1022 2410 Quis
1051 2347 1146 2399 autem
1169 2335 1290 2415 proprie

60 2442 204 2520 digneque
228 2439 318 2501 alium
339 2438 392 2499 Dei
421 2439 512 2500 lemur
542 2459 609 2500 esse
632 2440 779 2519 concipiet
800 2448 918 2518 praeter
941 2438 1083 2511 Verbum,
1115 2438 1290 2516 sapientiam

61 2551 85 2602 et
106 2545 263 2613 virtutem,
296 2559 382 2619 quam
411 2560 482 2602 sane
510 2560 566 2602 uec
586 2542 845 2629 Patriqexternam
874 2543 918 2601 las
948 2549 995 2601 est
1024 2541 1137 2611 dicere,
1166 2559 1222 2600 nec
1243 2537 1289 2599 vel

59 2645 184 2721 rogitare
214 2644 286 2703 licet
313 2660 374 2703 non
404 2661 523 2722 semper
551 2644 628 2721 apud
652 2644 771 2703 Patrem
798 2640 916 2703 luisse?
967 2642 1119 2720 Siquidem
1141 2641 1199 2700 boc
1220 2641 1286 2718 ipso

60 2746 113 2805 tatu
137 2744 243 2804 omnia
265 2744 335 2805 lecit
356 2744 458 2816 Pater,
489 2763 632 2822 suamque
654 2745 684 2803 in
707 2764 755 2804 res
780 2762 884 2804 omues
906 2742 1122 2822 providentiam
1144 2759 1198 2818 per
1220 2758 1289 2803 eum

60 2845 182 2923 benigne
207 2844 404 2917 administrat,
427 2855 513 2925 atque
536 2845 575 2906 ita
598 2847 663 2925 ipse
685 2854 714 2905 et
729 2846 816 2905 Pater
831 2862 923 2905 unum
938 2854 1017 2916 sunt,
1040 2840 1288 2921 quemadmodum

59 2946 164 3006 dictum
187 2954 254 3018 est3
276 2945 333 3006 nisi
356 2946 431 3006 forte
453 2947 541 3006 iidem
566 2946 692 3024 improbi
713 2947 820 3006 iterum
842 2944 969 3006 audeaut
990 2943 1179 3015 contendere,
1202 2942 1287 3002 aliam

60 3068 122 3108 esse
147 3046 240 3107 Verbi
261 3046 467 3120 substantiam,
492 3058 521 3108 et
543 3048 629 3107 aliam
653 3049 760 3120 lucem,
784 3067 859 3125 quae
882 3065 915 3107 ex
931 3047 1018 3105 Patre
1040 3045 1070 3106 in
1094 3045 1143 3104 illo
1167 3053 1223 3118 est,
1247 3045 1288 3106 ita

60 3158 87 3206 ut
107 3148 157 3208 lux
181 3146 313 3225 quidem,
337 3157 478 3226 quaeest
502 3150 532 3208 in
553 3148 639 3220 Filio,
663 3167 752 3208 ιιιιιιιιι
776 3149 814 3208 sit
838 3167 903 3209 cunr
919 3148 1016 3219 Patre,
1038 3147 1103 3225 ipse
1125 3165 1195 3206 vero
1219 3155 1286 3206 tau-

59 3268 139 3325 quam
164 3267 216 3308 res
240 3258 338 3308 creata
361 3250 401 3308 sit
422 3250 499 3309 Patri
523 3259 670 3310 externus.
716 3248 823 3309 Verum
854 3250 926 3308 baec
948 3248 1081 3326 prolecto
1104 3247 1231 3325 Caiphae
1258 3254 1287 3307 et

59 3349 278 3410 Sarnosatensis
300 3358 348 3409 est
368 3337 515 3419 doctriua,
546 3368 632 3428 quam
655 3349 785 3410 Ecclesia
814 3349 932 3427 quidem
954 3348 1056 3427 procul
1080 3348 1203 3426 repulit,
1234 3346 1286 3408 sed
1370 3373 1375 3384 ¹

58 3470 138 3528 «quam
165 3450 207 3510 illi
231 3450 305 3510 olam
329 3458 359 3509 et
380 3459 476 3511 astute
498 3469 578 3511 uunc
599 3459 721 3511 tuentur
742 3450 876 3528 hancque
899 3450 937 3509 ob
954 3467 1070 3510 causam
1091 3450 1147 3528 ipsi
1164 3448 1287 3509 veritate

58 3553 152 3612 relicta
176 3550 318 3610 baeretici
342 3559 411 3611 suut
431 3550 578 3612 declarati.
624 3551 656 3610 Si
685 3550 763 3611 eninr
792 3571 916 3630 prorsus
945 3551 1035 3624 lucis,
1070 3570 1144 3628 quae
1173 3560 1219 3610 est
1251 3568 1288 3610 ex

58 3651 154 3724 Patre,
184 3653 335 3731 particeps
358 3651 406 3712 ille
429 3662 487 3726 est,
516 3671 568 3712 cur
590 3670 649 3711 non
673 3651 772 3730 potius
803 3653 868 3731 ipse
892 3653 917 3713 is
941 3662 1000 3724 est,
1030 3651 1113 3711 cuius
1142 3670 1190 3711 res
1214 3650 1288 3711 aliae

57 3753 123 3815 burrt
144 3753 328 3832 participes,
360 3771 397 3812 ne
426 3752 536 3814 scilicet
562 3753 669 3838 aliquid
698 3753 827 3813 medium
856 3753 1020 3814 inteream
1044 3753 1211 3812 etPatrem
1235 3770 1285 3812 re·

56 3852 207 3931 periatur?
252 3853 326 3914 Nam
349 3854 410 3914 nisi
431 3854 460 3914 id
483 3855 677 3926 concedatur,
701 3873 763 3914 nou
785 3853 910 3934 amplius
934 3852 1051 3915 ostendi
1074 3853 1193 3930 poterit,
1218 3872 1285 3912 om-
1396 3845 1407 3865 ‘

57 3956 96 4016 oia
119 3975 177 4037 per
198 3954 309 4043 Filiunr
332 3955 406 4015 lacta
429 3973 511 4029 esse,
535 3955 587 4015 sed
611 3955 788 4035 perillum,
812 3955 896 4016 cuius
921 3962 951 4014 et
972 3955 1036 4032 ipse
1059 3962 1106 4013 est
1125 3953 1285 4031 particeps.

57 4056 86 4116 lt
106 4059 132 4119 si
157 4058 228 4137 ipse
251 4065 299 4117 est
321 4054 449 4122 Verbum
472 4065 502 4116 et
523 4056 665 4135 sapientia
688 4056 801 4126 Patris,
831 4055 862 4115 in
890 4075 948 4133 quo
977 4074 1011 4114 se
1033 4053 1120 4114 Pater
1141 4053 1287 4131 patelacit,

56 4159 260 4235 cognoscitur,
285 4165 382 4229 creat,
405 4165 434 4216 et
456 4157 521 4217 sine
544 4177 602 4236 quo
625 4156 698 4218 nibil
721 4157 842 4218 omuino
867 4156 949 4229 lacit,
973 4156 1162 4216 manifestum
1185 4153 1287 4230 utique

82 4361 101 4392 a.
120 4347 162 4394 Sic
181 4347 240 4406 lleg.
280 4343 344 4391 Editi
369 4357 425 4391 vero
442 4340 501 4395 nois·
518 4344 643 4392 mendose.
731 4358 751 4391 c.
771 4342 811 4390 Sic
830 4342 885 4400 lleg.
911 4341 955 4389 atti
975 4355 1030 4390 vero
1050 4349 1073 4389 et
1091 4337 1148 4387 editi
1167 4327 1282 4397 ἣνοῦτε.

82 4413 101 4458 b.
120 4415 162 4462 Sic
181 4416 241 4474 Reg.
280 4411 310 4459 At
329 4409 370 4459 alii
389 4416 413 4458 et
431 4411 486 4459 editi
504 4404 556 4468 τὴν
573 4406 644 4465 λέξιν
732 4410 755 4458 d.
775 4410 832 4469 llog.
850 4399 978 4472 ἀτέχνως.

54 4490 166 4532 coruunt.
