2948 5092
491 247 504 275 Ι

394 357 401 367 ,
455 316 564 362 curro
580 317 613 362 n.
629 317 745 363 cunrat
758 317 895 362 ειιιιιοε.
1195 303 1282 370 W

56 469 161 531 Deinde
183 470 236 549 qui
259 469 307 542 m,
336 476 370 531 ut
391 487 458 531 cnm
481 468 580 531 omnia
602 487 638 530 er
659 467 753 531 nihilo
774 468 919 547 producta
942 467 1002 530 sint
1023 477 1054 530 et
1074 478 1187 543 creata,
1209 471 1368 535 Fili-m

58 590 155 651 usque,
178 581 215 633 nt
236 570 354 643 solunt,
375 588 436 632 una
458 571 498 632 sit
520 589 537 631 e
558 568 649 632 rebus
671 569 777 631 creatis
800 578 830 632 et
851 562 927 650 quae
948 570 1190 649 aliqnando'non
1216 573 1282 637 tuc-

58 683 134 746 ruut,
165 672 254 734 solus
274 679 373 735 nmen
395 671 461 735 iste.
474 671 593 732 Patrem
614 670 741 743 revelet,
773 670 931 749 nullusque
959 671 1033 732 alius
1060 683 1179 752 praetor
1201 674 1283 738 illum

58 775 168 836 Patrem
190 770 378 854 cognoscat?
421 772 494 834 Nam
517 773 544 833 si
566 771 631 833 deri
652 774 762 852 potest,
783 780 818 832 ut
839 771 897 845 ille,
920 773 970 851 qrri
992 792 1069 854 opus
1085 784 1142 849 est,
1164 776 1283 840 Patrem

60 885 228 955 cognoscam
251 874 374 954 quidni
396 874 434 936 ab
456 873 595 936 omnibus
617 892 735 954 quoque
756 892 811 952 pro
835 867 1068 954 uniuscuiusque
1090 875 1231 956 dignitate
1249 898 1284 954 ac

60 977 188 1039 taudtate
210 973 433 1056 cognoscatur?
468 975 574 1037 Omnia
590 974 738 1054 siquidem
755 993 845 1055 opera
867 985 946 1047 sunt,
969 976 1010 1037 uti
1034 986 1063 1037 et
1084 978 1161 1057 ipse.
1195 980 1283 1053 Quod

61 1080 79 1140 si
99 1077 164 1141 tieri
186 1078 307 1157 nequit,
335 1085 368 1139 ut
388 1095 437 1139 res
462 1078 557 1139 iactae
578 1077 698 1138 Patrem
726 1075 772 1137 vel
794 1076 911 1138 videant
932 1076 979 1139 rel
1001 1089 1198 1157 cognoscant,
1228 1081 1283 1144 sed
1365 1082 1369 1089 '

60 1181 115 1242 eins
136 1179 216 1242 sisio
239 1188 269 1241 et
297 1178 427 1257 cognitio
451 1196 556 1240 omnes
579 1185 716 1258 superet3
745 1196 871 1257 namque
903 1177 968 1258 ipse
994 1179 1074 1241 Deus
1102 1180 1160 1242 ait:
1189 1181 1282 1246 Nemo

60 1282 160 1345 uidebit
181 1273 293 1362 [omem
313 1298 410 1342 mecm
432 1290 460 1342 et
482 1285 579 1352 or'oet,
602 1288 632 1342 et
651 1278 762 1341 Filius:
786 1279 895 1351 Nemo,
919 1279 1030 1358 inquit,
1052 1285 1139 1343 movit
1160 1281 1284 1345 Putrem

59 1389 113 1446 atsi
130 1382 249 1456 mltum
272 1380 422 1444 fatendum
443 1399 516 1442 sane
538 1389 594 1454 est,
619 1381 748 1443 Verbum
771 1380 849 1443 aliud
871 1400 941 1443 esse
962 1401 980 1443 a
1000 1381 1091 1444 rebus
1113 1383 1209 1457 factis,
1231 1391 1281 1447 ut·

59 1495 120 1565 pote
141 1503 160 1547 a
181 1502 243 1563 quo
270 1483 336 1545 solo
359 1482 447 1545 Pater
474 1482 608 1545 videatur
635 1492 665 1545 et
695 1491 907 1562 cognoscatur,
939 1491 972 1545 ut
998 1483 1071 1545 baec
1099 1483 1164 1545 eius
1192 1484 1283 1549 verba

60 1585 229 1649 ostendunt:
251 1584 322 1647 Non
343 1586 422 1667 quod
443 1584 565 1648 Putrem
587 1590 654 1667 quis
677 1586 761 1655 uidit,
783 1588 847 1646 aisa·
866 1588 891 1647 ts
913 1589 967 1666 pus·
986 1587 1068 1666 opud
1084 1585 1207 1649 Putrem
1227 1598 1282 1662 ost,

59 1707 193 1770 imoque
215 1686 341 1751 Patrem
363 1682 514 1767 cognoscit
535 1689 598 1749 nisi
617 1685 723 1758 roseos,
747 1685 885 1765 quicquid
907 1694 1053 1766 repugnet
1066 1687 1166 1749 Arius.
1196 1680 1282 1763 Qno'·

59 1789 140 1851 nodo
162 1806 237 1868 ergo
260 1787 345 1850 solus
368 1794 576 1867 cognosceret,
604 1787 661 1850 nisi
690 1786 773 1850 solus
793 1787 935 1866 proprius
959 1788 1023 1850 eius
1045 1787 1152 1851 esset?
1196 1791 1282 1864 Quo-

59 1891 140 1953 modo
160 1909 235 1952 vero
257 1890 398 1969 proprius
421 1890 486 1951 eius
509 1897 600 1964 esset,
624 1889 650 1951 si
673 1898 754 1951 esset
776 1897 909 1963 creatus,
932 1907 994 1950 non
1016 1901 1114 1952 autem
1136 1910 1225 1954 verus
1247 1909 1283 1954 cx

59 1993 116 2072 ipso
139 1989 280 2055 natust·
302 1991 365 2053 Nec
386 1993 465 2053 enim
487 2009 576 2070 grane
590 1990 679 2052 debet
693 2009 762 2052 esse
785 1990 889 2053 eaderu
911 1992 1030 2071 saepius
1052 1993 1172 2072 pietatis
1194 2011 1283 2056 causa

59 2093 159 2162 diuers.
205 2093 308 2173 ltaque
330 2092 454 2174 impium
469 2101 517 2155 est
531 2092 654 2168 sentire,
676 2091 783 2154 Filium
799 2111 891 2154 unum
907 2110 944 2154 ex
959 2093 1098 2156 omnibus
1114 2114 1191 2157 esse.
1221 2094 1281 2158 Ne-

59 2197 155 2258 farium
177 2213 251 2256 nero
267 2194 304 2256 'et
325 2195 449 2257 stultum
471 2204 532 2267 est,
555 2212 623 2256 eum
646 2203 777 2256 creatum
800 2195 917 2268 dicere,
941 2196 994 2256 sed
1016 2214 1078 2256 non
1100 2205 1133 2258 ut
1153 2215 1283 2260 uname

60 2296 156 2359 uestis
178 2296 281 2371 rebus,
304 2298 430 2370 sactum,
454 2296 507 2359 sed
530 2315 591 2358 non
614 2304 647 2358 nt
668 2295 795 2358 unam'e
818 2297 901 2358 iactis
926 2296 1035 2371 rebus,
1058 2298 1206 2377 genitum,
1229 2298 1283 2361 sed

60 2415 113 2458 nou
133 2408 171 2460 ut<
188 2416 278 2460 unam
302 2416 318 2459 e
341 2396 430 2460 rebus
452 2398 570 2476 genitis.
614 2397 760 2477 Numqui
783 2398 846 2459 fieri
869 2406 969 2477 potest
996 2406 1029 2459 ut
1061 2417 1122 2460 non
1145 2399 1186 2461 sit
1206 2399 1285 2465 sicut

61 2516 110 2560 nna
130 2518 166 2561 er
188 2498 273 2560 hisce
294 2499 400 2574 rebus,
425 2501 467 2572 si,
490 2508 523 2561 ut
544 2499 584 2561 illi
606 2499 726 2579 quidem
749 2499 924 2578 opinantur,
958 2518 1019 2561 non
1043 2508 1105 2562 erat
1126 2509 1283 2579 antequam

62 2610 133 2662 esset
152 2600 490 2681 genitus?·.Siquidem
518 2620 618 2663 rerum
647 2610 812 2663 creatarum
834 2610 864 2662 et
896 2601 1038 2662 factarum
1059 2601 1214 2680 proprium
1236 2610 1284 2664 est

63 2717 114 2761 noa
140 2721 209 2763 esse
237 2712 395 2784 antequam
422 2704 494 2764 fiant
521 2712 610 2783 aupue
639 2723 673 2764 ex
704 2703 796 2764 nihilo
820 2704 988 2782 procreari,
1020 2703 1089 2764 licet
1121 2703 1194 2765 aliae
1217 2703 1283 2767 aliis

64 2802 143 2879 gioria
164 2803 354 2884 praecellant.
400 2804 437 2866 Ut
464 2805 556 2888 enim,
572 2823 623 2866 res
653 2803 848 2884 aspectabiies
875 2804 955 2865 inter
985 2822 1018 2865 se
1041 2804 1161 2866 differre
1183 2804 1282 2866 cerni·

66 2920 128 2980 nus,
150 2905 196 2966 sic
217 2905 296 2967 idem
319 2906 407 2967 etiam
429 2907 460 2967 in
483 2906 622 2968 omnibus
644 2906 710 2969 aliis
733 2906 823 2967 rebus
846 2905 952 2968 creatis
966 2905 1034 2967 licet
1048 2906 1288 2985 deprehendere·

136 3009 189 3072 23.
232 3006 319 3086 Atqui
344 3007 380 3080 si,
404 3015 437 3069 ut
457 3016 562 3087 putant
582 3008 734 3081 haeretici,
756 3007 848 3068 Filius
862 3026 913 3068 res
929 3019 1025 3070 creata
1042 3017 1123 3070 esset
1138 3008 1183 3070 vel
1198 3011 1282 3084 sacta,

12 3138 16 3145 ·
66 3106 109 3167 sed
127 3127 189 3170 non
212 3117 246 3169 ut
267 3126 324 3169 una
348 3127 382 3170 ex
404 3109 495 3170 rebus
518 3109 646 3182 creatis,
669 3110 736 3188 quia
758 3109 872 3171 scilicet
894 3108 987 3187 gloria
1009 3108 1045 3169 ab
1068 3109 1126 3170 illis
1149 3109 1283 3184 diderat3

66 3226 125 3272 sane
144 3210 175 3272 id
199 3209 355 3272 debuisset
368 3211 532 3289 siguificare
548 3210 709 3291 Scriptura,
732 3211 890 3290 ipsumque
910 3229 977 3272 cum
999 3210 1066 3272 aliis
1088 3211 1178 3272 rebus
1199 3212 1284 3274 sactis

64 3313 166 3373 ratione
189 3313 386 3392 praestantiae
408 3313 608 3393 comparando
631 3313 806 3384 ostendere,
835 3331 963 3392 quonam
992 3312 1081 3373 modo
1110 3313 1204 3374 maior
1225 3312 1282 3374 Ar-

62 3466 145 3514 omittit.
183 3466 243 3514 ltem
268 3465 356 3515 ibidem
382 3467 522 3527 Segnerian.
541 3467 640 3516 Gobier.
694 3465 781 3515 ibidem
807 3465 944 3527 Segnerian.
970 3463 1027 3518 πῶς
1041 3459 1103 3544 ydp
1122 3455 1172 3530 οὐχ
1189 3456 1227 3517 cic
1243 3456 1280 3514 fr.

60 3531 156 3582 feteam.
179 3534 200 3582 i.
220 3542 244 3583 et
261 3533 286 3583 4.
309 3524 368 3585 υἱὸς
396 3519 431 3612 ἤν
456 3525 586 3593 ἀληθινὸς
614 3528 643 3590 ἕξ
693 3535 719 3582 Ιιι
739 3533 793 3581 aliis
809 3540 836 3608 et
853 3534 925 3582 editis
943 3534 1012 3583 deest
1029 3547 1073 3586 eor.
1109 3533 1161 3582 dior
1186 3534 1242 3599 Regf
1261 3541 1285 3583 ct

57 3592 141 3725 ἷξτσῦ.
180 3601 224 3650 atii
252 3609 276 3650 et
300 3602 355 3650 editi
381 3593 600 3661 sebastianum,
626 3593 640 3649 ὁ
694 3602 749 3650 editi
768 3598 962 3666 πρινγενηθῇ.
1001 3600 1046 3650 diii
1065 3594 1284 3668 mssmpivyev-

95 3662 190 3717 «ὄτσῦ.
693 3667 772 3728 rqtt'.

83 3753 106 3799 g.
125 3736 231 3786 i'eittm.
251 3730 277 3785 2.
301 3745 324 3786 et
342 3737 398 3787 editi
417 3735 512 3786 ταῦτα.
548 3737 641 3786 ibidem
728 3684 763 3785 kt]
770 3736 826 3796 neg.
838 3743 861 3784 et
870 3734 944 3785 anil.
956 3728 1002 3781 καὶ
1012 3725 1060 3782 edu
1072 3726 1101 3791 ἐξ
1118 3726 1166 3784 or’at
1184 3726 1283 3793 ὄντων,

54 3819 215 3855 aesomnes
239 3797 302 3868 περὶ
319 3794 461 3868 εὐσεβείας.
499 3804 562 3854 Editi
579 3797 643 3871 napi
695 3804 820 3854 mendose.

53 3865 182 3935 ἀσεβείας.
218 3871 278 3922 item
307 3873 394 3921 ibidem
420 3873 518 3934 Segosa.
544 3872 642 3923 Gobicr.
730 3872 745 3919 Ι.
766 3871 870 3920 Feiekm.
889 3870 913 3919 d.
937 3862 1007 3935 πρὸς
1030 3862 1110 3918 ἑαυτὸ
1136 3864 1284 3937 dsaogtpon·
1312 3883 1315 3887 ·

52 3950 74 3990 et
90 3941 198 3990 Feiakm.
220 3938 243 3987 1.
262 3947 286 3988 ει
304 3940 327 3988 4.
347 3929 395 3988 osis
414 3931 551 3999 ὀκνητέον,
580 3940 643 3989 Editi
695 3930 945 4002 acceptatorem,
966 3928 1053 4001 o‘r'cnep
1070 3932 1232 4003 βλεπόμενα.
1349 3987 1362 4004 ‚

49 4017 72 4058 et
89 4007 131 4058 aiii
150 3999 200 4055 eds
218 3997 343 4072 ὀκνηρόν.
729 4021 759 4056 m.
779 4007 879 4068 Seguer.
896 4006 989 4067 Anglie.
1000 4007 1098 4056 Gobter.
1110 4015 1132 4055 et
1145 4007 1248 4055 i'eicirm.
1262 4005 1284 4055 l.

81 4077 107 4125 b.
126 4076 227 4137 Segacr.
247 4076 304 4137 neg.
317 4075 415 4125 Gobier.
434 4075 538 4125 Feiekm.
554 4075 575 4125 l.
586 4074 641 4125 etb.
693 4066 762 4143 πρὸς
779 4065 813 4121 τὰ
831 4066 906 4121 ἄλλα.
944 4073 1005 4122 Editi
1024 4080 1048 4122 et
1065 4074 1106 4122 aiii
1123 4066 1193 4151 ruptis
1210 4066 1283 4122 ἄλλα.

47 4137 98 4192 τὸν
115 4135 187 4194 υἱόν.
215 4143 295 4192 Ceteri
314 4151 338 4192 et
356 4143 412 4193 editi
430 4136 480 4190 τὸν
491 4135 565 4192 θεόν.
591 4143 643 4192 tior
693 4143 745 4195 iios
763 4143 863 4202 Segaer.
883 4134 1068 4206 oppstsesdat
1085 4153 1114 4188 τε
1130 4153 1184 4199 τηε.
1213 4139 1283 4190 Gobt.

47 4213 150 4274 Segner.
168 4219 193 4260 et
211 4209 352 4260 reterns.
370 4201 425 4258 ἀλλ’
446 4201 496 4276 οὐχ
514 4202 558 4262 ὥς.
580 4210 641 4259 Editi
694 4209 799 4259 feletan.
821 4210 886 4261 het
903 4209 927 4257 4.
952 4203 1138 4274 σημαίνεσθαι
1160 4198 1238 4272 παρά
1255 4219 1284 4256 τε

48 4288 72 4330 ει
90 4271 197 4329 eliisei
215 4270 266 4343 οἰχ
284 4269 329 4331 uic.
693 4276 750 4336 τῆς.
787 4277 847 4326 Editi
872 4270 1104 4341 capacensem
1126 4268 1203 4341 παρὰ
1228 4272 1284 4333 τῆς.

81 4349 98 4398 i.
125 4348 224 4399 Gobier.
249 4355 273 4396 et
298 4344 403 4395 Felckm.
425 4347 445 4395 l.
464 4339 511 4393 sui
525 4341 641 4410 γένημα.
694 4346 720 4394 ln
739 4344 843 4394 Feickm.
862 4344 887 4394 b.
905 4355 935 4392 τε
952 4344 1025 4408 piane
1043 4345 1120 4392 deest.

45 4416 140 4467 ibidem
163 4417 267 4477 Segoer.
286 4413 343 4472 neg.
371 4423 395 4463 at
417 4414 521 4463 Fatekm.
543 4414 564 4463 1.
582 4408 642 4477 γέν·
728 4427 752 4462 n.
770 4411 960 4462 Fetetmannib.
980 4402 1067 4459 αὐτὸν
1082 4404 1203 4474 μείζονα,
1224 4393 1286 4457 οἷον

44 4496 125 4550 rapa
146 4493 171 4534 et
191 4472 384 4548 γεννημάτων.
420 4481 498 4560 §steri
525 4489 550 4532 st
566 4481 641 4532 aditio
693 4471 756 4528 ἔδει.
794 4479 847 4529 iton
870 4479 1010 4559 coteleriana.
1033 4486 1058 4528 et
1076 4478 1182 4529 Fatetur.
1199 4477 1222 4528 t.
1238 4470 1286 4528 and

46 4551 166 4603 conflet,
188 4545 303 4618 ydram
325 4556 351 4601 st
371 4561 544 4622 γενεματεεν.
581 4548 641 4605 itam
693 4538 888 4619 λσμπρρεερεε
905 4538 990 4618 attae
