2948 5092
488 278 984 326 conmmoxmnmrorrxramn.
1284 269 1347 331 915

119 432 272 497 mentum!
295 452 313 493 o
336 433 438 493 insana
460 431 657 511 blasphemia!
700 431 803 493 Dicant
825 451 860 493 ex
883 451 1008 510 quanam
1023 432 1174 512 Scriptura
1195 435 1431 512 depromtareu.

119 537 166 597 sit
188 537 244 597 ista
267 534 401 595 delinitio
423 542 473 594 aut
494 534 593 613 potius
615 534 672 593 hoc
686 516 793 594 diaboli
812 534 973 612 sophisma.
1010 533 1255 620 Quandoquidem
1270 535 1347 595 Pro-

120 637 211 716 pheta
234 635 319 697 dicit:
343 635 454 695 Frater
475 653 537 695 noo
559 635 688 709 redimit,
711 634 836 695 redimet
858 635 954 706 bomo,
977 642 1007 695 et
1028 634 1113 695 alibi:
1136 635 1174 696 Et
1190 635 1275 697 domo
1290 654 1349 696 oe-

118 749 175 800 tur
199 747 244 798 est
265 741 299 796 in
320 754 363 804 eo,
387 746 416 796 et
438 741 501 815 ipse
522 736 666 813 fundavit
688 754 752 796 eam
774 736 957 797 ditissimus.
994 736 1051 806 Qut
1067 736 1130 796 fieri
1145 744 1245 814 potest
1259 735 1349 814 igitur

120 847 157 900 ut
179 836 306 898 Verbum
329 837 419 898 homo
442 839 549 897 lactum
572 837 714 898 mundum
736 852 796 896 non
820 837 959 909 redimat,
994 856 1060 914 cum
1088 837 1277 898 manifestum
1299 837 1347 909 sit,

122 941 154 1002 in
177 957 234 1017 qua
257 949 360 999 natura
382 938 573 998 commissum
597 947 644 999 est
664 946 831 1017 peccatum,
855 938 883 997 in
907 957 940 999 ea
956 957 1074 1017 quoque
1093 937 1225 999 extitisse
1239 937 1350 1016 gratiae

123 1037 371 1103 exuberantiam?
417 1040 567 1111 Quaenam
596 1048 692 1100 autem
726 1040 835 1118 gratiae
864 1038 1076 1100 exuberantia?
1111 1039 1190 1117 quod
1220 1034 1373 1099 Verbum'
1424 1040 1428 1044 ’

121 1143 232 1203 lactum
257 1143 297 1202 sit
317 1142 425 1213 homo,
449 1160 570 1201 manens
593 1150 690 1202 tamen
712 1140 814 1215 Item,
833 1149 865 1202 ut
887 1150 916 1201 et
937 1142 1027 1202 bomo
1049 1143 1156 1201 lartum
1179 1141 1259 1200 Deus
1281 1146 1347 1200 ere'·

120 1245 261 1316 deretur,
295 1243 540 1322 quemadmodum
575 1252 604 1304 et
627 1243 761 1305 Christus
790 1244 880 1304 bomo
908 1262 974 1304 cum
1006 1242 1045 1303 sit
1066 1243 1145 1303 Deus
1170 1252 1269 1302 tamen
1292 1248 1349 1313 est,

122 1347 193 1426 quia
217 1364 282 1406 cum
306 1345 385 1405 [leus
409 1352 489 1405 esset
510 1347 602 1405 laetus
627 1346 800 1417 esthemo,
824 1354 853 1404 et
876 1345 904 1404 in
928 1343 1057 1403 bominis
1081 1319 1175 1403 forma
1198 1341 1347 1402 eredenti·

122 1449 182 1509 bus
207 1447 331 1508 salutem
354 1447 495 1524 impertit.
539 1447 570 1507 Si
601 1447 678 1506 enim
707 1446 863 1506 Dominum
892 1447 989 1505 lesum
1024 1463 1075 1504 ore
1108 1452 1159 1505 tuo
1192 1444 1348 1504 consessus

124 1549 240 1620 lueris,
263 1548 343 1609 etin
368 1548 456 1608 corde
479 1556 529 1609 tuo
553 1548 729 1621 credideris,
753 1547 832 1625 qnod
855 1547 934 1607 Deus
956 1546 1036 1607 illum
1060 1565 1095 1606 ex
1118 1545 1243 1606 mortuis
1266 1543 1348 1603 exci-

121 1651 204 1724 tarit,
227 1651 324 1710 salvus
348 1651 416 1710 eris.
461 1650 522 1709 Nex
538 1660 635 1710 autem
658 1628 795 1710 inlisum
811 1667 872 1709 non
888 1648 974 1720 eadit,
996 1648 1045 1726 qui
1061 1665 1116 1707 nec
1129 1645 1349 1707 resurrectione

124 1770 204 1831 opus
227 1751 325 1822 habet,
352 1752 403 1811 sed
426 1752 491 1829 ipse
514 1770 530 1810 a
553 1751 677 1811 mortuis
701 1752 816 1811 excitat.
861 1750 945 1810 Unde
960 1768 1082 1810 necesse
1100 1748 1164 1820 luit,
1188 1756 1220 1807 ut
1240 1743 1351 1823 aliquid

121 1854 205 1914 licus
227 1852 359 1924 haberet,
382 1853 460 1931 quod
484 1871 538 1930 pro
562 1853 648 1914 nobis
670 1854 791 1913 offerret
812 1853 919 1912 sivein
935 1860 1030 1912 morte
1047 1851 1154 1912 sivein
1176 1850 1251 1919 vita;
1274 1863 1348 1924 qua·
1449 1848 1463 1862 ⁸

123 1964 250 2034 propter
272 1954 411 2027 Verbum,
435 1955 513 2032 quod
536 1954 626 2015 homo
650 1956 762 2015 lactum·
779 1955 827 2026 ait,
856 1972 891 2014 eo
914 1953 1006 2031 magis
1030 1952 1154 2012 salutem
1177 1957 1328 2029 operatur.

213 2159 243 2221 8.
288 2157 346 2218 Sed
368 2157 474 2217 iterum
499 2156 645 2217 obiicitis:
680 2155 798 2234 „Ecqua
822 2155 936 2215 ratione
959 2163 1059 2234 potest
1080 2163 1197 2225 natura,
1221 2171 1295 2231 quae
1319 2151 1350 2211 in

122 2259 370 2332 „consuetudine
381 2258 492 2337 peccati
509 2259 584 2318 edita
598 2266 643 2318 est
654 2266 684 2317 et
694 2275 769 2335 quae
779 2257 889 2335 peccati
902 2256 1123 2316 successionem
1140 2255 1264 2332 excepit,
1278 2254 1349 2313 abs·

124 2381 214 2440 „que
229 2370 348 2439 peccato
362 2360 453 2421 esse?
476 2361 554 2437 quod
567 2359 753 2437 impossibile
767 2377 832 2419 euni
847 2360 895 2430 sit,
913 2358 969 2418 erit
982 2357 1070 2435 igitur
1081 2356 1216 2416 Christus
1229 2363 1262 2415 ut
1275 2372 1352 2415 unus

122 2480 191 2535 „ex
208 2462 412 2522 hominibus.“
448 2461 525 2521 llaec
548 2471 576 2521 et
598 2460 728 2521 Marcion
751 2462 856 2531 sensit,
881 2461 955 2519 hane
977 2467 1006 2518 et
1028 2459 1214 2519 lilaniehaeus
1237 2455 1353 2516 induxit

124 2564 312 2634 sententiam,
326 2563 375 2640 qui
387 2581 504 2623 carnem
518 2562 646 2622 bominis
659 2564 812 2640 ipsamque
827 2560 1047 2639 generationem
1059 2558 1115 2619 sub
1128 2557 1253 2618 malitiae
1265 2556 1435 2635 prin-mm

123 2665 192 2742 cipe
215 2663 376 2736 constituit,
399 2663 515 2742 ipsique
538 2663 737 2724 Dominatoris
759 2663 876 2723 titulum
898 2662 1064 2740 adscripsit,
1087 2678 1152 2720 cum
1176 2677 1267 2737 aquo
1284 2658 1351 2736 quis

124 2766 221 2826 rictus
238 2774 293 2837 est,
317 2767 448 2826 eiusdem
472 2774 501 2825 et
523 2784 626 2825 servus
647 2765 797 2825 reddatur.
841 2765 953 2825 Horum
970 2761 1144 2823 sententiam
1160 2779 1214 2821 vos
1234 2776 1352 2838 quoque

125 2867 288 2939 renovatis,
312 2867 380 2927 dum
404 2868 518 2927 diversa
534 2868 649 2927 ratione
665 2866 846 2946 spiritualem
860 2865 990 2925 hominis
1004 2874 1148 2934 naturam,
1166 2880 1241 2941 quae
1256 2861 1353 2934 anima

124 2987 196 3031 esse
213 2969 395 3047 intelligitur,
413 2989 468 3030 una
485 2969 525 3029 illi
542 2968 698 3041 subiicitis‚
717 2987 804 3046 quarn
820 2986 879 3027 non
897 2985 985 3045 posse
1007 2974 1157 3043 peceatum
1174 2964 1267 3023 vitare
1289 2969 1353 3021 sta-

125 3070 222 3143 tuitis,
245 3081 513 3150 quantumcumque
532 3071 648 3130 tandem
671 3070 797 3130 animam
821 3069 964 3129 carnalem
988 3086 1057 3128 esse
1080 3065 1225 3126 scribatis.
1270 3062 1353 3123 Unde

125 3182 227 3233 autem
251 3173 324 3232 bace
346 3171 506 3232 didiceritis
530 3172 645 3249 ignoro,
669 3189 735 3231 eum
759 3190 853 3248 neque
876 3171 904 3230 in
928 3170 1021 3229 sacris
1037 3167 1197 3246 Scripturis
1213 3183 1309 3242 neque
1324 3164 1355 3223 in

127 3273 243 3351 vulgata
266 3273 420 3334 hominum
438 3273 589 3332 *sententia
613 3271 641 3330 id
658 3271 836 3341 admittatur,
860 3271 986 3330 Domino
1010 3269 1140 3329 dicente:
1164 3266 1209 3327 Ne
1227 3268 1355 3327 timeatis

127 3376 168 3437 ob
190 3380 244 3446 r'r‘s,
275 3380 327 3456 qui
347 3377 484 3437 occidunt
515 3393 641 3453 eorpus,
674 3376 805 3434 unimam
838 3383 936 3435 autem
964 3390 1027 3432 mon
1052 3379 1183 3450 possum
1212 3369 1354 3429 occidere.

126 3478 217 3555 Atqui
241 3478 265 3537 si
289 3474 413 3538 carnalis
436 3484 482 3536 est
503 3475 616 3547 anima,
646 3484 679 3534 ut
699 3483 798 3535 restra
822 3475 878 3534 lert
900 3472 1017 3552 opinio,
1051 3490 1104 3532 cur
1121 3489 1185 3531 ,non
1208 3488 1266 3529 una
1289 3485 1356 3528 eum

127 3597 257 3656 corpore
280 3579 407 3639 moritur
429 3587 458 3638 et
480 3576 579 3655 perit?
623 3577 660 3636 Et
682 3594 735 3638 cur
758 3576 864 3638 Petrus
887 3575 999 3637 animas
1021 3574 1051 3634 in
1075 3573 1191 3632 interno
1222 3569 1355 3628 detentas

128 3679 255 3758 spiritus
280 3696 387 3739 vocans
410 3679 464 3738 ait:
489 3680 576 3752 Abiit,
599 3689 634 3739 ut
657 3683 694 3739 iis
720 3683 773 3759 qur·
792 3683 825 3739 in
849 3695 969 3738 currere
992 3674 1105 3735 inclusi
1124 3675 1222 3732 erunt
1236 3672 1356 3748 spiriti-

127 3833 181 3881 ltox
201 3832 300 3892 segon.
321 3833 416 3881 Gobler.
437 3839 459 3879 et
477 3832 581 3879 Felclm.
599 3832 620 3878 l.
639 3823 719 3885 σώζει
803 3846 825 3890 g.
846 3827 941 3877 Gobler.
961 3836 984 3875 et
1002 3825 1105 3874 Felclrm.
1118 3823 1139 3872 l.
1159 3813 1246 3883 τοῦτῳ
1265 3809 1358 3866 δεδού-

127 3893 251 3977 ὂλργος.
291 3901 350 3947 Elin
370 3915 424 3948 roro
444 3896 524 3946 etalii
544 3891 622 3953 σώζει
636 3891 719 3965 ‘ile‘-
768 3893 860 3943 λωται.

127 3981 202 4019 στος.
806 3966 828 4011 lr.
848 3961 919 4011 Basil.
945 3950 1165 4007 ἇποκτενώντων.
1211 3953 1308 4005 Gobler.
1334 3957 1361 4001 et

165 4052 185 4083 e.
207 4034 295 4095 angue.
316 4036 414 4096 Segner.
433 4033 530 4082 Golrler.
546 4032 684 4079 ethiclrm.
698 4032 719 4078 l.
772 4032 876 4080 Felcltm.
890 4031 911 4077 1.
925 4019 1139 4075 ἆποκτενόντων.
1177 4023 1209 4071 ld
1229 4034 1299 4084 quem
1319 4019 1358 4067 lo·

128 4098 272 4168 creentvr.
301 4093 557 4162 lloxSegrrer.ioroc
576 4085 631 4144 οὖν.
659 4099 719 4146 ibid.
773 4114 826 4146 enm
846 4106 913 4146 notat
930 4088 1119 4157 Aodnnarqq'c:
1144 4088 1225 4136 τοῦτο
1243 4086 1358 4163 Aqrocq·

128 4173 231 4231 Segoer.
252 4172 348 4219 Golrler.
369 4178 392 4218 et
411 4168 513 4217 leleltm.
526 4169 548 4215 1.
565 4162 611 4213 καὶ
629 4158 722 4229 ὁΧρι·
772 4162 848 4223 τέλης
872 4160 961 4227 ληρεῖ,
989 4155 1133 4224 ἐνδελεχῶς
1156 4166 1360 4222 supercuretur

129 4232 205 4290 στὸς.
244 4239 305 4287 Editi
325 4247 348 4286 ot
366 4238 406 4285 alii
426 4252 483 4284 mss.
505 4229 549 4282 καὶ
569 4227 582 4280 ὃ
601 4226 666 4286 υἱός.
772 4229 823 4284 τὰς
851 4227 950 4296 ψυχάς.
998 4230 1049 4276 llox
1078 4230 1178 4303 Seguer.
1209 4224 1305 4299 Gobler.
1330 4222 1361 4269 *et

84 4298 93 4315 ’
166 4308 181 4356 i.
208 4308 306 4367 Sequor.
330 4297 495 4369 eirqyoiyrrc.
534 4304 595 4351 Editi
618 4316 673 4349 rere
698 4307 723 4350 et
772 4301 878 4349 Fetrtlrm.
895 4301 915 4348 1.
939 4295 997 4349 πῶς
1024 4288 1168 4359 iocorum
1187 4296 1270 4356 ψυχη-
1307 4288 1361 4337 idox

128 4375 172 4424 alii
190 4366 360 4438 ticnyrionro.
401 4374 452 4420 ltox
470 4373 570 4433 Segner.
589 4369 686 4418 Gobler.
699 4375 722 4416 et
773 4367 844 4416 Basil.
865 4359 896 4412 οὗ
914 4360 1035 4422 θνήσκει.

128 4443 236 4492 Felclrm.
258 4445 279 4491 l.
304 4437 354 4501 riv
377 4437 512 4505 γέννησιν.
551 4438 612 4487 Editi
640 4435 721 4485 etalii
806 4436 821 4483 i.
846 4435 945 4495 Sequer.
970 4424 1000 4480 ἐν
1023 4424 1100 4493 ᾆδον.
1146 4428 1205 4478 tbnt
1224 4424 1296 4477 basil.
1314 4435 1361 4470 κα·

124 4503 180 4570 τὴν
195 4506 312 4576 γένεσιν.
366 4530 370 4539 ’
771 4497 956 4569 ταδεχομένας
971 4491 1071 4564 ψυχάς.
