2948 5092
531 275 640 321 omaro
657 276 700 319 m.
718 277 833 320 courna
846 242 983 322 ιιιιιιιεε.
1286 270 1349 335 003

117 440 166 493 εει
185 450 222 492 ao
242 429 269 492 si
288 429 450 499 diceretur,
473 427 590 488 Patrem
612 426 748 505 potuisse
770 444 831 487 non
854 446 923 490 esse
946 427 1067 491 bouum.
1112 431 1222 495 Verum
1236 453 1342 514 quem-
1356 448 1436 491 reu.

116 532 280 594 admodum
303 540 333 591 ει
356 547 475 608 semper
496 538 526 589 et
549 532 652 588 natura
674 526 772 590 bonus
794 537 842 590 ost
863 528 961 601 Pater,
984 530 1025 592 ita
1049 549 1168 612 semper
1182 541 1286 598 natura
1301 546 1349 600 est

117 632 287 714 generans.
322 630 378 692 llic
406 639 504 692 nutem
530 628 670 708 loquendi
693 629 818 691 modus:
846 630 934 692 Pater
955 631 1019 693 vult
1038 631 1145 694 Filium
1168 643 1198 696 et
1220 636 1348 699 Verbum

115 737 181 798 vult
202 735 337 805 Patrem,
362 750 423 792 non
446 723 668 792 antecedentem
691 731 812 792 denotat
832 732 1030 807 voluntatem,
1055 736 1112 796 'sed
1134 745 1256 798 naturae
1279 757 1348 818 ger-

115 836 291 897 manitatem
321 833 530 911 essentiaeque
558 833 769 922 proprietatem
796 851 831 894 ac
859 833 1081 896 similitudinem
1117 836 1261 916 designat.
1312 839 1351 901 ut

116 938 199 999 enim
222 935 261 996 de
282 934 443 1014 splendore
466 942 495 994 et
517 934 583 994 luce
606 933 662 994 dici
685 941 802 1013 potest:
825 935 974 1014 Splendor
988 954 1050 996 non
1065 937 1154 999 babet
1168 939 1350 1002 voluntatem

115 1039 148 1099 in
170 1037 239 1098 luce
259 1036 501 1107 antecedentem,
530 1035 582 1097 sed
612 1043 665 1126 εειΙ
678 1035 820 1097 naturalis
843 1037 907 1098 eius
929 1038 1023 1111 letus,
1055 1057 1141 1118 quem
1164 1039 1225 1101 vult
1245 1041 1352 1113 lux‚a

115 1156 175 1218 qua
199 1137 345 1217 gignitur,
368 1156 429 1198 non
451 1136 610 1198 voluntatis
633 1137 854 1210 deliberatione,
879 1139 933 1199 sed
956 1147 1060 1201 natura
1084 1149 1113 1202 et
1133 1141 1276 1214 ueritate3
1308 1143 1433 1203 itarmo.

114 1241 155 1301 de
174 1239 266 1301 Patre
292 1247 324 1300 et
343 1239 418 1299 Filio
440 1246 521 1299 recte
544 1238 601 1299 dici
623 1238 735 1316 possit:
758 1238 846 1299 Pater
868 1248 946 1301 amat
968 1248 998 1301 ει
1019 1240 1081 1304 enta
1102 1239 1219 1315 Filium,
1244 1251 1273 1304 et
1295 1244 1346 1304 ri-

114 1342 175 1402 lius
197 1348 279 1402 amat
300 1348 331 1401 et
350 1340 412 1400 vult
433 1339 561 1401 Patrem.

204 1544 258 1606 ut.
300 1541 345 1602 Ne
371 1540 461 1620 igitur
488 1539 648 1602 uoluntatis
677 1557 754 1618 opus
783 1539 947 1618 appelletur
975 1541 1084 1613 Filius,
1121 1562 1177 1604 noc
1204 1543 1351 1607 Valentini

114 1662 204 1706 uror
232 1643 264 1704 in
285 1642 447 1703 Ecclesiam
478 1641 651 1712 inducatur,
682 1640 736 1701 sed
766 1642 868 1702 vivens
900 1641 949 1702 ille
971 1633 1129 1707 cocullum
1149 1663 1299 1724 verusque
1320 1658 1351 1708 et

114 1743 262 1807 naturalis
284 1743 380 1804 Patris
404 1744 482 1804 setus
505 1741 720 1816 medicatur,
742 1750 775 1802 ut
797 1742 871 1804 lucis
893 1743 1043 1821 splendor.
1089 1745 1139 1805 Sic
1161 1745 1239 1807 enim
1262 1747 1350 1808 Pater

113 1847 181 1927 ipse
205 1852 255 1905 εει
274 1843 409 1904 locutus:
432 1843 594 1906 Eructavit
618 1861 791 1906 cormeum
816 1843 943 1906 Verbum
966 1846 1092 1920 bonum
1115 1847 1160 1908 cui
1183 1847 1278 1909 Filius
1301 1835 1349 1909 bis
1372 1821 1380 1839 ⁸

111 1932 216 2009 babis
238 1946 384 2008 concinit:
408 1945 469 2025 llpo
493 1951 525 2006 ιἰι
547 1945 640 2005 Putre
662 1955 691 2005 et
712 1944 805 2008 Pater
825 1950 859 2007 e'u
881 1965 927 2007 me
950 1957 1005 2008 eat.
1050 1947 1152 2026 ltaque
1174 1948 1200 2010 si
1220 1948 1350 2010 Verbum

115 2057 164 2111 est
184 2048 218 2109 in
242 2048 347 2118 corde,
371 2046 422 2108 ubi
445 2054 491 2108 est
512 2045 673 2107 voluntas?
717 2046 860 2108 Similiter
881 2047 907 2108 si
929 2047 1022 2109 Filius
1046 2057 1092 2109 est
1113 2049 1143 2109 in
1164 2050 1269 2123 Patre,
1299 2051 1349 2111 ubi

115 2159 164 2212 est
184 2147 367 2213 arbitrium?
409 2146 522 2208 Deinde
545 2148 571 2207 si
595 2146 660 2226 ipse
681 2154 729 2207 est
749 2147 905 2221 voluntas,
928 2149 1080 2226 quomodo
1103 2150 1261 2211 consilium
1285 2151 1348 2211 sire

114 2252 255 2313 voluntas
282 2249 313 2309 in
341 2248 490 2310 voluntate
518 2246 586 2308 est?
632 2247 720 2308 Valde
749 2247 830 2309 euim
860 2248 918 2309 hoc
947 2248 1108 2310 absurdum
1132 2259 1195 2325 est3
1225 2271 1263 2312 ne
1286 2252 1348 2312 sci-

113 2351 185 2414 licet
207 2350 337 2413 Verbum
366 2351 397 2410 iu
423 2348 533 2420 verbo,
557 2347 648 2409 Filius
677 2349 708 2408 iu
730 2348 809 2421 lilio,
839 2357 869 2410 et
891 2349 1040 2427 Sapientia
1063 2351 1094 2411 in
1117 2354 1261 2430 sapientia
1284 2354 1348 2414 lieri

115 2453 321 2524 existimetur,
349 2449 391 2511 uti
420 2450 540 2528 saepius
570 2450 680 2509 dictum
709 2457 765 2510 ost
791 2449 942 2529 ¹Namque
965 2451 1055 2512 Filius
1079 2453 1179 2513 omnia
1201 2454 1268 2546 ipse
1290 2461 1347 2524 εει,

114 2573 191 2634 quae
212 2554 310 2613 Patris
339 2560 424 2624 sunt,
458 2550 589 2629 nihilque
620 2557 688 2611 anto
710 2550 839 2612 Verbum
868 2553 966 2613 estin
988 2553 1091 2627 Patre,
1122 2553 1175 2613 sed
1198 2554 1228 2613 in
1251 2554 1347 2614 Verbo

115 2656 205 2717 etiam
227 2664 276 2717 est
295 2654 442 2725 voluntas,
466 2661 496 2713 ει
516 2671 571 2732 per
592 2652 698 2741 ipsum·
715 2670 768 2726 ea.
784 2672 859 2732 quae
880 2653 1041 2715 voluntatis
1065 2663 1145 2728 sunt,
1168 2673 1260 2734 opero
1275 2672 1347 2734 per-

114 2756 273 2830 ficiuntur,
302 2764 337 2816 ut
364 2774 405 2816 ex·
422 2754 519 2815 divina
542 2753 695 2832 Scriptura
718 2753 885 2816 didicimus.
930 2755 1040 2816 Vellem
1065 2774 1158 2828 uero,
1192 2765 1226 2817 ut
1254 2752 1347 2833 impii,

114 2859 166 2940 qni
188 2878 226 2920 eo
248 2858 432 2919 devenerunt
453 2856 598 2917 amentiae
621 2864 652 2916 et
673 2856 709 2917 de
730 2854 880 2917 voluntate
904 2856 1066 2936 disputant,
1088 2857 1194 2918 vellem
1217 2857 1347 2935 inquam,
1429 2874 1433 2879 ·

114 2969 149 3022 ιιι
173 2977 237 3020 non
266 2960 323 3019 iam
353 2950 570 3037 interrogarent
597 2956 754 3030 mulieres,
787 2975 860 3035 quas
889 2957 928 3017 ita
957 2959 1041 3035 prius
1064 2957 1346 3037 percunctabantur:

114 3060 292 3122 Habuistine
325 3059 416 3120 illium
447 3060 620 3138 priusquam
653 3056 835 3137 genuisses?
880 3059 987 3119 Verum
1022 3066 1122 3137 patres
1150 3058 1252 3136 potius
1284 3059 1343 3118 boc

114 3162 208 3225 modo
231 3161 434 3239 interrogent:
457 3162 531 3234 „An
554 3158 747 3221 deliberando
769 3166 869 3237 patres
892 3159 1058 3232 efficimini,
1081 3177 1120 3220 an
1141 3178 1212 3220 vero
1237 3177 1346 3220 secun-

115 3265 214 3338 „dum
242 3272 377 3323 naturam
406 3271 519 3324 restrae
550 3263 637 3323 etiam
666 3260 854 3322 voluntatis?
888 3263 931 3321 An
955 3262 1039 3322 liberi
1063 3261 1176 3323 similes
1200 3268 1271 3321 sunt
1292 3280 1346 3321 ve-

116 3377 225 3441 „strae
253 3375 376 3428 naturae
404 3373 434 3427 et
462 3361 692 3426 substantiae‘?“
737 3362 816 3424 llaec
838 3363 928 3441 igitur
951 3364 1102 3444 inquirant
1124 3384 1140 3424 a
1163 3362 1346 3443 parentibus,

114 3479 148 3530 ιιι
169 3468 208 3530 ab
230 3467 376 3546 bisipsis
399 3468 604 3539 confutentur,
635 3484 651 3525 a
674 3463 782 3543 quibus
806 3483 880 3543 quae
904 3466 1046 3526 elicienda
1070 3475 1150 3528 esset
1173 3484 1209 3526 ex
1232 3483 1286 3526 sua
1308 3465 1345 3525 de

114 3570 258 3632 nascendi
286 3568 376 3629 modo
407 3567 580 3648 quaestione
609 3565 761 3627 conclusio
790 3575 848 3628 tam
871 3566 1006 3645 impense
1028 3566 1211 3645 flagitarunt,
1242 3553 1347 3645 sper'a-

114 3682 244 3751 runtque
266 3688 330 3732 rem
352 3689 386 3729 ex
410 3669 485 3748 ipsis
506 3669 594 3749 plane
615 3668 799 3747 cognituros.
844 3667 923 3731 llaec
945 3668 1059 3730 scilieet
1072 3668 1115 3728 illi
1131 3676 1202 3727 sunt
1216 3685 1345 3745 respon-

114 3856 155 3909 ιε’.
192 3858 245 3907 llox
263 3856 336 3906 llasil.
354 3845 420 3903 ἀλλὰ
437 3849 483 3902 καὶ
499 3845 591 3917 βουλή.
633 3880 636 3888 ν
791 3869 813 3915 g.
831 3853 922 3914 negt.
942 3862 965 3902 ει
980 3852 1080 3913 Seguer.
1098 3843 1203 3899 ἑαυτῶν
1218 3849 1349 3914 γυναῖκας
1461 3862 1467 3879 ’

148 3927 173 3976 d.
192 3927 234 3975 Sic
252 3926 340 3986 Regius
361 3923 381 3971 l.
407 3923 546 3984 Segueriau.
566 3921 664 3970 Gubler.
683 3929 706 3969 et
756 3909 789 3973 ἃς
807 3912 891 3969 αὐτοί,
927 3921 1019 3969 lbidem
1038 3913 1157 3984 πότερον
1175 3919 1243 3967 abest
1262 3934 1273 3966 a
1294 3920 1343 3968 Go-

114 3995 221 4046 l'elcknr.
242 3992 264 4041 l.
299 3993 368 4041 ltin
393 3982 705 4041 aliiseteditisddeest.
756 3987 817 4038 bler.
837 3997 861 4037 et
878 3989 982 4038 Felclrm.
1003 3988 1025 4036 1.
1045 4002 1088 4050 pro
1107 4002 1155 4052 quo
1173 3985 1263 4047 anglic.
1282 3978 1349 4050 πρό·

147 4095 170 4129 e.
188 4079 231 4128 ste
247 4077 336 4138 aegras
349 4077 369 4126 1.
388 4083 412 4124 et
429 4076 570 4137 saloma.
604 4076 632 4124 ιι
649 4074 707 4122 earu
757 4069 847 4135 “eer-
882 4057 941 4106 uem
961 4055 1121 4132 *butu-,h
1134 4054 1268 4132 etspgufr.
1285 4053 1348 4130 ειυς

112 4144 237 4213 mm
757 4118 899 4190 irruperat
924 4132 946 4172 et
970 4138 1024 4173 mox
1047 4136 1094 4169 και
1112 4136 1161 4180 της
1177 4134 1264 4184 opum
1302 4121 1346 4169 ιΙιι

758 4182 1348 4256 εειιίιμιεβευλόμινειιιιΙειιιιιιιεκαὶοωιιιιιιιι.

146 4233 164 4282 l.
183 4231 226 4281 Sic
244 4230 301 4291 dog.
312 4228 335 4278 l.
353 4226 705 4289 Seguercohteeuretclm.

115 4301 137 4350 l.
172 4301 254 4350 Ceteri
273 4306 352 4346 entem
373 4305 396 4345 et
414 4297 469 4343 editi
480 4289 616 4350 ἐδίδαξαν.
646 4294 705 4342 lbid.
791 4294 814 4341 b.
834 4295 891 4354 lteg.
911 4292 933 4340 1.
952 4293 1092 4353 etSeguer.
1111 4289 1202 4338 addunt
1220 4279 1347 4351 'o'nquod

112 4369 169 4431 llag.
183 4369 205 4417 l.
224 4374 248 4415 et
267 4365 407 4426 Segnerinu.
418 4356 568 4428 ἐβουλόμην
586 4357 615 4410 δὲ
632 4355 704 4414 τούς.
757 4361 780 4409 in
799 4361 854 4408 aliis
873 4370 896 4410 et
915 4361 984 4408 editis
997 4360 1072 4408 deest.
1110 4357 1199 4405 ibidem
1210 4357 1313 4405 l'elolrm.
1322 4355 1346 4405 2.

112 4435 198 4499 negt
214 4427 369 4498 ἐβουλόμην
387 4419 437 4479 οὖν
453 4424 523 4482 τούς.
560 4431 603 4480 atti
615 4439 638 4480 et
648 4431 706 4479 editi
757 4437 781 4477 ει
804 4429 878 4477 editio
901 4428 1018 4478 Commel.
1042 4418 1075 4474 οὐ
1096 4416 1251 4490 θελήματος
1268 4416 1357 4490 ἡμῶν

111 4495 266 4571 ιρσελὸμην
281 4493 354 4554 sotir.
756 4488 832 4546 tom
849 4487 941 4562 ὅμοια.
1348 4521 1353 4529 .
