2948 5092
415 248 562 293 urrerem
576 249 614 293 ns
629 250 773 295 nrcacrrs
789 252 935 297 nictantia
949 255 1067 300 arnoni.
1317 245 1357 310 63

118 402 228 462 stantia
253 400 405 462 diversum
429 419 509 475 esse,
532 401 680 462 latendum
702 420 775 462 sane
797 411 852 475 est,
875 412 956 465 recte
971 406 1122 485 Synodum
1145 418 1174 470 et
1197 412 1443 491 scripsissem.

121 512 150 563 et
172 503 334 578 cogitasse.

207 606 261 667 24.
308 604 414 665 Procul
438 611 535 664 autem
558 603 627 664 hinc
648 603 724 664 absit
747 605 845 665 omnis
868 607 1006 686 cogitatio
1023 627 1185 688 corporea3
1207 612 1260 673 sed
1284 633 1356 674 sen·

125 725 175 766 sus
197 724 305 767 omnes
327 705 543 784 praetergressi
566 724 640 784 pura
668 705 858 784 intelligentia
887 717 916 768 ct
943 710 1006 771 sola
1028 719 1126 772 mente
1148 713 1357 792 percipiamus,

127 828 211 887 quam
241 826 311 868 rere
338 808 377 868 sit
399 806 493 867 Filius
515 807 628 879 Patris,
658 825 744 886 quam
767 809 886 886 proprie
908 809 960 871 liei
983 812 1024 872 sit
1047 812 1188 886 Verbum,
1219 823 1248 875 et
1270 835 1357 894 quam

130 913 285 989 perlectam
315 928 382 969 cum
411 909 476 969 luce
499 908 720 970 similitudinem
744 909 885 987 splendor
906 911 1020 972 haheat.
1065 912 1103 974 Ut
1125 915 1201 975 enirn
1226 916 1302 977 letus
1326 925 1357 977 et

130 1015 203 1073 lilius
226 1030 289 1072 nou
310 1010 466 1071 hominnm
488 1028 589 1083 more,
620 1011 671 1070 sed
695 1020 729 1071 ut
749 1010 843 1071 Deum
865 1012 963 1082 decet,
994 1022 1023 1073 et
1050 1014 1146 1075 dictus
1169 1024 1214 1076 est
1237 1024 1266 1076 et
1288 1035 1356 1077 vere

132 1125 190 1187 est,
217 1115 255 1175 ita
283 1132 351 1174 cum
380 1130 481 1172 vocem
506 1112 773 1174 conandstonn‘alr's
796 1113 949 1187 andimus,
981 1113 1126 1176 humanos
1155 1135 1264 1176 sensus
1293 1136 1354 1179 nou

133 1217 272 1277 dehemus·
289 1214 385 1294 sequi,
406 1231 463 1274 nec
484 1214 646 1275 divinitatis
669 1213 842 1291 partitiones
865 1223 916 1276 aut
938 1215 1099 1277 divisiones
1115 1216 1269 1293 fingendae
1284 1225 1355 1278 sunt

132 1319 216 1391 ullae;
244 1316 299 1377 sed
330 1326 470 1395 tanquam
492 1315 529 1376 de
551 1315 641 1376 rebus
662 1335 723 1375 non
745 1317 898 1394 corporeis
922 1311 1085 1395 cogitantes
1109 1336 1197 1378 unam
1219 1328 1355 1380 naturam

132 1430 159 1479 et
178 1420 301 1479 eandem
328 1419 423 1478 lucem
452 1436 511 1479 non
540 1418 717 1478 dividamus.
769 1418 800 1493 ld
830 1418 908 1478 enim
936 1419 1090 1497 proprium
1119 1418 1184 1478 Filii
1213 1429 1259 1479 est
1286 1437 1355 1499 erga
1423 1403 1426 1407 7

134 1523 252 1591 Patrem,
276 1539 372 1599 eoque
396 1519 572 1592 ostenditur,
596 1519 689 1580 lleum
712 1538 782 1579 rere
799 1519 883 1579 Verbi
901 1520 1017 1581 Patrem
1041 1539 1119 1580 esse.
1156 1519 1229 1580 Nam
1248 1540 1352 1581 rursus

127 1623 200 1697 ,lueis
222 1631 252 1682 et
274 1621 452 1714 splendoris⁰
467 1621 631 1699 exemplum
661 1621 696 1681 ad
721 1620 798 1681 'illud
826 1621 1048 1700 intelligendum
1072 1630 1118 1688 est
1141 1622 1352 1684 necessarium.

134 1725 201 1796 Quis
222 1723 311 1801 igitur
326 1722 424 1783 dicere
443 1723 557 1794 audeat,
580 1722 769 1800 splendorem
785 1723 840 1782 soli
857 1732 1011 1783 externum
1027 1730 1057 1782 et
1072 1720 1244 1782 dissimilem
1260 1716 1354 1782 esse?
1444 1708 1446 1713 ¹

133 1826 177 1886 Vel
198 1826 296 1905 potius
319 1825 398 1903 quis,
422 1824 447 1885 si
469 1824 638 1896 adverterit,
663 1843 792 1903 quonam
815 1825 904 1884 modo
929 1825 1070 1903 splendor
1085 1843 1117 1885 se
1136 1825 1172 1884 ad
1188 1823 1282 1883 solem
1297 1822 1353 1883 ha·

133 1928 192 1988 beat
213 1928 396 2005 eandemque
419 1945 488 1987 esse
509 1927 614 1997 lucem,
639 1945 699 1986 non
723 1927 861 1987 audacter
884 1927 976 1987 dieat:
1009 1928 1104 1999 „Vere
1125 1925 1175 1985 lux
1198 1933 1227 1983 et
1249 1923 1352 2002 splen·

133 2030 207 2101 „dor
229 2047 287 2089 una
310 2046 359 2088 res
384 2037 441 2101 cst,
464 2027 568 2106 hicque
591 2028 620 2087 in
638 2029 684 2088 illa
700 2027 877 2097 ostenditur,
900 2037 930 2089 et
945 2027 1088 2106 splendor
1110 2027 1139 2088 iri
1163 2027 1227 2088 sole
1243 2025 1351 2098 existit,

133 2132 192 2201 „ita
214 2130 319 2209 utqui
341 2129 435 2189 solem
458 2129 584 2197 viderit.
609 2130 800 2207 splendorem
823 2149 940 2208 quoque
963 2128 1116 2190 cernatl“
1161 2129 1240 2189 llaec
1261 2145 1352 2206 porro

133 2234 220 2294 unitas
249 2241 279 2293 et
306 2230 447 2292 naturalis
476 2233 643 2310 proprietas
671 2233 821 2310 quomodo
851 2251 866 2290 a
896 2230 1085 2291 credentibus
1118 2249 1152 2292 ac
1185 2229 1351 2290 ridentibus

131 2343 201 2393 recte
229 2332 327 2394 vocari
356 2332 455 2411 possit
483 2333 540 2392 nisi
570 2332 828 2394 consubstantialis
858 2330 961 2393 letus?
1012 2333 1085 2404 Quis
1114 2343 1209 2393 autem
1231 2329 1352 2410 proprie

130 2435 268 2513 dignaque
291 2433 380 2494 alium
403 2432 455 2493 [lei
484 2434 574 2494 letum
604 2453 672 2494 esse
695 2434 842 2512 concipiet
863 2442 980 2512 praeter
1003 2432 1146 2504 Verbum,
1178 2432 1352 2510 sapientiam

131 2546 156 2594 et
175 2537 326 2607 virtutem,
358 2553 445 2613 quam
475 2554 545 2595 sane
573 2554 628 2596 nec
649 2535 741 2619 Patri¹
758 2546 907 2596 externam
937 2538 980 2595 l'as
1011 2543 1058 2595 est
1087 2535 1200 2606 dicere,
1230 2553 1285 2595 nec
1306 2532 1351 2592 vel

130 2637 249 2714 cogitare
278 2637 348 2696 licet
375 2654 437 2695 non
467 2655 586 2715 semper
614 2637 690 2715 apud
715 2638 833 2697 Patrem
861 2634 979 2697 suisset
1030 2636 1181 2714 Siquidem
1204 2636 1262 2694 hoc
1283 2635 1349 2713 ipso

131 2739 182 2798 ietu
205 2738 305 2798 omnia
328 2738 397 2798 lecit
418 2738 521 2809 Pater,
552 2757 694 2816 suamque
716 2738 746 2798 in
770 2758 818 2799 res
843 2757 946 2799 omnes
969 2737 1185 2816 providentiam
1207 2754 1261 2813 per
1283 2751 1352 2797 eum

131 2837 247 2915 benigne
270 2839 467 2911 administrat,
490 2848 576 2918 atque
599 2839 637 2899 ita
661 2841 725 2918 ipse
748 2848 777 2899 et
792 2840 879 2899 Pater
894 2857 985 2900 unum
1002 2845 1080 2910 sunt,
1103 2835 1351 2915 quemadmodum

130 2938 229 2999 dictum
252 2948 317 3011 est3
339 2939 396 3000 nisi
418 2942 494 2999 lorte
517 2940 604 3000 iidem
628 2940 755 3019 improbi
776 2941 883 3000 iterum
905 2940 1032 3000 audeant
1053 2937 1242 3008 contendere,
1265 2936 1349 2997 aliam

131 3058 190 3100 esse
213 3040 303 3101 Verbi
324 3040 530 3112 substantiam,
555 3052 584 3101 et
606 3041 692 3102 aliam
717 3043 824 3114 lucem,
847 3061 922 3121 quae
945 3059 979 3101 ex
994 3041 1081 3100 Patre
1104 3039 1133 3099 in
1157 3039 1206 3098 illo
1230 3048 1286 3112 est,
1310 3039 1351 3100 ita

132 3150 158 3197 nt
177 3140 224 3201 lux
246 3141 376 3219 quidem,
399 3152 541 3220 quaeest
565 3144 594 3202 iu
617 3143 702 3215 Filio,
726 3161 815 3202 tinum
839 3143 878 3203 sit
901 3162 966 3202 curn
981 3142 1079 3213 Patre,
1102 3141 1167 3219 ipse
1188 3159 1257 3200 vero
1281 3150 1349 3201 tan-

130 3260 206 3316 quam
229 3261 280 3303 res
303 3252 400 3304 creata
424 3244 463 3303 sit
485 3244 562 3304 Patri
586 3254 733 3304 externus.
780 3244 886 3304 Verum
917 3244 989 3303 haec
1010 3243 1143 3320 proiecto
1167 3241 1294 3319 Caiphae
1321 3248 1350 3301 et

130 3342 340 3405 Sarnosatensis
362 3353 409 3404 est
431 3331 578 3412 doctrina,
609 3363 695 3422 quarn
718 3344 848 3404 Ecclesia
877 3344 994 3422 quidem
1017 3343 1119 3421 procul
1143 3341 1266 3421 repulit,
1296 3341 1349 3401 sed
1433 3369 1438 3378 ·

129 3462 206 3519 quarn
229 3445 270 3504 illi
294 3445 367 3504 elam
391 3453 421 3505 et
443 3453 539 3506 astute
561 3464 641 3505 nunc
662 3455 783 3505 tuentur
805 3445 938 3523 hancque
963 3445 1000 3504 ob
1016 3462 1132 3505 causam
1153 3445 1210 3522 ipsi
1227 3442 1350 3502 veritate

130 3546 218 3604 relicta
242 3545 380 3606 haeretici
405 3555 474 3606 sunt
494 3546 641 3606 declarati.
687 3545 719 3605 Si
748 3545 826 3606 cuim
855 3565 979 3624 prorsus
1008 3545 1098 3618 lucis,
1133 3564 1207 3622 quac
1236 3554 1282 3604 est
1314 3563 1350 3604 ex

130 3643 221 3717 Patre,
248 3647 398 3725 particeps
420 3646 470 3706 ille
492 3656 550 3720 est,
579 3665 631 3707 cur
653 3665 712 3706 non
735 3646 835 3724 potius
866 3647 931 3725 ipse
954 3647 980 3706 is
1003 3656 1063 3718 est,
1093 3645 1176 3706 cuius
1204 3664 1253 3705 res
1277 3645 1351 3704 aliae

130 3744 193 3807 hrrnt
212 3747 390 3827 participes,
423 3765 460 3807 ne
489 3746 599 3809 scilicet
625 3747 731 3826 aliquid
761 3747 890 3807 medium
918 3746 995 3807 inter
1017 3765 1082 3808 cum
1106 3755 1135 3806 et
1155 3746 1273 3807 Patrem
1297 3764 1347 3806 re-

129 3847 270 3921 periatur?
313 3849 388 3910 lVam
412 3849 472 3908 nisi
494 3849 522 3908 id
546 3849 740 3921 concedatur,
763 3867 825 3908 non
848 3849 973 3927 amplius
997 3846 1114 3910 ostendi
1138 3847 1256 3925 poterit,
1281 3866 1349 3906 om-
1459 3840 1469 3860 ⁶

130 3948 168 4007 nia
188 3969 241 4029 per
260 3950 369 4038 Filium
393 3951 469 4010 lacta
491 3969 574 4023 esse,
598 3950 651 4009 sed
674 3949 851 4028 perillum,
875 3949 959 4010 cuius
984 3957 1013 4010 et
1035 3949 1099 4028 ipse
1121 3957 1168 4009 cst
1189 3949 1348 4026 particeps.

130 4048 159 4106 dt
177 4053 200 4112 si
222 4053 289 4132 ipse
311 4063 360 4113 est
382 4050 512 4111 Verbum
535 4062 564 4111 et
586 4051 728 4130 sapientia
751 4051 864 4121 Patris,
894 4049 925 4110 in
953 4069 1011 4129 quo
1040 4069 1074 4110 se
1096 4049 1182 4110 Pater
1203 4048 1349 4126 patefacit,

131 4155 319 4228 cognoscitur,
344 4160 444 4225 creat,
468 4159 497 4211 et
519 4153 584 4213 siue
606 4171 665 4231 (quo
688 4153 761 4213 nihil
784 4152 905 4212 omnino
929 4151 1012 4224 lacit,
1036 4151 1224 4211 manifestum
1247 4149 1349 4226 utique

155 4352 172 4384 a.
188 4341 224 4390 Sic
242 4343 299 4404 lleg.
339 4340 404 4388 Editi
430 4352 487 4387 vero
505 4335 563 4390 πῶς
580 4339 705 4387 mendose.
794 4354 813 4387 ο.
834 4337 874 4385 Sic
893 4337 948 4396 fleg.
974 4336 1018 4385 llii
1038 4350 1092 4384 vero
1112 4343 1136 4384 et
1154 4335 1211 4383 editi
1229 4323 1344 4392 ἣνοῦτε.

155 4403 224 4477 hsce
242 4412 300 4472 lleg.
338 4408 369 4456 At
389 4406 432 4456 alii
451 4414 475 4454 et
493 4406 549 4454 editi
567 4398 619 4464 τὴν
636 4401 707 4460 λέξιν
795 4406 817 4454 d.
838 4405 894 4464 [leg.
913 4395 1041 4468 ἀτέχνως.

129 4482 227 4528 tultum,
