<?xml version="1.0" encoding="UTF-8"?>
<!DOCTYPE html PUBLIC "-//W3C//DTD XHTML 1.0 Transitional//EN"
    "http://www.w3.org/TR/xhtml1/DTD/xhtml1-transitional.dtd">
<html xmlns="http://www.w3.org/1999/xhtml" xml:lang="en" lang="en">
 <head>
  <title>
</title>
<meta http-equiv="Content-Type" content="text/html;charset=utf-8" />
  <meta name='ocr-system' content='tesseract 3.04.00' />
  <meta name='ocr-capabilities' content='ocr_page ocr_carea ocr_par ocr_line ocrx_word'/>
</head>
<body>
  <div class='ocr_page' id='page_1' title='image "./sanctiathanasii02athagoog/sanctiathanasii02athagoog_0761.png"; bbox 0 0 2948 5092; ppageno 0'>
   <div class='ocr_carea' id='block_1_1' title="bbox 237 262 1059 325">
    <p class='ocr_par' dir='ltr' id='par_1_1' title="bbox 237 262 1059 325">
     <span class='ocr_line' id='line_1_1' title="bbox 237 262 1059 325; baseline -0.013 0"><span class='ocrx_word' id='word_1_1' title='bbox 237 262 298 325; x_wconf 71' lang='lat'><strong><em>662</em></strong></span> <span class='ocrx_word' id='word_1_2' title='bbox 630 274 657 317; x_wconf 86' lang='grc' dir='ltr'><strong><em>ι.</em></strong></span> <span class='ocrx_word' id='word_1_3' title='bbox 672 270 1059 317; x_wconf 74' lang='grc' dir='ltr'><strong><em>ιπωιιειιιιιαιααειτιονι</em></strong></span> 
     </span>
    </p>
   </div>
   <div class='ocr_carea' id='block_1_2' title="bbox 134 409 1452 3962">
    <p class='ocr_par' dir='ltr' id='par_1_2' title="bbox 151 409 1452 2238">
     <span class='ocr_line' id='line_1_2' title="bbox 151 409 1436 513; baseline 0.001 -24"><span class='ocrx_word' id='word_1_4' title='bbox 151 425 321 513; x_wconf 60' lang='lat' dir='ltr'><strong><em>wamhs</em></strong></span> <span class='ocrx_word' id='word_1_5' title='bbox 339 419 554 513; x_wconf 81' lang='grc' dir='ltr'><strong><em>Ἀθηναίους·</em></strong></span> <span class='ocrx_word' id='word_1_6' title='bbox 578 421 611 497; x_wconf 81' lang='grc' dir='ltr'><strong><em>έν</em></strong></span> <span class='ocrx_word' id='word_1_7' title='bbox 634 416 727 506; x_wconf 88' lang='grc' dir='ltr'><strong><em>ἀνδρί</em></strong></span> <span class='ocrx_word' id='word_1_8' title='bbox 749 409 893 508; x_wconf 80' lang='grc' dir='ltr'><strong><em>ᾦῶρισε</em></strong></span> <span class='ocrx_word' id='word_1_9' title='bbox 906 426 1022 487; x_wconf 88' lang='grc' dir='ltr'><strong><em>πίστιν</em></strong></span> <span class='ocrx_word' id='word_1_10' title='bbox 1036 421 1221 506; x_wconf 81' lang='grc' dir='ltr'><strong><em>παρασχὼν</em></strong></span> <span class='ocrx_word' id='word_1_11' title='bbox 1236 424 1352 503; x_wconf 81' lang='grc' dir='ltr'><strong><em>πᾶσιν,</em></strong></span> <span class='ocrx_word' id='word_1_12' title='bbox 1373 420 1436 490; x_wconf 74' lang='grc' dir='ltr'><strong><em>ἀνα</em></strong></span> 
     </span>
     <span class='ocr_line' id='line_1_3' title="bbox 237 521 1436 614; baseline -0.003 -20"><span class='ocrx_word' id='word_1_13' title='bbox 237 527 359 614; x_wconf 76' lang='grc' dir='ltr'><strong><em>στήσας</em></strong></span> <span class='ocrx_word' id='word_1_14' title='bbox 391 523 490 593; x_wconf 89' lang='grc' dir='ltr'><strong><em>αάτδν</em></strong></span> <span class='ocrx_word' id='word_1_15' title='bbox 517 524 553 592; x_wconf 75' lang='grc' dir='ltr'><strong><em>ἐκ</em></strong></span> <span class='ocrx_word' id='word_1_16' title='bbox 580 526 744 610; x_wconf 81' lang='grc' dir='ltr'><strong><em>νινρῶν“)·</em></strong></span> <span class='ocrx_word' id='word_1_17' title='bbox 776 521 895 589; x_wconf 86' lang='grc' dir='ltr'><strong><em>ταυτὸν</em></strong></span> <span class='ocrx_word' id='word_1_18' title='bbox 924 523 960 588; x_wconf 76' lang='grc' dir='ltr'><strong><em>δὲ</em></strong></span> <span class='ocrx_word' id='word_1_19' title='bbox 988 524 1027 609; x_wconf 81' lang='grc' dir='ltr'><strong><em>τῇ</em></strong></span> <span class='ocrx_word' id='word_1_20' title='bbox 1053 528 1161 608; x_wconf 85' lang='grc' dir='ltr'><strong><em>χρίσει</em></strong></span> <span class='ocrx_word' id='word_1_21' title='bbox 1182 523 1375 607; x_wconf 76' lang='grc' dir='ltr'><strong><em>πολλαχόσε</em></strong></span> <span class='ocrx_word' id='word_1_22' title='bbox 1392 525 1436 613; x_wconf 75' lang='grc' dir='ltr'><strong><em>την</em></strong></span> 
     </span>
     <span class='ocr_line' id='line_1_4' title="bbox 235 612 1437 714; baseline -0.002 -19"><span class='ocrx_word' id='word_1_23' title='bbox 235 623 400 708; x_wconf 78' lang='grc' dir='ltr'><strong><em>ἀνάδειξιν</em></strong></span> <span class='ocrx_word' id='word_1_24' title='bbox 420 625 476 694; x_wconf 79' lang='grc' dir='ltr'><strong><em>καὶ</em></strong></span> <span class='ocrx_word' id='word_1_25' title='bbox 496 626 554 714; x_wconf 79' lang='grc' dir='ltr'><strong><em>την</em></strong></span> <span class='ocrx_word' id='word_1_26' title='bbox 575 619 783 713; x_wconf 69' lang='grc' dir='ltr'><strong><em>Ιἀποστολὴν</em></strong></span> <span class='ocrx_word' id='word_1_27' title='bbox 804 620 1001 710; x_wconf 74' lang='grc' dir='ltr'><strong><em>εὑρίσκομεν.</em></strong></span> <span class='ocrx_word' id='word_1_28' title='bbox 1036 622 1072 703; x_wconf 79' lang='grc' dir='ltr'><strong><em>ἐξ</em></strong></span> <span class='ocrx_word' id='word_1_29' title='bbox 1085 612 1131 690; x_wconf 85' lang='grc' dir='ltr'><strong><em>ῶν</em></strong></span> <span class='ocrx_word' id='word_1_30' title='bbox 1144 624 1337 709; x_wconf 71' lang='grc' dir='ltr'><em>μανθάνειν</em></span> <span class='ocrx_word' id='word_1_31' title='bbox 1350 626 1437 706; x_wconf 75' lang='grc' dir='ltr'><strong><em>ἔξεστι</em></strong></span> 
     </span>
     <span class='ocr_line' id='line_1_5' title="bbox 234 723 1436 817; baseline 0 -21"><span class='ocrx_word' id='word_1_32' title='bbox 234 732 282 817; x_wconf 79' lang='grc' dir='ltr'><strong><em>τῶ</em></strong></span> <span class='ocrx_word' id='word_1_33' title='bbox 313 731 515 816; x_wconf 77' lang='grc' dir='ltr'><em>βουλομένῳ,</em></span> <span class='ocrx_word' id='word_1_34' title='bbox 550 723 595 806; x_wconf 87' lang='grc' dir='ltr'><strong><em>ῶς</em></strong></span> <span class='ocrx_word' id='word_1_35' title='bbox 622 723 661 793; x_wconf 87' lang='grc' dir='ltr'><strong><em>οῦ</em></strong></span> <span class='ocrx_word' id='word_1_36' title='bbox 689 726 856 814; x_wconf 74' lang='grc' dir='ltr'><strong><em>διαφωνία</em></strong></span> <span class='ocrx_word' id='word_1_37' title='bbox 882 750 935 804; x_wconf 89' lang='grc' dir='ltr'><strong><em>τις</em></strong></span> <span class='ocrx_word' id='word_1_38' title='bbox 956 724 989 792; x_wconf 75' lang='grc' dir='ltr'><strong><em>έν</em></strong></span> <span class='ocrx_word' id='word_1_39' title='bbox 1010 734 1083 804; x_wconf 71' lang='grc' dir='ltr'><strong><em>τοῖς</em></strong></span> <span class='ocrx_word' id='word_1_40' title='bbox 1103 724 1232 814; x_wconf 79' lang='grc' dir='ltr'><strong><em>ῥήμασι</em></strong></span> <span class='ocrx_word' id='word_1_41' title='bbox 1252 731 1322 795; x_wconf 87' lang='grc' dir='ltr'><strong><em>τῶν</em></strong></span> <span class='ocrx_word' id='word_1_42' title='bbox 1343 723 1436 814; x_wconf 76' lang='grc' dir='ltr'><strong><em>ἀμίαι,</em></strong></span> 
     </span>
     <span class='ocr_line' id='line_1_6' title="bbox 235 824 1436 918; baseline 0 -21"><span class='ocrx_word' id='word_1_43' title='bbox 235 827 320 897; x_wconf 89' lang='grc' dir='ltr'><strong><em>ἀλλά</em></strong></span> <span class='ocrx_word' id='word_1_44' title='bbox 351 830 519 918; x_wconf 81' lang='grc' dir='ltr'><strong><em>διαφόρως</em></strong></span> <span class='ocrx_word' id='word_1_45' title='bbox 551 827 609 916; x_wconf 80' lang='grc' dir='ltr'><strong><em>τὴν</em></strong></span> <span class='ocrx_word' id='word_1_46' title='bbox 636 825 722 914; x_wconf 83' lang='grc' dir='ltr'><strong><em>πρὸς</em></strong></span> <span class='ocrx_word' id='word_1_47' title='bbox 749 825 807 893; x_wconf 88' lang='grc' dir='ltr'><strong><em>τόν</em></strong></span> <span class='ocrx_word' id='word_1_48' title='bbox 834 824 868 894; x_wconf 81' lang='grc' dir='ltr'><strong><em>ίκ</em></strong></span> <span class='ocrx_word' id='word_1_49' title='bbox 889 832 1027 913; x_wconf 80' lang='grc' dir='ltr'><strong><em>Μαρίας</em></strong></span> <span class='ocrx_word' id='word_1_50' title='bbox 1054 824 1241 913; x_wconf 73' lang='grc' dir='ltr'><strong><em>ἄνθρωπον</em></strong></span> <span class='ocrx_word' id='word_1_51' title='bbox 1268 832 1331 895; x_wconf 87' lang='grc' dir='ltr'><strong><em>τοῦ</em></strong></span> <span class='ocrx_word' id='word_1_52' title='bbox 1352 833 1436 897; x_wconf 62' lang='grc' dir='ltr'><strong><em>ιθεοῦ</em></strong></span> 
     </span>
     <span class='ocr_line' id='line_1_7' title="bbox 234 923 1434 1018; baseline 0 -21"><span class='ocrx_word' id='word_1_53' title='bbox 234 930 332 1018; x_wconf 76' lang='grc' dir='ltr'><strong><em>λόγου</em></strong></span> <span class='ocrx_word' id='word_1_54' title='bbox 365 931 481 999; x_wconf 78' lang='grc' dir='ltr'><strong><em>ένωσιν</em></strong></span> <span class='ocrx_word' id='word_1_55' title='bbox 512 935 685 1016; x_wconf 77' lang='grc' dir='ltr'><em>γενομένην</em></span> <span class='ocrx_word' id='word_1_56' title='bbox 718 923 931 1012; x_wconf 81' lang='grc' dir='ltr'><strong><em>ὀνομάζουσι,</em></strong></span> <span class='ocrx_word' id='word_1_57' title='bbox 966 930 1049 995; x_wconf 77' lang='grc' dir='ltr'><strong><em>ποτὲ</em></strong></span> <span class='ocrx_word' id='word_1_58' title='bbox 1069 929 1129 1013; x_wconf 74' lang='grc' dir='ltr'><em>μὲν</em></span> <span class='ocrx_word' id='word_1_59' title='bbox 1149 939 1278 1016; x_wconf 75' lang='grc' dir='ltr'><strong><em>χρίσιν,</em></strong></span> <span class='ocrx_word' id='word_1_60' title='bbox 1313 932 1434 1012; x_wconf 83' lang='grc' dir='ltr'><strong><em>ποτίδί</em></strong></span> 
     </span>
     <span class='ocr_line' id='line_1_8' title="bbox 235 1024 1433 1117; baseline 0 -17"><span class='ocrx_word' id='word_1_61' title='bbox 235 1028 440 1114; x_wconf 82' lang='grc' dir='ltr'><strong><em>ἀποστολίν,</em></strong></span> <span class='ocrx_word' id='word_1_62' title='bbox 474 1029 592 1099; x_wconf 73' lang='grc' dir='ltr'><strong><em>ἄλλοτε</em></strong></span> <span class='ocrx_word' id='word_1_63' title='bbox 613 1031 666 1097; x_wconf 65' lang='grc' dir='ltr'><strong><em>*δὲ</em></strong></span> <span class='ocrx_word' id='word_1_64' title='bbox 693 1024 866 1110; x_wconf 84' lang='grc' dir='ltr'><strong><em>ἀνάδειξιν.</em></strong></span> <span class='ocrx_word' id='word_1_65' title='bbox 914 1029 953 1094; x_wconf 89' lang='grc' dir='ltr'><strong><em>τὸ</em></strong></span> <span class='ocrx_word' id='word_1_66' title='bbox 974 1036 1084 1097; x_wconf 82' lang='grc' dir='ltr'><em>τοίνυν</em></span> <span class='ocrx_word' id='word_1_67' title='bbox 1106 1030 1286 1117; x_wconf 74' lang='grc' dir='ltr'><strong><em>λεγόμενον</em></strong></span> <span class='ocrx_word' id='word_1_68' title='bbox 1307 1029 1375 1100; x_wconf 83' lang='grc' dir='ltr'><strong><em>δπά</em></strong></span> <span class='ocrx_word' id='word_1_69' title='bbox 1392 1036 1433 1099; x_wconf 85' lang='grc' dir='ltr'><strong><em>νοῦ</em></strong></span> 
     </span>
     <span class='ocr_line' id='line_1_9' title="bbox 235 1127 1435 1225; baseline 0 -24"><span class='ocrx_word' id='word_1_70' title='bbox 235 1141 396 1222; x_wconf 89' lang='grc' dir='ltr'><strong><em>μακαρίου</em></strong></span> <span class='ocrx_word' id='word_1_71' title='bbox 416 1140 547 1225; x_wconf 80' lang='grc' dir='ltr'><strong><em>Πέτρου</em></strong></span> <span class='ocrx_word' id='word_1_72' title='bbox 569 1127 712 1218; x_wconf 57' lang='grc' dir='ltr'><strong><em>ιὀρθόν,</em></strong></span> <span class='ocrx_word' id='word_1_73' title='bbox 735 1135 789 1199; x_wconf 83' lang='grc' dir='ltr'><strong><em>καί</em></strong></span> <span class='ocrx_word' id='word_1_74' title='bbox 811 1131 965 1217; x_wconf 76' lang='grc' dir='ltr'><em>εἰλικρινῆ</em></span> <span class='ocrx_word' id='word_1_75' title='bbox 986 1131 1044 1220; x_wconf 78' lang='grc' dir='ltr'><strong><em>τὴν</em></strong></span> <span class='ocrx_word' id='word_1_76' title='bbox 1065 1132 1216 1221; x_wconf 84' lang='grc' dir='ltr'><strong><em>θεότητα</em></strong></span> <span class='ocrx_word' id='word_1_77' title='bbox 1238 1137 1299 1200; x_wconf 86' lang='grc' dir='ltr'><strong><em>τοῦ</em></strong></span> <span class='ocrx_word' id='word_1_78' title='bbox 1320 1158 1435 1220; x_wconf 73' lang='grc' dir='ltr'><strong><em>μονοηε·</em></strong></span> 
     </span>
     <span class='ocr_line' id='line_1_10' title="bbox 234 1228 1434 1324; baseline 0.001 -22"><span class='ocrx_word' id='word_1_79' title='bbox 234 1239 312 1315; x_wconf 90' lang='grc' dir='ltr'><strong><em>νοῦς</em></strong></span> <span class='ocrx_word' id='word_1_80' title='bbox 341 1234 510 1324; x_wconf 83' lang='grc' dir='ltr'><strong><em>κηρύσσει,</em></strong></span> <span class='ocrx_word' id='word_1_81' title='bbox 543 1228 581 1300; x_wconf 84' lang='grc' dir='ltr'><strong><em>οῦ</em></strong></span> <span class='ocrx_word' id='word_1_82' title='bbox 609 1232 667 1319; x_wconf 82' lang='grc' dir='ltr'><strong><em>τὴν</em></strong></span> <span class='ocrx_word' id='word_1_83' title='bbox 695 1229 879 1300; x_wconf 79' lang='grc' dir='ltr'><strong><em>ὑπόστασιν</em></strong></span> <span class='ocrx_word' id='word_1_84' title='bbox 905 1233 1052 1319; x_wconf 78' lang='grc' dir='ltr'><em>χωρίζων</em></span> <span class='ocrx_word' id='word_1_85' title='bbox 1072 1237 1133 1300; x_wconf 86' lang='grc' dir='ltr'><strong><em>τοῦ</em></strong></span> <span class='ocrx_word' id='word_1_86' title='bbox 1153 1238 1242 1304; x_wconf 89' lang='grc' dir='ltr'><strong><em>θεοῦ</em></strong></span> <span class='ocrx_word' id='word_1_87' title='bbox 1264 1235 1366 1322; x_wconf 74' lang='grc' dir='ltr'><strong><em>λόγου</em></strong></span> <span class='ocrx_word' id='word_1_88' title='bbox 1383 1230 1434 1303; x_wconf 76' lang='grc' dir='ltr'><strong><em>ἀνά</em></strong></span> 
     </span>
     <span class='ocr_line' id='line_1_11' title="bbox 234 1330 1433 1424; baseline 0 -19"><span class='ocrx_word' id='word_1_89' title='bbox 234 1341 293 1405; x_wconf 86' lang='grc' dir='ltr'><strong><em>τοῦ</em></strong></span> <span class='ocrx_word' id='word_1_90' title='bbox 316 1331 350 1405; x_wconf 73' lang='grc' dir='ltr'><em>ἓν</em></span> <span class='ocrx_word' id='word_1_91' title='bbox 370 1343 509 1424; x_wconf 87' lang='grc' dir='ltr'><strong><em>Μαρίας</em></strong></span> <span class='ocrx_word' id='word_1_92' title='bbox 531 1330 729 1422; x_wconf 84' lang='grc' dir='ltr'><strong><em>ἀνθρώπου·</em></strong></span> <span class='ocrx_word' id='word_1_93' title='bbox 751 1333 795 1423; x_wconf 82' lang='grc' dir='ltr'><strong><em>μὴ</em></strong></span> <span class='ocrx_word' id='word_1_94' title='bbox 817 1339 954 1421; x_wconf 74' lang='grc' dir='ltr'><strong><em>γένοιτο.</em></strong></span> <span class='ocrx_word' id='word_1_95' title='bbox 991 1338 1066 1414; x_wconf 90' lang='grc' dir='ltr'><strong><em>πῶς</em></strong></span> <span class='ocrx_word' id='word_1_96' title='bbox 1085 1334 1146 1422; x_wconf 77' lang='grc' dir='ltr'><strong><em>γὰρ</em></strong></span> <span class='ocrx_word' id='word_1_97' title='bbox 1170 1331 1188 1401; x_wconf 84' lang='grc' dir='ltr'>ὁ</span> <span class='ocrx_word' id='word_1_98' title='bbox 1213 1331 1433 1417; x_wconf 71' lang='grc' dir='ltr'><strong><em>ἀκοάσαςπυλ</em></strong></span> 
     </span>
     <span class='ocr_line' id='line_1_12' title="bbox 234 1432 1433 1526; baseline 0.002 -21"><span class='ocrx_word' id='word_1_99' title='bbox 234 1439 342 1522; x_wconf 81' lang='grc' dir='ltr'><strong><em>λαχῶς</em></strong></span> <span class='ocrx_word' id='word_1_100' title='bbox 362 1437 401 1505; x_wconf 87' lang='grc' dir='ltr'><strong><em>τό</em></strong></span> <span class='ocrx_word' id='word_1_101' title='bbox 423 1437 485 1525; x_wconf 70' lang='grc' dir='ltr'><strong><em>ἐγὼ</em></strong></span> <span class='ocrx_word' id='word_1_102' title='bbox 507 1436 563 1505; x_wconf 83' lang='grc' dir='ltr'><strong><em>καὶ</em></strong></span> <span class='ocrx_word' id='word_1_103' title='bbox 585 1433 603 1502; x_wconf 90' lang='grc' dir='ltr'><strong><em>δ</em></strong></span> <span class='ocrx_word' id='word_1_104' title='bbox 625 1435 734 1525; x_wconf 83' lang='grc' dir='ltr'><strong><em>πατὴρ</em></strong></span> <span class='ocrx_word' id='word_1_105' title='bbox 758 1436 792 1504; x_wconf 74' lang='grc' dir='ltr'><strong><em>όν</em></strong></span> <span class='ocrx_word' id='word_1_106' title='bbox 813 1435 939 1521; x_wconf 69' lang='grc' dir='ltr'><strong><em>έσμενἼ</em></strong></span> <span class='ocrx_word' id='word_1_107' title='bbox 961 1439 1015 1503; x_wconf 79' lang='grc' dir='ltr'><strong><em>καί</em></strong></span> <span class='ocrx_word' id='word_1_108' title='bbox 1038 1432 1056 1502; x_wconf 92' lang='grc' dir='ltr'><strong><em>δ</em></strong></span> <span class='ocrx_word' id='word_1_109' title='bbox 1079 1436 1235 1524; x_wconf 79' lang='grc' dir='ltr'><strong><em>ἑωρακὼς</em></strong></span> <span class='ocrx_word' id='word_1_110' title='bbox 1257 1439 1318 1524; x_wconf 74' lang='grc' dir='ltr'><strong><em>ἐμὲ</em></strong></span> <span class='ocrx_word' id='word_1_111' title='bbox 1337 1437 1433 1526; x_wconf 57' lang='lat' dir='ltr'><strong><em>§apd</em></strong></span> 
     </span>
     <span class='ocr_line' id='line_1_13' title="bbox 234 1527 1433 1626; baseline 0.002 -20"><span class='ocrx_word' id='word_1_112' title='bbox 234 1540 292 1608; x_wconf 87' lang='grc' dir='ltr'><strong><em>τὸν</em></strong></span> <span class='ocrx_word' id='word_1_113' title='bbox 314 1543 488 1626; x_wconf 76' lang='grc' dir='ltr'><strong><em>πατέρα’),</em></strong></span> <span class='ocrx_word' id='word_1_114' title='bbox 517 1534 558 1607; x_wconf 73' lang='grc' dir='ltr'><strong><em>δι’</em></strong></span> <span class='ocrx_word' id='word_1_115' title='bbox 584 1527 623 1606; x_wconf 82' lang='grc' dir='ltr'><strong><em>οῦ</em></strong></span> <span class='ocrx_word' id='word_1_116' title='bbox 643 1541 697 1605; x_wconf 79' lang='grc' dir='ltr'><strong><em>καί</em></strong></span> <span class='ocrx_word' id='word_1_117' title='bbox 719 1536 803 1622; x_wconf 85' lang='grc' dir='ltr'><strong><em>μετὰ</em></strong></span> <span class='ocrx_word' id='word_1_118' title='bbox 823 1534 882 1626; x_wconf 76' lang='grc' dir='ltr'><strong><em>τὴν</em></strong></span> <span class='ocrx_word' id='word_1_119' title='bbox 904 1531 1084 1604; x_wconf 84' lang='grc' dir='ltr'><strong><em>ἀνάστασιν</em></strong></span> <span class='ocrx_word' id='word_1_120' title='bbox 1103 1537 1143 1604; x_wconf 84' lang='grc' dir='ltr'><strong><em>τό</em></strong></span> <span class='ocrx_word' id='word_1_121' title='bbox 1165 1534 1250 1605; x_wconf 87' lang='grc' dir='ltr'><strong><em>αάτδ</em></strong></span> <span class='ocrx_word' id='word_1_122' title='bbox 1273 1541 1433 1623; x_wconf 71' lang='grc' dir='ltr'><strong><em>κεκλεισμέ-</em></strong></span> 
     </span>
     <span class='ocr_line' id='line_1_14' title="bbox 234 1634 1432 1728; baseline 0.001 -20"><span class='ocrx_word' id='word_1_123' title='bbox 234 1666 300 1708; x_wconf 92' lang='grc' dir='ltr'><strong><em>νων</em></strong></span> <span class='ocrx_word' id='word_1_124' title='bbox 327 1645 393 1708; x_wconf 87' lang='grc' dir='ltr'><strong><em>τῶν</em></strong></span> <span class='ocrx_word' id='word_1_125' title='bbox 421 1644 537 1728; x_wconf 91' lang='grc' dir='ltr'><strong><em>θυρῶν</em></strong></span> <span class='ocrx_word' id='word_1_126' title='bbox 565 1639 784 1727; x_wconf 83' lang='grc' dir='ltr'><strong><em>είςερχόμενον</em></strong></span> <span class='ocrx_word' id='word_1_127' title='bbox 811 1638 898 1725; x_wconf 88' lang='grc' dir='ltr'><strong><em>πρὸς</em></strong></span> <span class='ocrx_word' id='word_1_128' title='bbox 925 1642 1037 1706; x_wconf 84' lang='grc' dir='ltr'><strong><em>πᾶσαν</em></strong></span> <span class='ocrx_word' id='word_1_129' title='bbox 1064 1642 1132 1706; x_wconf 84' lang='grc' dir='ltr'><strong><em>τῶν</em></strong></span> <span class='ocrx_word' id='word_1_130' title='bbox 1155 1634 1361 1709; x_wconf 76' lang='grc' dir='ltr'><strong><em>ἀποστόλων</em></strong></span> <span class='ocrx_word' id='word_1_131' title='bbox 1378 1638 1432 1725; x_wconf 71' lang='grc' dir='ltr'><strong><em>’τὴν</em></strong></span> 
     </span>
     <span class='ocr_line' id='line_1_15' title="bbox 235 1739 1433 1829; baseline 0 -19"><span class='ocrx_word' id='word_1_132' title='bbox 235 1744 397 1828; x_wconf 83' lang='grc' dir='ltr'><strong><em>ξυνωρίδα</em></strong></span> <span class='ocrx_word' id='word_1_133' title='bbox 405 1746 444 1825; x_wconf 81' lang='lat'><strong><em>⁴),</em></strong></span> <span class='ocrx_word' id='word_1_134' title='bbox 474 1742 528 1809; x_wconf 84' lang='grc' dir='ltr'><strong><em>καὶ</em></strong></span> <span class='ocrx_word' id='word_1_135' title='bbox 550 1743 582 1809; x_wconf 77' lang='grc' dir='ltr'><strong><em>εί</em></strong></span> <span class='ocrx_word' id='word_1_136' title='bbox 601 1768 635 1808; x_wconf 89' lang='grc' dir='ltr'><strong><em>τι</em></strong></span> <span class='ocrx_word' id='word_1_137' title='bbox 656 1742 764 1829; x_wconf 80' lang='grc' dir='ltr'><strong><em>παρῆν</em></strong></span> <span class='ocrx_word' id='word_1_138' title='bbox 787 1740 822 1808; x_wconf 58' lang='lat' dir='ltr'><strong><em>&amp;a</em></strong></span> <span class='ocrx_word' id='word_1_139' title='bbox 843 1739 960 1807; x_wconf 85' lang='grc' dir='ltr'><strong><em>τοῦτον</em></strong></span> <span class='ocrx_word' id='word_1_140' title='bbox 981 1742 1159 1820; x_wconf 77' lang='grc' dir='ltr'><strong><em>δυςπειθές</em></strong></span> <span class='ocrx_word' id='word_1_141' title='bbox 1181 1740 1433 1826; x_wconf 69' lang='grc' dir='ltr'><strong><em>διαλόσαντατᾷ</em></strong></span> 
     </span>
     <span class='ocr_line' id='line_1_16' title="bbox 236 1839 1433 1932; baseline 0.001 -22"><span class='ocrx_word' id='word_1_142' title='bbox 236 1843 359 1911; x_wconf 75' lang='grc' dir='ltr'><strong><em>εἰπεῖν·</em></strong></span> <span class='ocrx_word' id='word_1_143' title='bbox 380 1844 602 1932; x_wconf 72' lang='grc' dir='ltr'><strong><em>ψηλαφήσατέ</em></strong></span> <span class='ocrx_word' id='word_1_144' title='bbox 622 1869 664 1928; x_wconf 83' lang='grc' dir='ltr'><strong><em>με</em></strong></span> <span class='ocrx_word' id='word_1_145' title='bbox 684 1847 737 1930; x_wconf 86' lang='grc' dir='ltr'><strong><em>καί</em></strong></span> <span class='ocrx_word' id='word_1_146' title='bbox 759 1844 907 1928; x_wconf 86' lang='grc' dir='ltr'><strong><em>βλέπετε,</em></strong></span> <span class='ocrx_word' id='word_1_147' title='bbox 931 1839 984 1909; x_wconf 83' lang='grc' dir='ltr'><strong><em>ὅτι</em></strong></span> <span class='ocrx_word' id='word_1_148' title='bbox 997 1846 1128 1928; x_wconf 85' lang='grc' dir='ltr'><strong><em>πνεῦμα</em></strong></span> <span class='ocrx_word' id='word_1_149' title='bbox 1142 1842 1251 1931; x_wconf 84' lang='grc' dir='ltr'><strong><em>σάρκα</em></strong></span> <span class='ocrx_word' id='word_1_150' title='bbox 1264 1848 1322 1913; x_wconf 85' lang='grc' dir='ltr'><strong><em>καί</em></strong></span> <span class='ocrx_word' id='word_1_151' title='bbox 1342 1839 1433 1911; x_wconf 59' lang='lat' dir='ltr'><strong><em>‘M</em></strong></span> 
     </span>
     <span class='ocr_line' id='line_1_17' title="bbox 234 1934 1433 2032; baseline 0 -20"><span class='ocrx_word' id='word_1_152' title='bbox 234 1941 293 2012; x_wconf 84' lang='grc' dir='ltr'><strong><em>οῦκ</em></strong></span> <span class='ocrx_word' id='word_1_153' title='bbox 323 1945 403 2029; x_wconf 79' lang='grc' dir='ltr'><strong><em>ίχει,</em></strong></span> <span class='ocrx_word' id='word_1_154' title='bbox 436 1945 551 2025; x_wconf 83' lang='grc' dir='ltr'><strong><em>καθῶς</em></strong></span> <span class='ocrx_word' id='word_1_155' title='bbox 578 1944 635 2030; x_wconf 75' lang='grc' dir='ltr'><strong><em>ἐμὲ</em></strong></span> <span class='ocrx_word' id='word_1_156' title='bbox 655 1952 816 2032; x_wconf 81' lang='grc' dir='ltr'><strong><em>θεωρεῖτε</em></strong></span> <span class='ocrx_word' id='word_1_157' title='bbox 837 1944 997 2029; x_wconf 55' lang='grc' dir='ltr'><strong><em>ἔχονταἫ</em></strong></span> <span class='ocrx_word' id='word_1_158' title='bbox 1032 1943 1088 2013; x_wconf 83' lang='grc' dir='ltr'><strong><em>καὶ</em></strong></span> <span class='ocrx_word' id='word_1_159' title='bbox 1110 1939 1168 2011; x_wconf 86' lang='grc' dir='ltr'><strong><em>οῦκ</em></strong></span> <span class='ocrx_word' id='word_1_160' title='bbox 1190 1941 1286 2014; x_wconf 80' lang='grc' dir='ltr'><strong><em>εἷπε·</em></strong></span> <span class='ocrx_word' id='word_1_161' title='bbox 1321 1934 1433 2028; x_wconf 76' lang='grc' dir='ltr'><strong><em>τάνδτῆ</em></strong></span> 
     </span>
     <span class='ocr_line' id='line_1_18' title="bbox 234 2042 1434 2136; baseline 0.003 -24"><span class='ocrx_word' id='word_1_162' title='bbox 234 2046 292 2114; x_wconf 88' lang='grc' dir='ltr'><strong><em>τὸν</em></strong></span> <span class='ocrx_word' id='word_1_163' title='bbox 314 2045 496 2133; x_wconf 86' lang='grc' dir='ltr'><strong><em>ἀνθρωπόν</em></strong></span> <span class='ocrx_word' id='word_1_164' title='bbox 517 2072 591 2132; x_wconf 91' lang='grc' dir='ltr'><strong><em>μου,</em></strong></span> <span class='ocrx_word' id='word_1_165' title='bbox 609 2045 645 2115; x_wconf 84' lang='grc' dir='ltr'><strong><em>ὃν</em></strong></span> <span class='ocrx_word' id='word_1_166' title='bbox 662 2042 832 2136; x_wconf 85' lang='grc' dir='ltr'><strong><em>ἀνείληφα,</em></strong></span> <span class='ocrx_word' id='word_1_167' title='bbox 848 2042 918 2114; x_wconf 80' lang='grc' dir='ltr'><strong><em>ἀλλ’</em></strong></span> <span class='ocrx_word' id='word_1_168' title='bbox 929 2047 1001 2132; x_wconf 77' lang='grc' dir='ltr'><strong><em>έμέ.</em></strong></span> <span class='ocrx_word' id='word_1_169' title='bbox 1039 2044 1121 2114; x_wconf 82' lang='grc' dir='ltr'><strong><em>ὅθεν</em></strong></span> <span class='ocrx_word' id='word_1_170' title='bbox 1137 2043 1298 2133; x_wconf 79' lang='grc' dir='ltr'><strong><em>οὐδεμίαν</em></strong></span> <span class='ocrx_word' id='word_1_171' title='bbox 1314 2043 1434 2136; x_wconf 49' lang='lat' dir='ltr'><strong><em>cvm&amp;</em></strong></span> 
     </span>
     <span class='ocr_line' id='line_1_19' title="bbox 234 2145 1452 2238; baseline -0.001 -23"><span class='ocrx_word' id='word_1_172' title='bbox 234 2173 298 2235; x_wconf 91' lang='grc' dir='ltr'><strong><em>μην</em></strong></span> <span class='ocrx_word' id='word_1_173' title='bbox 320 2145 423 2236; x_wconf 75' lang='grc' dir='ltr'><strong><em>εὑρεῖν</em></strong></span> <span class='ocrx_word' id='word_1_174' title='bbox 448 2149 621 2236; x_wconf 71' lang='grc' dir='ltr'><strong><em>δυνήσεται</em></strong></span> <span class='ocrx_word' id='word_1_175' title='bbox 644 2146 662 2216; x_wconf 89' lang='grc' dir='ltr'><strong><em>δ</em></strong></span> <span class='ocrx_word' id='word_1_176' title='bbox 683 2148 904 2234; x_wconf 81' lang='grc' dir='ltr'><strong><em>Σαμοσατεύς,</em></strong></span> <span class='ocrx_word' id='word_1_177' title='bbox 928 2149 962 2216; x_wconf 82' lang='grc' dir='ltr'><strong><em>ἐκ</em></strong></span> <span class='ocrx_word' id='word_1_178' title='bbox 983 2148 1150 2216; x_wconf 80' lang='grc' dir='ltr'><em>τοσούτων</em></span> <span class='ocrx_word' id='word_1_179' title='bbox 1171 2148 1233 2238; x_wconf 77' lang='grc' dir='ltr'><strong><em>τὴν</em></strong></span> <span class='ocrx_word' id='word_1_180' title='bbox 1256 2150 1373 2217; x_wconf 78' lang='grc' dir='ltr'><strong><em>ένωοιν</em></strong></span> <span class='ocrx_word' id='word_1_181' title='bbox 1389 2148 1452 2214; x_wconf 71' lang='grc' dir='ltr'><strong><em>τοῦ</em></strong></span> 
     </span>
    </p>

    <p class='ocr_par' dir='ltr' id='par_1_3' title="bbox 134 2245 1450 3355">
     <span class='ocr_line' id='line_1_20' title="bbox 134 2245 1448 2339; baseline 0.004 -25"><span class='ocrx_word' id='word_1_182' title='bbox 134 2260 144 2279; x_wconf 86' lang='grc'><em>·</em></span> <span class='ocrx_word' id='word_1_183' title='bbox 234 2253 318 2316; x_wconf 87' lang='grc' dir='ltr'><strong><em>θεοῦ</em></strong></span> <span class='ocrx_word' id='word_1_184' title='bbox 351 2250 450 2338; x_wconf 82' lang='grc' dir='ltr'><strong><em>λόγου</em></strong></span> <span class='ocrx_word' id='word_1_185' title='bbox 477 2252 696 2339; x_wconf 79' lang='grc' dir='ltr'><strong><em>διελεγχθιίς,</em></strong></span> <span class='ocrx_word' id='word_1_186' title='bbox 723 2255 777 2319; x_wconf 84' lang='grc' dir='ltr'><strong><em>καὶ</em></strong></span> <span class='ocrx_word' id='word_1_187' title='bbox 799 2247 856 2319; x_wconf 81' lang='grc' dir='ltr'><strong><em>ἀπ’</em></strong></span> <span class='ocrx_word' id='word_1_188' title='bbox 880 2245 980 2318; x_wconf 86' lang='grc' dir='ltr'><strong><em>αάτοῦ</em></strong></span> <span class='ocrx_word' id='word_1_189' title='bbox 1003 2252 1040 2318; x_wconf 80' lang='grc' dir='ltr'><strong><em>δὲ</em></strong></span> <span class='ocrx_word' id='word_1_190' title='bbox 1059 2254 1118 2317; x_wconf 85' lang='grc' dir='ltr'><strong><em>τοῦ</em></strong></span> <span class='ocrx_word' id='word_1_191' title='bbox 1139 2254 1226 2318; x_wconf 87' lang='grc' dir='ltr'><strong><em>θεοῦ</em></strong></span> <span class='ocrx_word' id='word_1_192' title='bbox 1249 2251 1351 2338; x_wconf 82' lang='grc' dir='ltr'><strong><em>λόγου</em></strong></span> <span class='ocrx_word' id='word_1_193' title='bbox 1378 2247 1448 2337; x_wconf 74' lang='grc' dir='ltr'><strong><em>άρπ</em></strong></span> 
     </span>
     <span class='ocr_line' id='line_1_21' title="bbox 235 2346 1433 2440; baseline 0 -22"><span class='ocrx_word' id='word_1_194' title='bbox 235 2352 295 2436; x_wconf 77' lang='grc' dir='ltr'><em>μὲν</em></span> <span class='ocrx_word' id='word_1_195' title='bbox 317 2351 553 2438; x_wconf 81' lang='grc' dir='ltr'><strong><em>πρόςπάντας</em></strong></span> <span class='ocrx_word' id='word_1_196' title='bbox 574 2352 631 2440; x_wconf 79' lang='grc' dir='ltr'><strong><em>τὴν</em></strong></span> <span class='ocrx_word' id='word_1_197' title='bbox 653 2357 771 2422; x_wconf 82' lang='grc' dir='ltr'><strong><em>πεῦσιν</em></strong></span> <span class='ocrx_word' id='word_1_198' title='bbox 794 2352 1030 2440; x_wconf 82' lang='grc' dir='ltr'><strong><em>προςάγοντος,</em></strong></span> <span class='ocrx_word' id='word_1_199' title='bbox 1058 2355 1111 2418; x_wconf 79' lang='grc' dir='ltr'><strong><em>καί</em></strong></span> <span class='ocrx_word' id='word_1_200' title='bbox 1134 2346 1433 2440; x_wconf 82' lang='grc' dir='ltr'><strong><em>πληροφορῶνάτό</em></strong></span> 
     </span>
     <span class='ocr_line' id='line_1_22' title="bbox 233 2452 1431 2544; baseline 0 -26"><span class='ocrx_word' id='word_1_201' title='bbox 233 2478 270 2519; x_wconf 88' lang='grc' dir='ltr'><strong><em>τε</em></strong></span> <span class='ocrx_word' id='word_1_202' title='bbox 290 2457 348 2519; x_wconf 88' lang='grc' dir='ltr'><strong><em>τοῦ</em></strong></span> <span class='ocrx_word' id='word_1_203' title='bbox 371 2463 489 2542; x_wconf 77' lang='grc' dir='ltr'><strong><em>φαγεῖν</em></strong></span> <span class='ocrx_word' id='word_1_204' title='bbox 510 2453 567 2522; x_wconf 85' lang='grc' dir='ltr'><strong><em>καί</em></strong></span> <span class='ocrx_word' id='word_1_205' title='bbox 590 2455 648 2543; x_wconf 76' lang='grc' dir='ltr'><strong><em>τὴν</em></strong></span> <span class='ocrx_word' id='word_1_206' title='bbox 670 2456 865 2544; x_wconf 83' lang='grc' dir='ltr'><strong><em>ψηλάφησιν</em></strong></span> <span class='ocrx_word' id='word_1_207' title='bbox 882 2454 1070 2540; x_wconf 79' lang='grc' dir='ltr'><strong><em>έπιτρέψαι,</em></strong></span> <span class='ocrx_word' id='word_1_208' title='bbox 1093 2453 1113 2541; x_wconf 82' lang='grc' dir='ltr'>ἣ</span> <span class='ocrx_word' id='word_1_209' title='bbox 1136 2452 1174 2541; x_wconf 75' lang='grc' dir='ltr'><strong><em>δὴ</em></strong></span> <span class='ocrx_word' id='word_1_210' title='bbox 1197 2457 1253 2521; x_wconf 88' lang='grc' dir='ltr'><strong><em>καί</em></strong></span> <span class='ocrx_word' id='word_1_211' title='bbox 1276 2461 1431 2542; x_wconf 75' lang='grc' dir='ltr'><strong><em>γεγένηται</em></strong></span> 
     </span>
     <span class='ocr_line' id='line_1_23' title="bbox 235 2551 1431 2646; baseline -0.003 -25"><span class='ocrx_word' id='word_1_212' title='bbox 235 2554 369 2634; x_wconf 88' lang='grc' dir='ltr'><strong><em>πάντως</em></strong></span> <span class='ocrx_word' id='word_1_213' title='bbox 389 2555 450 2642; x_wconf 81' lang='grc' dir='ltr'><strong><em>γάρ</em></strong></span> <span class='ocrx_word' id='word_1_214' title='bbox 474 2552 492 2621; x_wconf 89' lang='grc' dir='ltr'><strong><em>δ</em></strong></span> <span class='ocrx_word' id='word_1_215' title='bbox 514 2556 627 2636; x_wconf 83' lang='grc' dir='ltr'><strong><em>διδοὺς</em></strong></span> <span class='ocrx_word' id='word_1_216' title='bbox 647 2556 705 2644; x_wconf 80' lang='grc' dir='ltr'><strong><em>τὴν</em></strong></span> <span class='ocrx_word' id='word_1_217' title='bbox 726 2557 853 2646; x_wconf 80' lang='grc' dir='ltr'><strong><em>τροφὴν</em></strong></span> <span class='ocrx_word' id='word_1_218' title='bbox 874 2553 895 2643; x_wconf 84' lang='grc' dir='ltr'><em>ἢ</em></span> <span class='ocrx_word' id='word_1_219' title='bbox 918 2557 950 2622; x_wconf 76' lang='grc' dir='ltr'><strong><em>οἱ</em></strong></span> <span class='ocrx_word' id='word_1_220' title='bbox 973 2556 1118 2634; x_wconf 84' lang='grc' dir='ltr'><strong><em>διδόντες</em></strong></span> <span class='ocrx_word' id='word_1_221' title='bbox 1139 2551 1275 2641; x_wconf 75' lang='grc' dir='ltr'><strong><em>ἥψαντο</em></strong></span> <span class='ocrx_word' id='word_1_222' title='bbox 1298 2561 1364 2624; x_wconf 85' lang='grc' dir='ltr'><strong><em>τῶν</em></strong></span> <span class='ocrx_word' id='word_1_223' title='bbox 1383 2578 1431 2640; x_wconf 81' lang='grc' dir='ltr'><em>χει-</em></span> 
     </span>
     <span class='ocr_line' id='line_1_24' title="bbox 235 2653 1450 2747; baseline -0.002 -24"><span class='ocrx_word' id='word_1_224' title='bbox 235 2659 311 2741; x_wconf 88' lang='grc' dir='ltr'><strong><em>ρῶν,</em></strong></span> <span class='ocrx_word' id='word_1_225' title='bbox 334 2656 502 2724; x_wconf 76' lang='grc' dir='ltr'><strong><em>ἐπέδωκαν</em></strong></span> <span class='ocrx_word' id='word_1_226' title='bbox 523 2658 594 2743; x_wconf 77' lang='grc' dir='ltr'><strong><em>γάρ,</em></strong></span> <span class='ocrx_word' id='word_1_227' title='bbox 619 2665 728 2746; x_wconf 90' lang='grc' dir='ltr'><strong><em>φησίν,</em></strong></span> <span class='ocrx_word' id='word_1_228' title='bbox 753 2656 842 2747; x_wconf 77' lang='grc' dir='ltr'><strong><em>αὐτῷ</em></strong></span> <span class='ocrx_word' id='word_1_229' title='bbox 866 2658 983 2741; x_wconf 76' lang='grc' dir='ltr'><strong><em>ι’χθάος</em></strong></span> <span class='ocrx_word' id='word_1_230' title='bbox 1006 2653 1111 2723; x_wconf 81' lang='grc' dir='ltr'><strong><em>ὀπτοῦ</em></strong></span> <span class='ocrx_word' id='word_1_231' title='bbox 1126 2662 1228 2741; x_wconf 87' lang='grc' dir='ltr'><strong><em>μέρος</em></strong></span> <span class='ocrx_word' id='word_1_232' title='bbox 1244 2660 1300 2725; x_wconf 83' lang='grc' dir='ltr'><strong><em>καί</em></strong></span> <span class='ocrx_word' id='word_1_233' title='bbox 1317 2653 1450 2740; x_wconf 86' lang='grc' dir='ltr'><strong><em>ἀπδμι-.</em></strong></span> 
     </span>
     <span class='ocr_line' id='line_1_25' title="bbox 235 2757 1431 2849; baseline -0.003 -26"><span class='ocrx_word' id='word_1_234' title='bbox 235 2760 365 2826; x_wconf 92' lang='grc' dir='ltr'><strong><em>λισσίου</em></strong></span> <span class='ocrx_word' id='word_1_235' title='bbox 386 2766 532 2848; x_wconf 69' lang='grc' dir='ltr'><strong><em>ῑκηρίου,</em></strong></span> <span class='ocrx_word' id='word_1_236' title='bbox 567 2764 620 2827; x_wconf 82' lang='grc' dir='ltr'><strong><em>καὶ</em></strong></span> <span class='ocrx_word' id='word_1_237' title='bbox 647 2761 761 2849; x_wconf 73' lang='grc' dir='ltr'><strong><em>φανῶν</em></strong></span> <span class='ocrx_word' id='word_1_238' title='bbox 791 2758 935 2829; x_wconf 73' lang='grc' dir='ltr'><strong><em>ἐνώπιον</em></strong></span> <span class='ocrx_word' id='word_1_239' title='bbox 965 2757 1072 2826; x_wconf 82' lang='grc' dir='ltr'><strong><em>αὐτῶν</em></strong></span> <span class='ocrx_word' id='word_1_240' title='bbox 1095 2757 1204 2844; x_wconf 79' lang='grc' dir='ltr'><strong><em>λαβὼν</em></strong></span> <span class='ocrx_word' id='word_1_241' title='bbox 1226 2760 1270 2826; x_wconf 83' lang='grc' dir='ltr'><strong><em>τά</em></strong></span> <span class='ocrx_word' id='word_1_242' title='bbox 1293 2761 1431 2828; x_wconf 77' lang='grc' dir='ltr'><strong><em>ἐπίλοιπα</em></strong></span> 
     </span>
     <span class='ocr_line' id='line_1_26' title="bbox 235 2849 1428 2946; baseline -0.001 -19"><span class='ocrx_word' id='word_1_243' title='bbox 235 2856 403 2928; x_wconf 85' lang='grc' dir='ltr'><strong><em>ἀπέδωκεν</em></strong></span> <span class='ocrx_word' id='word_1_244' title='bbox 433 2857 586 2945; x_wconf 57' lang='grc' dir='ltr'><strong><em>αότοῒςί).</em></strong></span> <span class='ocrx_word' id='word_1_245' title='bbox 632 2861 704 2929; x_wconf 82' lang='grc' dir='ltr'><strong><em>ἰδοὺ</em></strong></span> <span class='ocrx_word' id='word_1_246' title='bbox 731 2868 857 2943; x_wconf 87' lang='grc' dir='ltr'><strong><em>τοίνυν,</em></strong></span> <span class='ocrx_word' id='word_1_247' title='bbox 892 2863 921 2929; x_wconf 84' lang='grc' dir='ltr'><strong><em>εί</em></strong></span> <span class='ocrx_word' id='word_1_248' title='bbox 941 2864 994 2928; x_wconf 84' lang='grc' dir='ltr'><strong><em>καί</em></strong></span> <span class='ocrx_word' id='word_1_249' title='bbox 1018 2856 1074 2944; x_wconf 80' lang='grc' dir='ltr'><strong><em>οὐχ</em></strong></span> <span class='ocrx_word' id='word_1_250' title='bbox 1097 2856 1141 2938; x_wconf 84' lang='grc' dir='ltr'><strong><em>ῶς</em></strong></span> <span class='ocrx_word' id='word_1_251' title='bbox 1163 2856 1181 2925; x_wconf 86' lang='grc' dir='ltr'><strong><em>δ</em></strong></span> <span class='ocrx_word' id='word_1_252' title='bbox 1207 2865 1351 2946; x_wconf 84' lang='grc' dir='ltr'><strong><em>Θωμᾶς,</em></strong></span> <span class='ocrx_word' id='word_1_253' title='bbox 1380 2849 1428 2926; x_wconf 71' lang='grc' dir='ltr'><strong><em>ἀλλ’</em></strong></span> 
     </span>
     <span class='ocr_line' id='line_1_27' title="bbox 236 2956 1431 3057; baseline -0.003 -29"><span class='ocrx_word' id='word_1_254' title='bbox 236 2959 325 3048; x_wconf 82' lang='grc' dir='ltr'><strong><em>ὅμως</em></strong></span> <span class='ocrx_word' id='word_1_255' title='bbox 347 2959 387 3029; x_wconf 74' lang='grc' dir='ltr'><strong><em>δι’</em></strong></span> <span class='ocrx_word' id='word_1_256' title='bbox 413 2963 524 3051; x_wconf 76' lang='grc' dir='ltr'><strong><em>ἑτέρας</em></strong></span> <span class='ocrx_word' id='word_1_257' title='bbox 545 2962 694 3047; x_wconf 80' lang='grc' dir='ltr'><strong><em>μεθόδου</em></strong></span> <span class='ocrx_word' id='word_1_258' title='bbox 715 2964 773 3050; x_wconf 81' lang='grc' dir='ltr'><strong><em>τὴν</em></strong></span> <span class='ocrx_word' id='word_1_259' title='bbox 794 2966 1026 3052; x_wconf 89' lang='grc' dir='ltr'><strong><em>πληροφορίαν</em></strong></span> <span class='ocrx_word' id='word_1_260' title='bbox 1048 2956 1334 3057; x_wconf 35' lang='grc' dir='ltr'><strong><em>αῦτοίςηπαρέσχε</em></strong></span> <span class='ocrx_word' id='word_1_261' title='bbox 1347 2961 1431 3048; x_wconf 73' lang='grc' dir='ltr'><strong><em>ηηλιι·</em></strong></span> 
     </span>
     <span class='ocr_line' id='line_1_28' title="bbox 235 3062 1429 3151; baseline -0.001 -20"><span class='ocrx_word' id='word_1_262' title='bbox 235 3070 367 3151; x_wconf 85' lang='grc' dir='ltr'><strong><em>φηθείς.</em></strong></span> <span class='ocrx_word' id='word_1_263' title='bbox 403 3066 433 3132; x_wconf 85' lang='grc' dir='ltr'><strong><em>εί</em></strong></span> <span class='ocrx_word' id='word_1_264' title='bbox 455 3067 490 3133; x_wconf 79' lang='grc' dir='ltr'><strong><em>δὲ</em></strong></span> <span class='ocrx_word' id='word_1_265' title='bbox 510 3065 565 3132; x_wconf 81' lang='grc' dir='ltr'><strong><em>καί</em></strong></span> <span class='ocrx_word' id='word_1_266' title='bbox 587 3063 663 3144; x_wconf 82' lang='grc' dir='ltr'><strong><em>τοὺς</em></strong></span> <span class='ocrx_word' id='word_1_267' title='bbox 684 3064 854 3150; x_wconf 87' lang='grc' dir='ltr'><strong><em>μώλωπας</em></strong></span> <span class='ocrx_word' id='word_1_268' title='bbox 869 3065 952 3132; x_wconf 85' lang='grc' dir='ltr'><strong><em>ἰδεῖν</em></strong></span> <span class='ocrx_word' id='word_1_269' title='bbox 966 3065 1109 3142; x_wconf 83' lang='grc' dir='ltr'><strong><em>Ιιθέλοις,</em></strong></span> <span class='ocrx_word' id='word_1_270' title='bbox 1126 3062 1221 3149; x_wconf 83' lang='grc' dir='ltr'><strong><em>παρὰ</em></strong></span> <span class='ocrx_word' id='word_1_271' title='bbox 1232 3068 1342 3148; x_wconf 84' lang='grc' dir='ltr'><strong><em>Θωμᾶ</em></strong></span> <span class='ocrx_word' id='word_1_272' title='bbox 1354 3062 1429 3150; x_wconf 66' lang='grc' dir='ltr'><strong><em>μάθε</em></strong></span> 
     </span>
     <span class='ocr_line' id='line_1_29' title="bbox 236 3164 1429 3254; baseline 0.005 -22"><span class='ocrx_word' id='word_1_273' title='bbox 236 3171 316 3252; x_wconf 91' lang='grc' dir='ltr'><strong><em>φέρε</em></strong></span> <span class='ocrx_word' id='word_1_274' title='bbox 346 3166 407 3253; x_wconf 77' lang='grc' dir='ltr'><strong><em>γάρ</em></strong></span> <span class='ocrx_word' id='word_1_275' title='bbox 438 3190 512 3247; x_wconf 91' lang='grc' dir='ltr'><strong><em>σου,</em></strong></span> <span class='ocrx_word' id='word_1_276' title='bbox 548 3173 644 3254; x_wconf 91' lang='grc' dir='ltr'><strong><em>φησί,</em></strong></span> <span class='ocrx_word' id='word_1_277' title='bbox 678 3165 735 3253; x_wconf 80' lang='grc' dir='ltr'><strong><em>τὴν</em></strong></span> <span class='ocrx_word' id='word_1_278' title='bbox 761 3175 857 3253; x_wconf 73' lang='grc' dir='ltr'><strong><em>χεῖρα</em></strong></span> <span class='ocrx_word' id='word_1_279' title='bbox 883 3165 938 3234; x_wconf 86' lang='grc' dir='ltr'><strong><em>καὶ</em></strong></span> <span class='ocrx_word' id='word_1_280' title='bbox 958 3165 1039 3252; x_wconf 87' lang='grc' dir='ltr'><strong><em>βάλε</em></strong></span> <span class='ocrx_word' id='word_1_281' title='bbox 1062 3165 1108 3243; x_wconf 84' lang='grc' dir='ltr'><strong><em>είς</em></strong></span> <span class='ocrx_word' id='word_1_282' title='bbox 1128 3164 1186 3251; x_wconf 78' lang='grc' dir='ltr'><strong><em>τὴν</em></strong></span> <span class='ocrx_word' id='word_1_283' title='bbox 1209 3166 1359 3251; x_wconf 81' lang='grc' dir='ltr'><strong><em>πλευράν</em></strong></span> <span class='ocrx_word' id='word_1_284' title='bbox 1376 3185 1429 3249; x_wconf 75' lang='grc' dir='ltr'><strong><em>μου</em></strong></span> 
     </span>
     <span class='ocr_line' id='line_1_30' title="bbox 234 3260 1429 3355; baseline 0 -23"><span class='ocrx_word' id='word_1_285' title='bbox 234 3266 303 3332; x_wconf 71' lang='grc' dir='ltr'><strong><em>ἰκαὶ</em></strong></span> <span class='ocrx_word' id='word_1_286' title='bbox 325 3273 404 3355; x_wconf 86' lang='grc' dir='ltr'><strong><em>φέρε</em></strong></span> <span class='ocrx_word' id='word_1_287' title='bbox 425 3268 482 3333; x_wconf 87' lang='grc' dir='ltr'><strong><em>τὸν</em></strong></span> <span class='ocrx_word' id='word_1_288' title='bbox 505 3266 662 3334; x_wconf 88' lang='grc' dir='ltr'><strong><em>δάκτυλόν</em></strong></span> <span class='ocrx_word' id='word_1_289' title='bbox 685 3291 745 3334; x_wconf 90' lang='grc' dir='ltr'><strong><em>σου</em></strong></span> <span class='ocrx_word' id='word_1_290' title='bbox 766 3270 819 3334; x_wconf 88' lang='grc' dir='ltr'><strong><em>καί</em></strong></span> <span class='ocrx_word' id='word_1_291' title='bbox 841 3269 945 3353; x_wconf 85' lang='grc' dir='ltr'><strong><em>βλέπε</em></strong></span> <span class='ocrx_word' id='word_1_292' title='bbox 966 3266 1025 3345; x_wconf 89' lang='grc' dir='ltr'><strong><em>τάς</em></strong></span> <span class='ocrx_word' id='word_1_293' title='bbox 1044 3265 1156 3350; x_wconf 80' lang='grc' dir='ltr'><strong><em>χεῖράς</em></strong></span> <span class='ocrx_word' id='word_1_294' title='bbox 1175 3270 1281 3348; x_wconf 62' lang='grc' dir='ltr'><strong><em>μου7),</em></strong></span> <span class='ocrx_word' id='word_1_295' title='bbox 1309 3260 1429 3350; x_wconf 64' lang='grc' dir='ltr'><strong><em>πλευράν</em></strong></span> 
     </span>
    </p>

    <p class='ocr_par' dir='ltr' id='par_1_4' title="bbox 149 3362 1430 3962">
     <span class='ocr_line' id='line_1_31' title="bbox 149 3362 1430 3454; baseline -0.003 -21"><span class='ocrx_word' id='word_1_296' title='bbox 149 3366 323 3435; x_wconf 65' lang='grc' dir='ltr'><strong><em>Μαίδων</em></strong></span> <span class='ocrx_word' id='word_1_297' title='bbox 352 3368 407 3434; x_wconf 84' lang='grc' dir='ltr'><strong><em>καί</em></strong></span> <span class='ocrx_word' id='word_1_298' title='bbox 433 3378 544 3454; x_wconf 81' lang='grc' dir='ltr'><strong><em>χεῖρας</em></strong></span> <span class='ocrx_word' id='word_1_299' title='bbox 572 3365 739 3452; x_wconf 78' lang='grc' dir='ltr'><strong><em>ὀνομάζων</em></strong></span> <span class='ocrx_word' id='word_1_300' title='bbox 761 3365 780 3434; x_wconf 87' lang='grc' dir='ltr'><strong><em>δ</em></strong></span> <span class='ocrx_word' id='word_1_301' title='bbox 802 3368 883 3448; x_wconf 89' lang='grc' dir='ltr'><strong><em>θεὸς</em></strong></span> <span class='ocrx_word' id='word_1_302' title='bbox 904 3367 999 3453; x_wconf 81' lang='grc' dir='ltr'><strong><em>λόγος</em></strong></span> <span class='ocrx_word' id='word_1_303' title='bbox 1020 3366 1075 3433; x_wconf 86' lang='grc' dir='ltr'><strong><em>καὶ</em></strong></span> <span class='ocrx_word' id='word_1_304' title='bbox 1097 3363 1174 3432; x_wconf 80' lang='grc' dir='ltr'><strong><em>ὅλον</em></strong></span> <span class='ocrx_word' id='word_1_305' title='bbox 1196 3362 1299 3450; x_wconf 87' lang='grc' dir='ltr'><strong><em>αῦτὸν</em></strong></span> <span class='ocrx_word' id='word_1_306' title='bbox 1323 3367 1430 3450; x_wconf 79' lang='grc' dir='ltr'><strong><em>ἀνθρω</em></strong></span> 
     </span>
     <span class='ocr_line' id='line_1_32' title="bbox 235 3465 1430 3557; baseline -0.004 -23"><span class='ocrx_word' id='word_1_307' title='bbox 235 3465 303 3535; x_wconf 91' lang='grc' dir='ltr'><strong><em>πάν</em></strong></span> <span class='ocrx_word' id='word_1_308' title='bbox 324 3472 380 3534; x_wconf 62' lang='grc' dir='ltr'><strong><em>ιτε</em></strong></span> <span class='ocrx_word' id='word_1_309' title='bbox 410 3468 466 3535; x_wconf 84' lang='grc' dir='ltr'><strong><em>καὶ</em></strong></span> <span class='ocrx_word' id='word_1_310' title='bbox 496 3468 578 3536; x_wconf 90' lang='grc' dir='ltr'><strong><em>θεόν</em></strong></span> <span class='ocrx_word' id='word_1_311' title='bbox 608 3466 706 3554; x_wconf 88' lang='grc' dir='ltr'><strong><em>δμοῦ,</em></strong></span> <span class='ocrx_word' id='word_1_312' title='bbox 741 3468 818 3557; x_wconf 87' lang='grc' dir='ltr'><strong><em>ἀρτι</em></strong></span> <span class='ocrx_word' id='word_1_313' title='bbox 847 3471 907 3555; x_wconf 81' lang='grc' dir='ltr'><em>μὲν</em></span> <span class='ocrx_word' id='word_1_314' title='bbox 934 3472 992 3535; x_wconf 91' lang='grc' dir='ltr'><strong><em>τοῦ</em></strong></span> <span class='ocrx_word' id='word_1_315' title='bbox 1016 3468 1111 3554; x_wconf 84' lang='grc' dir='ltr'><strong><em>λόγου</em></strong></span> <span class='ocrx_word' id='word_1_316' title='bbox 1133 3471 1186 3534; x_wconf 81' lang='grc' dir='ltr'><strong><em>καί</em></strong></span> <span class='ocrx_word' id='word_1_317' title='bbox 1209 3469 1270 3557; x_wconf 76' lang='grc' dir='ltr'><strong><em>τὴν</em></strong></span> <span class='ocrx_word' id='word_1_318' title='bbox 1294 3470 1430 3550; x_wconf 84' lang='grc' dir='ltr'><strong><em>αίσθηοα</em></strong></span> 
     </span>
     <span class='ocr_line' id='line_1_33' title="bbox 235 3565 1428 3660; baseline -0.003 -25"><span class='ocrx_word' id='word_1_319' title='bbox 235 3580 306 3648; x_wconf 85' lang='grc' dir='ltr'><strong><em>τοῖς</em></strong></span> <span class='ocrx_word' id='word_1_320' title='bbox 328 3565 433 3658; x_wconf 81' lang='grc' dir='ltr'><strong><em>ἁγίοις</em></strong></span> <span class='ocrx_word' id='word_1_321' title='bbox 456 3569 512 3637; x_wconf 86' lang='grc' dir='ltr'><strong><em>διὰ</em></strong></span> <span class='ocrx_word' id='word_1_322' title='bbox 534 3570 695 3660; x_wconf 86' lang='grc' dir='ltr'><strong><em>σώματος,</em></strong></span> <span class='ocrx_word' id='word_1_323' title='bbox 720 3568 765 3651; x_wconf 87' lang='grc' dir='ltr'><strong><em>ῶς</em></strong></span> <span class='ocrx_word' id='word_1_324' title='bbox 787 3571 858 3640; x_wconf 71' lang='grc' dir='ltr'><strong><em>ἔστι</em></strong></span> <span class='ocrx_word' id='word_1_325' title='bbox 878 3582 974 3651; x_wconf 81' lang='grc' dir='ltr'><strong><em>νοεῖν,</em></strong></span> <span class='ocrx_word' id='word_1_326' title='bbox 998 3575 1199 3656; x_wconf 85' lang='grc' dir='ltr'><strong><em>παρέχοντος</em></strong></span> <span class='ocrx_word' id='word_1_327' title='bbox 1220 3574 1270 3657; x_wconf 75' lang='grc' dir='ltr'><strong><em>τῷ</em></strong></span> <span class='ocrx_word' id='word_1_328' title='bbox 1293 3571 1428 3650; x_wconf 79' lang='grc' dir='ltr'><strong><em>είςελθείν</em></strong></span> 
     </span>
     <span class='ocr_line' id='line_1_34' title="bbox 233 3665 1428 3760; baseline 0.003 -23"><span class='ocrx_word' id='word_1_329' title='bbox 233 3674 300 3738; x_wconf 86' lang='grc' dir='ltr'><strong><em>τῶν</em></strong></span> <span class='ocrx_word' id='word_1_330' title='bbox 320 3675 435 3759; x_wconf 90' lang='grc' dir='ltr'><strong><em>θυρῶν</em></strong></span> <span class='ocrx_word' id='word_1_331' title='bbox 456 3674 726 3758; x_wconf 75' lang='grc' dir='ltr'><strong><em>κεκλεισμένων”),</em></strong></span> <span class='ocrx_word' id='word_1_332' title='bbox 749 3673 902 3760; x_wconf 83' lang='grc' dir='ltr'><strong><em>παρευθὺ</em></strong></span> <span class='ocrx_word' id='word_1_333' title='bbox 925 3674 961 3739; x_wconf 78' lang='grc' dir='ltr'><strong><em>δέ</em></strong></span> <span class='ocrx_word' id='word_1_334' title='bbox 984 3672 1041 3738; x_wconf 82' lang='grc' dir='ltr'><strong><em>σὺν</em></strong></span> <span class='ocrx_word' id='word_1_335' title='bbox 1062 3675 1109 3755; x_wconf 79' lang='grc' dir='ltr'><strong><em>τῷ</em></strong></span> <span class='ocrx_word' id='word_1_336' title='bbox 1132 3670 1265 3755; x_wconf 86' lang='grc' dir='ltr'><strong><em>σώματι</em></strong></span> <span class='ocrx_word' id='word_1_337' title='bbox 1280 3665 1428 3757; x_wconf 71' lang='grc' dir='ltr'><strong><em>παρεστός</em></strong></span> 
     </span>
     <span class='ocr_line' id='line_1_35' title="bbox 234 3772 1429 3863; baseline -0.007 -23"><span class='ocrx_word' id='word_1_338' title='bbox 234 3772 289 3840; x_wconf 84' lang='grc' dir='ltr'><strong><em>καὶ</em></strong></span> <span class='ocrx_word' id='word_1_339' title='bbox 310 3773 367 3860; x_wconf 82' lang='grc' dir='ltr'><strong><em>τὴν</em></strong></span> <span class='ocrx_word' id='word_1_340' title='bbox 388 3776 618 3863; x_wconf 90' lang='grc' dir='ltr'><strong><em>πληροφορίαν</em></strong></span> <span class='ocrx_word' id='word_1_341' title='bbox 641 3781 801 3861; x_wconf 72' lang='grc' dir='ltr'><strong><em>παρέχων.</em></strong></span> <span class='ocrx_word' id='word_1_342' title='bbox 837 3777 941 3841; x_wconf 87' lang='grc' dir='ltr'><strong><em>ταῦτα</em></strong></span> <span class='ocrx_word' id='word_1_343' title='bbox 962 3784 1033 3851; x_wconf 83' lang='grc' dir='ltr'><strong><em>τοῖς</em></strong></span> <span class='ocrx_word' id='word_1_344' title='bbox 1055 3782 1189 3851; x_wconf 82' lang='grc' dir='ltr'><strong><em>πιστοῖς</em></strong></span> <span class='ocrx_word' id='word_1_345' title='bbox 1211 3773 1260 3852; x_wconf 83' lang='grc' dir='ltr'><strong><em>εἰς</em></strong></span> <span class='ocrx_word' id='word_1_346' title='bbox 1274 3779 1429 3858; x_wconf 83' lang='grc' dir='ltr'><strong><em>βεβαίωσιν</em></strong></span> 
     </span>
     <span class='ocr_line' id='line_1_36' title="bbox 235 3870 1225 3962; baseline -0.001 -22"><span class='ocrx_word' id='word_1_347' title='bbox 235 3875 381 3954; x_wconf 83' lang='grc' dir='ltr'><strong><em>καὶτοῖς</em></strong></span> <span class='ocrx_word' id='word_1_348' title='bbox 404 3870 559 3954; x_wconf 84' lang='grc' dir='ltr'><strong><em>ἀπίστοις</em></strong></span> <span class='ocrx_word' id='word_1_349' title='bbox 582 3875 628 3954; x_wconf 82' lang='grc' dir='ltr'><strong><em>εἷς</em></strong></span> <span class='ocrx_word' id='word_1_350' title='bbox 650 3875 833 3962; x_wconf 90' lang='grc' dir='ltr'><strong><em>διόρθωσιν</em></strong></span> <span class='ocrx_word' id='word_1_351' title='bbox 857 3875 1003 3962; x_wconf 70' lang='grc' dir='ltr'><strong><em>εἰρήσθω</em></strong></span> <span class='ocrx_word' id='word_1_352' title='bbox 1026 3880 1225 3959; x_wconf 83' lang='grc' dir='ltr'><strong><em>συμμέτρως.</em></strong></span> 
     </span>
    </p>
   </div>
   <div class='ocr_carea' id='block_1_3' title="bbox 234 4039 1429 4177">
    <p class='ocr_par' dir='ltr' id='par_1_5' title="bbox 234 4039 1429 4177">
     <span class='ocr_line' id='line_1_37' title="bbox 306 4039 1429 4111; baseline -0.001 -13"><span class='ocrx_word' id='word_1_353' title='bbox 306 4049 514 4111; x_wconf 78' lang='grc' dir='ltr'><strong><em>1)λυί.1’ί,31.</em></strong></span> <span class='ocrx_word' id='word_1_354' title='bbox 590 4049 692 4107; x_wconf 79' lang='grc' dir='ltr'><strong><em>2)ίοτα.</em></strong></span> <span class='ocrx_word' id='word_1_355' title='bbox 713 4049 752 4110; x_wconf 89' lang='grc'><strong><em>10,</em></strong></span> <span class='ocrx_word' id='word_1_356' title='bbox 771 4048 811 4099; x_wconf 85' lang='grc'><strong><em>30.</em></strong></span> <span class='ocrx_word' id='word_1_357' title='bbox 873 4049 977 4100; x_wconf 76' lang='grc' dir='ltr'><strong><em>3λ1οεα,</em></strong></span> <span class='ocrx_word' id='word_1_358' title='bbox 1000 4049 1036 4108; x_wconf 81' lang='grc'><strong><em>14,</em></strong></span> <span class='ocrx_word' id='word_1_359' title='bbox 1054 4049 1077 4098; x_wconf 87' lang='grc'><strong><em>9.</em></strong></span> <span class='ocrx_word' id='word_1_360' title='bbox 1131 4048 1236 4106; x_wconf 60' lang='lat' dir='ltr'><strong>monn.</strong></span> <span class='ocrx_word' id='word_1_361' title='bbox 1256 4047 1299 4111; x_wconf 79' lang='lat'><strong><em>20,</em></strong></span> <span class='ocrx_word' id='word_1_362' title='bbox 1318 4048 1356 4097; x_wconf 75' lang='lat'><strong><em>19.</em></strong></span> <span class='ocrx_word' id='word_1_363' title='bbox 1411 4039 1429 4091; x_wconf 75' lang='grc'><strong><em>5)</em></strong></span> 
     </span>
     <span class='ocr_line' id='line_1_38' title="bbox 234 4114 1294 4177; baseline 0.002 -12"><span class='ocrx_word' id='word_1_364' title='bbox 234 4117 290 4166; x_wconf 88' lang='lat' dir='ltr'>Luc.</span> <span class='ocrx_word' id='word_1_365' title='bbox 309 4117 351 4177; x_wconf 78' lang='lat'><strong><em>24,</em></strong></span> <span class='ocrx_word' id='word_1_366' title='bbox 368 4118 409 4166; x_wconf 81' lang='lat'><strong><em>39.</em></strong></span> <span class='ocrx_word' id='word_1_367' title='bbox 478 4118 503 4176; x_wconf 79' lang='lat'><strong><em>6)</em></strong></span> <span class='ocrx_word' id='word_1_368' title='bbox 522 4119 576 4166; x_wconf 88' lang='lat' dir='ltr'>Luc.</span> <span class='ocrx_word' id='word_1_369' title='bbox 595 4116 636 4176; x_wconf 77' lang='lat'><strong><em>24,</em></strong></span> <span class='ocrx_word' id='word_1_370' title='bbox 655 4117 695 4167; x_wconf 79' lang='lat'><strong><em>42.</em></strong></span> <span class='ocrx_word' id='word_1_371' title='bbox 764 4117 873 4177; x_wconf 79' lang='grc' dir='ltr'><strong><em>’1)Ιοαα.</em></strong></span> <span class='ocrx_word' id='word_1_372' title='bbox 893 4117 993 4177; x_wconf 80' lang='grc' dir='ltr'><strong><em>20,2’ί.</em></strong></span> <span class='ocrx_word' id='word_1_373' title='bbox 1062 4115 1086 4176; x_wconf 87' lang='grc'><strong><em>8)</em></strong></span> <span class='ocrx_word' id='word_1_374' title='bbox 1106 4119 1170 4165; x_wconf 84' lang='grc' dir='ltr'><strong><em>Ιοια.</em></strong></span> <span class='ocrx_word' id='word_1_375' title='bbox 1190 4115 1232 4176; x_wconf 80' lang='lat'><strong><em>20,</em></strong></span> <span class='ocrx_word' id='word_1_376' title='bbox 1254 4114 1294 4167; x_wconf 67' lang='lat'><strong><em>1⁹2</em></strong></span> 
     </span>
    </p>
   </div>
   <div class='ocr_carea' id='block_1_4' title="bbox 233 4227 1470 4619">
    <p class='ocr_par' dir='ltr' id='par_1_6' title="bbox 233 4227 1470 4619">
     <span class='ocr_line' id='line_1_39' title="bbox 268 4227 1428 4301; baseline 0 -18"><span class='ocrx_word' id='word_1_377' title='bbox 268 4251 289 4283; x_wconf 83' lang='lat' dir='ltr'><strong><em>a.</em></strong></span> <span class='ocrx_word' id='word_1_378' title='bbox 308 4237 363 4296; x_wconf 75' lang='lat' dir='ltr'>Reg.</span> <span class='ocrx_word' id='word_1_379' title='bbox 383 4244 406 4284; x_wconf 81' lang='lat' dir='ltr'><strong><em>et</em></strong></span> <span class='ocrx_word' id='word_1_380' title='bbox 423 4236 522 4297; x_wconf 75' lang='lat' dir='ltr'>Seguer.</span> <span class='ocrx_word' id='word_1_381' title='bbox 534 4227 695 4294; x_wconf 73' lang='grc' dir='ltr'><strong><em>ἀποστολήν.</em></strong></span> <span class='ocrx_word' id='word_1_382' title='bbox 715 4235 774 4288; x_wconf 73' lang='lat' dir='ltr'>,Alii</span> <span class='ocrx_word' id='word_1_383' title='bbox 793 4243 817 4285; x_wconf 81' lang='grc' dir='ltr'><strong><em>αι</em></strong></span> <span class='ocrx_word' id='word_1_384' title='bbox 867 4229 896 4284; x_wconf 80' lang='grc' dir='ltr'><strong><em>δέ</em></strong></span> <span class='ocrx_word' id='word_1_385' title='bbox 914 4236 1031 4284; x_wconf 74' lang='lat' dir='ltr'>ominum.</span> <span class='ocrx_word' id='word_1_386' title='bbox 1412 4292 1428 4301; x_wconf 66' lang='lat'><strong><em>,.</em></strong></span> 
     </span>
     <span class='ocr_line' id='line_1_40' title="bbox 234 4292 1470 4367; baseline -0.006 -17"><span class='ocrx_word' id='word_1_387' title='bbox 234 4302 290 4351; x_wconf 79' lang='lat' dir='ltr'>editi</span> <span class='ocrx_word' id='word_1_388' title='bbox 309 4292 477 4357; x_wconf 85' lang='grc' dir='ltr'><strong><em>ἀποστόλων,</em></strong></span> <span class='ocrx_word' id='word_1_389' title='bbox 498 4304 619 4352; x_wconf 78' lang='lat' dir='ltr'>mendose.</span> <span class='ocrx_word' id='word_1_390' title='bbox 900 4303 923 4352; x_wconf 92' lang='lat' dir='ltr'><strong><em>d.</em></strong></span> <span class='ocrx_word' id='word_1_391' title='bbox 943 4304 997 4366; x_wconf 75' lang='lat' dir='ltr'><strong>Reg.</strong></span> <span class='ocrx_word' id='word_1_392' title='bbox 1016 4293 1118 4367; x_wconf 84' lang='grc' dir='ltr'><strong><em>ὀρθόν,</em></strong></span> <span class='ocrx_word' id='word_1_393' title='bbox 1144 4311 1217 4351; x_wconf 70' lang='lat' dir='ltr'>recle.</span> <span class='ocrx_word' id='word_1_394' title='bbox 1255 4302 1333 4352; x_wconf 77' lang='lat' dir='ltr'>Ceteri</span> <span class='ocrx_word' id='word_1_395' title='bbox 1352 4294 1430 4350; x_wconf 75' lang='grc' dir='ltr'><strong><em>ιῑιίια</em></strong></span> <span class='ocrx_word' id='word_1_396' title='bbox 1468 4302 1470 4311; x_wconf 89' lang='grc'><strong><em>·</em></strong></span> 
     </span>
     <span class='ocr_line' id='line_1_41' title="bbox 267 4361 962 4434; baseline 0.001 -17"><span class='ocrx_word' id='word_1_397' title='bbox 267 4370 289 4417; x_wconf 89' lang='lat' dir='ltr'><strong><em>b.</em></strong></span> <span class='ocrx_word' id='word_1_398' title='bbox 309 4370 348 4419; x_wconf 79' lang='lat' dir='ltr'><strong><em>Sic</em></strong></span> <span class='ocrx_word' id='word_1_399' title='bbox 366 4372 421 4432; x_wconf 80' lang='lat' dir='ltr'>Reg.</span> <span class='ocrx_word' id='word_1_400' title='bbox 441 4379 464 4421; x_wconf 81' lang='grc' dir='ltr'><strong><em>ιι</em></strong></span> <span class='ocrx_word' id='word_1_401' title='bbox 481 4371 579 4432; x_wconf 77' lang='lat' dir='ltr'>Seguer.</span> <span class='ocrx_word' id='word_1_402' title='bbox 614 4372 641 4420; x_wconf 88' lang='lat' dir='ltr'><strong><em>ln</em></strong></span> <span class='ocrx_word' id='word_1_403' title='bbox 651 4371 704 4420; x_wconf 82' lang='lat' dir='ltr'>aliis</span> <span class='ocrx_word' id='word_1_404' title='bbox 713 4377 736 4419; x_wconf 86' lang='grc' dir='ltr'><strong><em>εῑ</em></strong></span> <span class='ocrx_word' id='word_1_405' title='bbox 746 4369 815 4419; x_wconf 80' lang='lat' dir='ltr'>edilis</span> <span class='ocrx_word' id='word_1_406' title='bbox 866 4361 962 4434; x_wconf 74' lang='grc' dir='ltr'><strong><em>ὀρθάν.</em></strong></span> 
     </span>
     <span class='ocr_line' id='line_1_42' title="bbox 233 4431 1428 4501; baseline 0.005 -16"><span class='ocrx_word' id='word_1_407' title='bbox 233 4435 300 4485; x_wconf 79' lang='grc' dir='ltr'><strong><em>θεοῦ</em></strong></span> <span class='ocrx_word' id='word_1_408' title='bbox 318 4438 394 4487; x_wconf 77' lang='lat' dir='ltr'>deest.</span> <span class='ocrx_word' id='word_1_409' title='bbox 900 4454 921 4488; x_wconf 85' lang='grc' dir='ltr'><strong><em>ε.</em></strong></span> <span class='ocrx_word' id='word_1_410' title='bbox 940 4440 996 4501; x_wconf 79' lang='lat' dir='ltr'>Reg.</span> <span class='ocrx_word' id='word_1_411' title='bbox 1020 4439 1119 4499; x_wconf 78' lang='lat' dir='ltr'>Seguer.</span> <span class='ocrx_word' id='word_1_412' title='bbox 1140 4431 1428 4501; x_wconf 65' lang='lat' dir='ltr'><strong><em>etfiobler.13;v5m3</em></strong></span> 
     </span>
     <span class='ocr_line' id='line_1_43' title="bbox 268 4497 1431 4574; baseline -0.002 -21"><span class='ocrx_word' id='word_1_413' title='bbox 268 4521 290 4553; x_wconf 72' lang='grc' dir='ltr'><strong><em>α</em></strong></span> <span class='ocrx_word' id='word_1_414' title='bbox 313 4505 347 4555; x_wconf 72' lang='lat' dir='ltr'><strong><em>lta</em></strong></span> <span class='ocrx_word' id='word_1_415' title='bbox 365 4505 421 4569; x_wconf 77' lang='lat' dir='ltr'>Reg.</span> <span class='ocrx_word' id='word_1_416' title='bbox 440 4514 464 4557; x_wconf 81' lang='grc' dir='ltr'><strong><em>ει</em></strong></span> <span class='ocrx_word' id='word_1_417' title='bbox 480 4505 577 4568; x_wconf 71' lang='grc' dir='ltr'><strong><em>ὃεςαιι.</em></strong></span> <span class='ocrx_word' id='word_1_418' title='bbox 612 4507 641 4555; x_wconf 78' lang='grc' dir='ltr'><strong><em>λι</em></strong></span> <span class='ocrx_word' id='word_1_419' title='bbox 658 4506 698 4555; x_wconf 75' lang='lat' dir='ltr'><strong>alii</strong></span> <span class='ocrx_word' id='word_1_420' title='bbox 717 4512 741 4557; x_wconf 74' lang='grc' dir='ltr'><strong><em>εί</em></strong></span> <span class='ocrx_word' id='word_1_421' title='bbox 759 4504 814 4555; x_wconf 78' lang='lat' dir='ltr'>editi</span> <span class='ocrx_word' id='word_1_422' title='bbox 865 4501 939 4574; x_wconf 83' lang='grc' dir='ltr'><strong><em>ρι’δα,</em></strong></span> <span class='ocrx_word' id='word_1_423' title='bbox 957 4499 1002 4554; x_wconf 76' lang='grc' dir='ltr'><strong><em>καί</em></strong></span> <span class='ocrx_word' id='word_1_424' title='bbox 1018 4497 1092 4555; x_wconf 79' lang='grc' dir='ltr'><strong><em>εἴτι.</em></strong></span> <span class='ocrx_word' id='word_1_425' title='bbox 1128 4505 1227 4558; x_wconf 79' lang='lat' dir='ltr'>Gobler.</span> <span class='ocrx_word' id='word_1_426' title='bbox 1243 4507 1314 4557; x_wconf 78' lang='grc' dir='ltr'><strong><em>ίινδει</em></strong></span> <span class='ocrx_word' id='word_1_427' title='bbox 1331 4506 1431 4556; x_wconf 66' lang='lat' dir='ltr'>iteum</span> 
     </span>
     <span class='ocr_line' id='line_1_44' title="bbox 723 4586 1350 4619; baseline 0 0"><span class='ocrx_word' id='word_1_428' title='bbox 723 4586 746 4619; x_wconf 53' lang='lat' dir='ltr'><strong><em>a*</em></strong></span> <span class='ocrx_word' id='word_1_429' title='bbox 1345 4588 1350 4597; x_wconf 83' lang='lat'>¹</span> 
     </span>
    </p>
   </div>
   <div class='ocr_carea' id='block_1_5' title="bbox 0 0 1478 5092">
    <p class='ocr_par' dir='ltr' id='par_1_7' title="bbox 0 0 1478 5092">
     <span class='ocr_line' id='line_1_45' title="bbox 0 0 1478 5092; baseline 0 1"><span class='ocrx_word' id='word_1_430' title='bbox 0 0 1478 5092; x_wconf 95' lang='lat' dir='ltr'><strong><em> </em></strong></span> 
     </span>
    </p>
   </div>
  </div>
 </body>
</html>
