2948 5092
197 267 259 332 118
595 283 622 326 ι.
637 280 1028 326 ιτιιιιιιιιιιιειιιειιιεονι

110 430 230 500 νωδόν
257 441 330 511 τοϊς
352 431 439 518 ἑξῆς,
469 423 520 498 ἀεὶ
541 428 599 496 τὸν
620 428 768 516 Χριστὸν
791 424 890 509 εἶναι,
921 428 1016 516 λόγον
1040 426 1121 496 ὄντα
1140 428 1197 496 καί
1218 437 1344 519 σοφίαν
1365 431 1422 498 καὶ

197 531 343 618 δύναμιν.
389 527 428 598 ού
449 531 511 619 γὰρ
534 529 573 620 δὴ
595 530 721 598 τούτων
743 528 861 617 ἀγονος
888 524 933 597 ὢν
957 526 974 597 ό
997 530 1079 610 θεὸς
1101 525 1173 598 εἶτα
1195 530 1421 620 ἐπαιδοποιή-

198 657 289 702 σατο.
335 629 404 701 ἀλλ’
431 629 485 700 ἀει
511 633 555 721 μὴ
583 627 661 717 παρ’
686 633 803 700 ἑαυτοῦ
834 628 851 697 ό
878 630 950 711 υίὸς
971 628 1040 700 ἀλλ’
1066 632 1101 700 έν
1120 636 1180 699 τοῦ
1202 633 1333 718 πατρὸς
1355 634 1421 717 ἔχει

197 736 237 802 τὸ
259 731 352 803 εἶναι.
396 738 451 802 καὶ
478 730 547 820 μετ’
573 730 667 819 ὀλίγα
688 733 791 800 πόλιν
812 735 889 820 περὶ
911 737 969 800 τοῦ
993 729 1094 800 αύτοῦ
1117 756 1234 822 φησιν·
1268 729 1422 821 ἀπαύγα-

198 860 267 922 σμα
293 838 331 904 δὲ
359 830 404 903 ιύν
434 835 547 924 φωτὸς
568 833 677 903 ἀϊδίου
699 835 835 915 πάντως
853 839 907 902 ναί
931 831 1030 914 αύτὸς
1051 831 1160 915 ἀίδιός
1182 835 1289 903 ἐστιν·
1325 834 1422 916 ὄντος

197 937 258 1024 γὰρ
281 933 335 1005 ἀεὶ
355 941 414 1004 τοῦ
437 937 549 1027 φωτός
571 939 669 1026 δῆλον
692 933 738 1016 ὡς
760 937 849 1004 ’ἐστιν
871 930 975 1005 ἀεὶτὸ
994 933 1212 1024 ἀπαύγασμα·
1234 936 1343 1026 τούτῳ
1357 938 1423 1026 γὰρ

197 1041 251 1106 καλ
274 1035 328 1106 ότι
349 1042 422 1127 φῶς
444 1038 516 1106 ἐστι
536 1041 583 1125 τῷ
605 1037 817 1123 καταυγάζειν
838 1048 972 1121 νοεῖται,
995 1041 1048 1105 καί
1072 1042 1145 1127 φῶς
1168 1035 1205 1104 ού
1222 1039 1361 1106 δύναται
1375 1040 1421 1126 μη

197 1141 342 1229 φωτίζον
364 1135 457 1208 εἶναι.
487 1140 591 1208 πόλιν
611 1140 672 1226 γὰρ
695 1140 845 1224 ίλθωμεν
867 1138 981 1206 έπὶτὰ
996 1141 1257 1226 παραδείγματα.
1285 1141 1316 1209 εἰ
1331 1142 1424 1209 ἔστιν

196 1237 316 1327 ’ἥλιος
340 1242 430 1310 ’ἐστιν
452 1235 541 1329 αύγή,
566 1241 655 1308 ἔστιν
676 1237 796 1328 ἡμέρα·
820 1241 849 1309 εί
870 1240 1030 1308 τοιούτων
1050 1242 1151 1328 μηδέν
1174 1240 1254 1321 ἐστι,
1278 1241 1368 1308 πολύ
1386 1266 1423 1328 γε

199 1343 325 1411 δεῖκαὶ
347 1353 506 1429 παρεῖναι
526 1339 629 1431 ἥλιον.
675 1342 705 1410 εί
725 1343 785 1426 μέν
807 1332 864 1408 οὖν
887 1336 995 1422 ἀίδιος
1018 1337 1036 1407 ό
1057 1339 1160 1430 ἥλιος,
1185 1340 1359 1422 ἄπαυστος
1382 1339 1423 1411 ἀν

113 1433 238 1530 Ρ·254·ἦν
265 1443 322 1511 καὶ
346 1440 367 1530 ἡ
388 1442 508 1532 ἡμέρα,
537 1448 594 1512 νῦν
623 1445 659 1511 δέ
681 1439 731 1520 (ού
753 1443 814 1530 γάρ
837 1443 938 1524 ἔστιν)
961 1439 1144 1528 ἀρξαμένου
1165 1469 1202 1510 τε
1222 1441 1346 1532 ἤρξατο
1368 1448 1423 1511 καὶ

198 1552 389 1629 παυομένου
420 1544 572 1613 παύεται.
618 1541 636 1612 ό
659 1547 696 1613 δέ
716 1570 753 1632 γε
774 1543 855 1624 θεὸς
877 1544 1012 1612 αἰώνιόν
1035 1545 1106 1612 έστι
1129 1547 1202 1634 φῶς
1223 1542 1300 1612 ούτε
1323 1539 1424 1633 ἀρξά·

197 1669 297 1729 μενον
319 1644 395 1714 ούτε
416 1646 533 1734 ιλῆξόν
555 1669 655 1714 ποτε·
678 1642 736 1713 οάκ
758 1637 815 1713 ούν
836 1644 973 1735 αἰώνων
994 1646 1170 1733 πρόκειται
1191 1649 1247 1712 καὶ
1269 1646 1422 1714 σύνεστιν

200 1743 290 1833 αύτῷ
312 1746 352 1812 τὸ
374 1743 578 1833 ἀπαύγασμα
600 1745 739 1834 ἀναρχον
761 1751 813 1814 καὶ
832 1742 983 1833 ἀειγενές,
1006 1746 1294 1835 οπροφαινόμενον
1310 1742 1425 1827 αὐτοῦ,

201 1843 284 1933 ὅπερ
307 1847 396 1915 ἐστὶν
417 1844 437 1936 ἡ
459 1851 599 1935 λέγουσα
621 1855 727 1937 σοφία
748 1849 810 1935 έγδι
832 1847 916 1936 ἤμην
937 1840 1184 1937 ᾗπροςέγαιρε·
1206 1843 1283 1914 καθ’
1299 1844 1427 1936 ἡμέραν

200 1949 237 2015 δέ
259 1943 480 2037 εύφραινόμην
504 1949 537 2016 έν
560 1950 730 2038 προςώπφ
752 1946 852 2017 αὐτοῦ
875 1950 909 2018 έν
931 1949 1035 2017 παντὶ
1055 1954 1159 2037 καιρῷ
1169 1954 1198 2028 ¹).
1243 1948 1301 2016 καὶ
1321 1940 1428 2030 αὖθις

201 2049 318 2136 ἐπάγει
339 2045 407 2133 μετ’
433 2046 529 2136 ὀλίγα
550 2051 628 2137 περὶ
650 2056 708 2118 τού
731 2047 830 2118 αὐτοῦ
854 2053 971 2137 λέγων·
994 2048 1111 2130 ίόντος
1133 2041 1190 2118 οὖν
1212 2050 1351 2118 αἰωνίου
1366 2056 1429 2118 τοῦ

200 2150 337 2237 πατρός,
361 2150 496 2231 αἰώνιος
518 2147 536 2219 δ
558 2151 629 2231 υἱός
651 2152 731 2232 ἐστι,
756 2157 829 2241 φῶς
844 2153 878 2221 ἐκ
893 2152 1005 2241 φωτὸς
1020 2151 1082 2218 ὤν·
1106 2150 1202 2232 ἀντος
1215 2152 1277 2240 γὰρ
1292 2159 1427 2238 γονέως,

202 2251 274 2319 έστι
295 2255 348 2319 καὶ
370 2258 491 2319 τέκνον.
537 2252 566 2319 εί
588 2252 689 2340 δὲμὴ
712 2260 823 2322 τέκνον
847 2255 907 2342 είη,
931 2257 1006 2333 πῶς
1027 2254 1082 2320 καὶ
1103 2261 1194 2332 τίνος
1216 2248 1303 2320 εἶναι
1326 2254 1426 2321 δύνα-

200 2378 257 2419 ται
283 2352 395 2440 γονεύς
402 2384 413 2437 ,·
447 2348 515 2420 ἀλλ’
542 2353 624 2421 εἰσὶν
654 2353 755 2443 ἀμφιυ
781 2354 838 2422 καὶ
859 2354 942 2422 εἰσὶν
965 2350 1032 2422 ἀεί·
1062 2351 1134 2423 εἶτα
1162 2354 1265 2422 πάλιν
1287 2363 1427 2443 προςτί-

199 2459 286 2542 θησι
316 2458 436 2521 ταῦτα·
471 2454 582 2542 φωτὸς
612 2457 672 2539 μὲν
701 2446 758 2522 ούν
787 2454 881 2536 ὄντος
909 2460 968 2523 τοῦ
989 2459 1090 2536 θεοῦ,
1126 2451 1315 2542 όΧριστύς
1337 2456 1430 2524 ἐστιν

201 2550 413 2642 ἀπαύγασμα.
459 2556 646 2640 πνεύματος
675 2559 711 2624 δὲ
733 2555 828 2636 ἀντος
850 2561 992 2641 (πνεῦμα
1012 2556 1083 2644 γάρ,
1108 2564 1219 2644 φησίν,
1243 2553 1261 2623 ό
1284 2557 1427 2639 θεόςἿ),

200 2652 387 2743 οἀναλόγως
408 2657 510 2724 πάλιν
533 2653 714 2742 όΧριστὸς
736 2656 833 2744 ἀτμίς
854 2661 997 2744 λέγεται·
1021 2654 1117 2741 ἀτμὶς
1130 2658 1201 2745 γάρ,
1226 2665 1338 2746 φησίν,
1357 2658 1429 2727 έστὶ

199 2762 258 2843 τῆς
278 2762 338 2825 τοῦ
361 2763 445 2826 θεοῦ
468 2759 676 2843 δυνάμεωςδ).
706 2759 761 2827 καὶ
784 2759 818 2827 ἰκ
838 2763 897 2826 τοῦ
919 2761 1072 2848 δευτέρου
1087 2759 1190 2826 πόλιν
1205 2765 1304 2847 φησί·
1325 2759 1432 2844 μόνος

202 2859 239 2925 δέ
268 2855 286 2924 ὁ
316 2858 386 2940 υίὸς
409 2856 463 2929 ἀεὶ
484 2863 591 2929 συνὼν
612 2865 659 2950 τῷ
683 2859 803 2946 πατρί,
827 2864 961 2928 καὶτοῦ
984 2857 1080 2941 ἀντος
1101 2859 1349 2947 πληρούμενος,
1372 2864 1429 2928 καὶ

202 2955 302 3038 αάτός
325 2961 416 3029 ἐστιν
437 2958 482 3029 ἀίν
505 2964 541 3031 έιι
561 2967 620 3030 τού
643 2963 780 3048 πατρός.

289 3069 337 3129 16.
385 3067 499 3130 Ταῦτα
520 3065 550 3132 εί
570 3067 631 3148 μὲν
653 3059 850 3150 ἀμφιβόλως
869 3063 1021 3149 ἰδ’ρηται,
1043 3069 1154 3149 χρείαν
1176 3057 1240 3145 εἶχε
1255 3065 1315 3129 τοῦ
1329 3062 1432 3152 ίρμη-

203 3160 370 3240 νεύοντος·
399 3162 516 3251 ἐπειδὴ
545 3165 582 3232 δὲ
609 3167 732 3243 λευκῶς
752 3162 809 3230 καὶ
830 3163 992 3242 πολλάκις
1013 3163 1179 3249 περὶτῶν
1202 3157 1311 3230 αὐτῶν
1335 3164 1432 3250 ἔγρα-

203 3273 278 3346 ψεν,
302 3258 320 3327 ό
341 3264 402 3346 μὲν
417 3261 551 3350 ’Ἀρειος
571 3266 707 3351 τριζέτω
728 3263 805 3344 τοὺς
821 3259 966 3344 ὀδόντας,
984 3260 1071 3351 ὁρῶν
1084 3263 1143 3350 τὴν
1158 3265 1286 3350 αἳρεσιν
1308 3261 1430 3332 Ιαὐτοῦ

202 3371 512 3453 καταστρεφομένην
533 3362 602 3432 ἀπὸ
623 3372 821 3446 Διονυσίου,
843 3369 898 3433 καὶ
921 3360 1062 3444 ἀκούων,
1087 3360 1174 3451 ἀπερ
1195 3364 1240 3452 μὴ
1261 3366 1431 3450 βούλεται,

203 3465 354 3548 λέγοντος
376 3460 495 3533 αὐτοῦ’
518 3463 572 3534 ἀεὶ
594 3463 612 3533 ὁ
634 3467 718 3546 θεὸς
737 3466 848 3553 πατὴρ
869 3457 920 3555 ἦν,
941 3466 998 3533 καὶ
1020 3462 1038 3532 ό
1060 3465 1133 3544 υίὸς
1154 3461 1213 3548 ούχ
1234 3461 1354 3547 ἁπλῶς
1375 3464 1433 3537 δέ·

203 3562 276 3643 διός
297 3564 396 3646 ἐστιν,
420 3563 504 3635 ἀλλά
524 3573 584 3636 τού
606 3568 734 3654 πατρὸς
749 3563 859 3635 ἀϊδίου
874 3565 979 3647 ἀντος,
996 3561 1105 3646 ἀΐδιος
1119 3560 1160 3634 ἀν
1175 3567 1227 3655 εἴη
1239 3567 1299 3635 ιιαλ
1312 3563 1332 3635 ὁ
1346 3567 1432 3650 υίίς,

202 3665 259 3731 καὶ
280 3666 431 3735 σύνεστιν
453 3666 543 3757 αὐτῷ
565 3665 611 3748 ὡς
631 3672 678 3756 τῷ
701 3668 791 3757 φωτί
811 3668 851 3735 τὸ
873 3663 1086 3755 ἀπαύγασμα.
1130 3667 1165 3735 οδ
1186 3668 1224 3737 δέ
1242 3661 1306 3756 κᾷν
1324 3668 1432 3754 μόνον

203 3761 449 3854 ὑπονοήσαντες
469 3770 651 3839 Διονύσιον
671 3769 714 3836 τὰ
731 3765 863 3855 Ἀρείου
879 3778 1015 3857 φρονεῖν
1030 3773 1355 3838 ΙΙιιατατιθίσθυισαν
1371 3769 1433 3859 τὴν

203 3870 281 3952 περί
304 3863 405 3935 αύτυῦ
427 3871 582 3959 τοιαύτην
605 3874 799 3960 δυςφημίαν.
829 3877 915 3938 ποία
936 3870 997 3958 γὰρ
1019 3877 1176 3937 κοινωνία
1195 3869 1329 3950 τούτοις
1347 3869 1429 3949 ίστί,

203 3970 263 4034 τοῦ
290 3971 350 4053 μὲν
366 3966 498 4058 Ἀρείου
527 3973 692 4058 λέγοντος·
724 3966 781 4039 ούκ
808 3961 848 4060 ἧν
871 3967 889 4037 ό
911 3970 983 4050 υίὸς
1004 3971 1085 4057 πρὶν
1106 3975 1266 4059 γεννηθῇ,
1298 3965 1368 4038 ἀλλ’
1392 3960 1435 4057 ἦν

273 4192 297 4253 ί)
315 4193 383 4243 Ριοι
401 4191 425 4253 8,
444 4192 485 4241 ³0.
555 4191 580 4250 2)
597 4192 666 4242 Ιοευ.
682 4193 707 4254 4,
726 4191 766 4242 24.
836 4191 862 4252 3)
880 4194 937 4258 Sap.
956 4193 981 4254 7,
999 4191 1040 4244 λδ.

240 4359 398 4410 wiell.
416 4359 513 4408 Tutin.
524 4357 594 4408 eotb
604 4359 650 4408 Ιιι.
687 4358 715 4409 ln
732 4360 790 4410 εδιι.
842 4356 943 4408 πολλοῦ
979 4355 1054 4410 εδεέ
1067 4359 1206 4428 παρεῖναι.
1244 4361 1313 4413 m
1327 4353 1432 4411 πολλοῦ

207 4398 328 4505 έίίλιιι
430 4424 488 4476 editi
505 4432 531 4476 ιι
547 4426 605 4489 Rq.
619 4417 736 4490 πιέύγι
749 4421 791 4477 ca
839 4420 937 4492 γινιιέ
1010 4427 1149 4496 παριέναι.

206 4494 276 4558 (κιρ.
292 4484 338 4555 δι’)
353 4485 402 4542 ιιιιλ
416 4490 557 4567 παριέναι.
581 4493 654 4546 Tm.
662 4493 790 4546 colman.
874 4495 901 4546 b.
919 4494 1017 4548 Τιιιίιι.
1035 4494 1105 4547 colb.
1123 4496 1170 4547 Ιει
1188 4490 1347 4559 λῆξαν..
