2948 5092
123 219 202 305 116'
518 252 545 298 ε.
559 251 712 297 mansu
727 223 950 297 εαειιιτειιεοεί
1066 230 1071 235 ’

34 413 113 460 W·
192 410 257 470 .14.
302 404 369 469 Καὶ
392 396 484 490 ἀρκεῖ
503 403 563 486 μέν
586 400 633 480 είς
653 401 781 468 τελείαν
795 400 999 486 κατάγνωσιν
1014 404 1081 468 τῶν
1092 395 1275 488 Ἀρειανῶν
1290 403 1345 471 καὶ

98 503 168 583 ἐίς
190 499 362 583 ἀπόδειξιν
383 505 441 589 τῆς
463 509 684 590 συκοφαντίας
699 495 807 569 αύτιῖιν
820 501 860 568 τὸ
874 501 930 569 καὶ
943 502 1046 588 μόνον
1060 497 1345 593 ἀπολογήσασθαι

118 604 177 673 τὸν
198 604 377 673 Διονύσιον
398 602 453 671 καὶ
474 603 554 690 περὶ
576 593 621 672 ὧν
643 593 737 671 οὗτοι
752 603 1029 691 τεθρολλήκασιν·
1051 600 1091 672 ού
1105 604 1167 692 γάρ
1183 601 1230 684 ιός
1245 608 1345 694 φιλο-

119 709 234 775 νεικῶν
256 700 474 794 ἀντέγραψεν,
498 701 567 772 ἀλλ’
591 700 858 791 ἀπολογούμενος
878 707 957 791 περὶ
979 693 1026 773 ὧν
1047 701 1293 794 ’ὑπωπτεύθη
1326 703 1345 772 ό

120 808 157 875 δέ
184 804 451 893 ἀπολογούμενος
477 808 554 893 περὶ
584 795 630 874 ὧν
657 806 864 895 κατηγορήθη
892 813 926 874 τί
953 808 1064 894 ἕτερον
1085 817 1196 888 ποιεί,
1227 802 1344 897 ήλύει

117 910 178 994 μὲν
198 911 267 976 πᾶν
288 904 503 975 όποπτευθέν
526 907 666 996 ἔγκλημα
687 902 755 974 κατ’
779 904 891 989 αὐτοῦ,
914 907 1036 994 ἐλέγχει
1058 908 1095 976 δέ
1114 912 1169 977 καί
1185 909 1221 977 έν
1235 909 1344 997 ταύτην

100 1008 346 1099 ’λσνκοφάντας
366 1008 444 1088 τοὺς
462 1003 730 1094 Ἀρειομανίταςς
758 1009 814 1077 λ’να
835 1011 872 1077 δὲ
892 1011 947 1077 καὶ
964 1008 1000 1090 ἐξ
1013 998 1059 1078 ὦν
1074 1004 1344 1097 ἀπολογούμενος

32 1111 244 1198 mss-{yma
265 1111 367 1178 πλέον
390 1110 616 1193 αἰσχυνθῶσιν
639 1099 745 1190 οὗτοι,
776 1116 856 1199 φέρε
878 1133 935 1178 σοι
955 1115 1010 1178 καλ
1031 1111 1092 1190 τὰς
1113 1112 1218 1193 λέξεις
1239 1108 1343 1178 αὐτοῦ

117 1211 352 1298 οτιαράδωμαι.
397 1212 505 1299 γνώσῃ
528 1211 588 1298 γὰρ
612 1206 668 1278 ἀπ’
694 1209 817 1292 αύτῶν,
847 1207 900 1279 ότι
922 1213 956 1278 οἱ
975 1213 1037 1297 μὲν
1055 1205 1222 1298 Ἀρειανολ
1245 1212 1342 1280 κακό-

117 1319 237 1402 φρονές
266 1313 365 1395 εἰσιν,
397 1311 415 1379 ό
445 1314 480 1381 δὲ
502 1311 680 1392 Διονύσιος
707 1308 880 1399 ἀλλότριος
901 1316 959 1399 τής
981 1313 1111 1398 ἒκεένωγ
1134 1313 1344 1401 ἑτεροδοξίας

116 1415 195 1483 έστέ.
226 1418 360 1500 πρῶτον
381 1416 442 1499 μέν
464 1404 520 1481 σύν
543 1415 673 1500 ἐλέγχου
694 1417 747 1481 καὶ
770 1410 953 1500 ἀπολογίας
970 1415 1134 1501 ’ἔγραψεν
1149 1415 1269 1483 ἑαυτοῦ
1283 1415 1344 1503 τήν

116 1516 310 1605 ἐπιστολήν·
333 1519 431 1583 τούτο
453 1517 489 1583 δέ
511 1522 545 1583 τί
566 1516 665 1597 ἐστιν,
687 1510 709 1602 ἢ
731 1512 784 1582 ὅτι
801 1515 878 1594 τοὺς
891 1517 951 1601 μέν
966 1518 1193 1602 ψευδομένους
1207 1516 1340 1603 ἐλέγχει,

115 1620 193 1703 περὶ
215 1619 252 1685 δὲ
275 1607 320 1685 ὦν
343 1617 485 1703 ἔγραψεν
507 1613 734 1704 ἀπολογεῖται,
757 1617 883 1696 δεικνὺς
904 1612 958 1685 ότι
979 1616 1024 1704 μή
1048 1613 1094 1698 ὡς
1108 1616 1244 1704 ’Ἀρειος
1257 1614 1341 1687 ύπε-

114 1719 231 1807 νόησεν
254 1719 396 1806 ἔγραψεν
419 1713 533 1800 αύτός,
557 1714 626 1786 ἀλλ’
651 1715 791 1787 ὅτιτῶν
813 1715 1039 1807 ἀνθρωπίνως
1061 1719 1239 1807 εἰρημένων
1261 1723 1340 1806 περί

113 1824 173 1888 τοῦ
200 1827 313 1908 κυρίου
341 1823 504 1909 μνησθεὶς
532 1816 590 1888 οόκ
616 1817 742 1909 ἠγνόει,
772 1823 889 1888 τοῦτον
912 1815 998 1889 εἶναι
1019 1821 1116 1907 λόγον
1137 1820 1194 1888 καὶ
1216 1829 1341 1910 σοφίαν

114 1915 303 2008 ἀδιαίρετον
324 1926 384 1989 τοῦ
406 1921 550 2010 πατρός,·
584 1923 702 1990 ἔπειτα
728 1921 878 1989 αἰτιᾶται
898 1921 976 2002 τοὺς
997 1922 1217 2002 κατειπόντας
1239 1918 1342 1991 αὐτού

115 2018 159 2102 τός
179 2023 226 2109 μή
249 2020 445 2112 ὁλοκλήρους
466 2026 620 2111 λέγοντας
642 2018 726 2091 ἀλλὰ
746 2022 1012 2112 περικόπτοντας
1033 2019 1135 2091 αύτοῦ
1148 2024 1209 2105 τάς
1225 2026 1340 2107 λέξεις,

112 2123 169 2191 καὶ
196 2120 241 2204 ὠς
267 2124 311 2212 μή
341 2127 423 2213 καλῇ
453 2126 638 2212 συνειδήσει
660 2120 745 2193 ἀλλά
765 2129 896 2213 πονηρᾷ
918 2126 1099 2205 λαλοῦντας
1121 2122 1167 2205 ὡς
1187 2128 1340 2194 θέλουσι.

113 2225 249 2305 τούτους
271 2252 307 2293 τε
334 2226 465 2307 τούτοις
493 2222 664 2308 ἀπεικάζει
693 2237 766 2306 τοῖς
791 2226 851 2305 τάς
879 2230 939 2293 τοῦ
960 2224 1124 2314 μακαρίου
1146 2222 1341 2295 ἀποστόλου

114 2327 349 2414 διαβάλλουσιν
371 2327 560 2407 ἐπιστολάς.
591 2324 610 2414 ἡ
634 2330 670 2395 δὲ
691 2328 826 2415 τοιαύτη
849 2334 978 2414 μέμψις
1000 2323 1101 2395 αὐτοῦ
1116 2327 1253 2409 πάντως
1267 2324 1339 2396 ἀπὸ

113 2428 241 2518 φαύλης
262 2425 416 2513 ὑποψίας
437 2424 536 2495 αύτὸν
558 2424 708 2497 ἀπολύει.
740 2428 852 2516 εἰγάρ
873 2428 952 2509 τοὺς
961 2429 1099 2496 Παύλου
1120 2430 1342 2510 κατειπόντας

114 2526 219 2609 οὕτως
240 2525 368 2616 ἡγεῖται
391 2527 435 2612 τός
457 2530 535 2610 τούς
556 2526 656 2598 αάτοῦ
679 2531 905 2610 κατειπόντας,
931 2526 1026 2598 οὐδέν
1038 2532 1149 2618 ἕτερον
1164 2532 1338 2612 δείκνυσιν,

29 2628 38 2647 ‘
112 2625 134 2719 ή
156 2627 209 2698 ὅτι
230 2631 290 2699 ’τά
311 2635 370 2698 τού
392 2634 530 2699 Παύλου
553 2636 686 2722 φρονῶν
709 2628 814 2711 οὕτως
837 2631 989 2717 ἔγραψεν.
1035 2627 1150 2716 ἀμέλει
1175 2636 1230 2700 καὶ
1253 2632 1341 2718 πρὸς

113 2734 249 2807 ἕκαστον
277 2736 344 2800 τῶν
371 2728 440 2800 ἀπὸ
467 2737 534 2800 τῶν
561 2735 749 2824 κατηγόρων
765 2732 956 2820 ,εἰρημένων
984 2728 1143 2801 ἀπαντῶν
1163 2734 1277 2801 πάντα
1297 2734 1340 2801 τά

111 2829 189 2922 παρ’
214 2830 322 2902 αύτῶν
344 2835 580 2924 προφερόμενα
602 2835 793 2921 θεραπεύει,
816 2837 870 2901 καί
882 2835 1063 2921 Σαβέλλιον
1075 2837 1138 2918 »μὲν
1152 2833 1187 2902 έν
1202 2835 1341 2914 ἐκείνοις

58 3024 63 3028 .
111 2931 306 3021 ἀνατρέπει,
341 2936 376 3003 έν
403 2937 534 3016 τούτοις
556 2938 592 3004 δὲ
616 2939 776 3004 δείκνυσιν
800 2931 977 3023 ὁλόκληρον
999 2936 1117 3003 ἑαυτοῦ
1139 2935 1198 3023 τήν
1221 2932 1368 3026 εύσεβή’

56 3098 63 3121 ‚
111 3044 236 3103 πίστιν.
283 3037 477 3124 φασκόντων
504 3045 614 3105 τοίνυν
642 3038 773 3106 ἐκείνων
802 3041 938 3126 φρονεῖν
967 3036 1025 3103 τὸν
1047 3037 1245 3117 Διονύσιον,
1279 3035 1336 3105 οὐκ

112 3132 162 3205 ἀεὶ
185 3127 224 3225 ἦν
247 3133 265 3203 ό
287 3136 370 3216 θεὸς
390 3138 510 3225 πατήρ,
535 3134 593 3205 ούκ
615 3135 665 3206 ἀεὶ
688 3129 727 3225 ήν
750 3134 768 3205 δ
791 3139 871 3219 υἱός,
894 3131 963 3206 ἀλλ’
989 3133 1088 3223 ὁμὲν
1109 3137 1192 3217 θεὸς
1212 3128 1252 3224 ήν
1273 3163 1340 3222 χω-
1369 3157 1376 3169 ·

111 3241 162 3326 ρὶς
183 3242 242 3305 τού
265 3237 373 3323 λόγου,
397 3237 497 3324 αάτὸς
518 3240 555 3307 δὲ
577 3237 595 3305 ό
618 3239 689 3320 υίὸς
711 3235 769 3308 ούκ
783 3230 823 3329 ἦν
838 3242 918 3326 πρὶν
932 3243 1086 3327 γεννηθῇ,
1110 3234 1180 3306 ἀλλ’
1196 3229 1237 3327 ἦν
1252 3264 1337 3309 ποτε

36 3415 39 3421 ,
111 3337 167 3408 ὅτε
189 3336 248 3407 ούκ
267 3329 317 3427 ήν,
341 3335 379 3407 ού
401 3339 463 3427 γὰρ
479 3337 587 3421 ἀίδιός
602 3342 701 3423 ἐστιν,
725 3336 794 3409 ἀλλ’
811 3338 948 3427 ύστερον
963 3341 1160 3427 ἐπιγέγονεν,
1186 3335 1249 3427 ὅρα
1263 3345 1339 3420 πῶς

111 3435 334 3526 ἀποκρίνεται.
379 3441 422 3509 τὰ
451 3444 512 3528 μέν
541 3433 599 3509 σύν
627 3438 772 3512 πλείστα
793 3445 859 3509 τῶν
881 3436 983 3510 αότού
999 3441 1175 3530 ῥημάτων,
1204 3438 1336 3530 άπερῆ

111 3545 214 3631 ζητῶν
237 3542 380 3624 ἐξετάζει
399 3537 421 3629 ἢ
443 3544 713 3631 συλλογιζόμενος
734 3544 868 3630 συνάγει
888 3537 911 3632 ἢ
932 3543 1064 3632 ἐρωτῶν
1086 3543 1208 3630 ἐλέγχει
1221 3538 1245 3630 ή
1259 3543 1338 3623 τοὺς

110 3643 341 3732 κατειρηκότας
362 3644 520 3727 αἰτιᾶται,
542 3649 648 3713 ταῦτα
668 3644 789 3734 παρεὶς
803 3644 861 3712 διά
875 3643 915 3711 τὸ
929 3648 1031 3732 μῆκος
1044 3647 1112 3712 τῶν
1126 3643 1235 3731 λόγων
1248 3643 1338 3730 μόνα

109 3745 152 3813 τά
173 3745 260 3834 πρὸς
280 3744 338 3834 τήν
360 3752 556 3834 κατηγορίαν
579 3742 739 3834 ἀναγκαῖα
760 3753 890 3835 τίθημι.
936 3741 1203 3833 ἀπολογούμενος
1224 3752 1335 3813 τοίνυν

110 3846 196 3933 πρὸς
218 3846 326 3915 έκεῒνα
346 3847 468 3937 γράφει
489 3851 563 3929 ταῖς
584 3850 693 3929 λέξεσι
710 3849 849 3928 ταύταις
872 3848 906 3915 ἐν
925 3850 972 3932 τῷ
994 3847 1118 3936 πρώτῳ
1133 3849 1180 3933 τῷ
1196 3846 1335 3934 έπιγρα-

110 3954 244 4037 φαμένῳ
267 3947 397 4035 ἐλέγχου
419 3952 473 4017 καὶ
497 3945 681 4036 ἀπολογίας
700 3945 778 4035 μεθ’
804 3951 899 4036 ἕτερα
921 3945 1036 4028 οὕτως.

197 4059 244 4120 15.
295 4044 343 4119 Ού
364 4051 426 4137 γὰρ
447 4040 487 4136 ἦν
507 4045 580 4119 ’ὅτε
603 4046 621 4118 ό
643 4049 726 4132 θεὸς
749 4046 807 4119 ούκ
827 4040 867 4139 ἦν
888 4048 1009 4139 πατήρ.
1027 4142 1033 4153 Ι
1052 4047 1109 4117 καὶ
1129 4051 1228 4115 τοῦτο
1243 4042 1335 4117 οἶδεν

20 4242 23 4248 ι
145 4224 165 4256 ε.
186 4208 282 4257 Tauria.
295 4207 362 4257 Colb.
381 4209 427 4257 Ιεε.
445 4201 509 4275 περὶ
525 4189 565 4255 ιύν
581 4220 697 4272 κατηγο-
782 4224 803 4258 ε.
822 4182 919 4257 Τεισία.
929 4206 998 4257 Golb.
1012 4207 1058 4256 Ιιι.
1070 4206 1109 4255 Fr.
1119 4206 1138 4255 Ι.
1148 4203 1323 4271 παραδῶμεν

111 4270 182 4340 ρήθη
202 4285 225 4326 ιι
243 4277 304 4325 infru
316 4269 379 4342 περὶ
388 4259 428 4323 τόν
436 4266 601 4335 ὑπωπτεύθη
615 4285 695 4326 trans·
748 4276 804 4338 λες.
824 4284 848 4325 ει
865 4275 923 4325 editi
939 4271 1121 4340 παραδῶμεν.

111 4343 448 4477 ωλιάιλλεζάἀάἀάφάντας.
477 4410 696 4462 Εδλίιιείάταιι.
782 4409 807 4460 d.
825 4409 916 4460 Omnes
936 4422 994 4459 ωεε.
1014 4417 1038 4458 ει
1055 4408 1111 4458 editi
1128 4399 1267 4474 ἔγραψεν,
1286 4406 1332 4456 σεδ

114 4475 368 4545 συκοφαντοῦνται.
746 4476 840 4529 τέλειαι
856 4476 986 4540 legendnm
1003 4467 1175 4542 ἐπέγραψεν,
1205 4483 1232 4526 τι
1254 4487 1331 4540 supra
