2948 5092
94 30 104 341 l

654 172 829 277 ammiano.
1333 219 1351 279 7

158 377 294 443 etiamsi
307 377 393 457 idque
407 375 469 441 sihi
484 373 695 457 proposuisse,
711 384 743 437 ut
756 375 935 457 praecipuos
947 396 1052 443 eorum
1062 388 1203 447 uadatus
1212 383 1353 464 seligeret

156 493 181 543 et
195 479 301 541 iunctim
322 478 433 552 ederet,
455 495 519 558 quo
541 473 686 554 theologis
707 477 873 555 paratiores
894 488 1008 543 essent.
1050 480 1084 544 ld
1100 501 1171 547 vero
1184 502 1224 548 ne
1238 494 1352 551 temere

154 579 380 644 danaridcatnr
400 580 459 641 hoc
480 576 618 649 consilo.
639 583 789 641 ulmeam
810 578 1045 661 qualemcunque
1067 601 1189 664 operam
1210 586 1351 653 novitatis

155 682 220 744 italo
243 679 398 743 lectoribus
429 679 651 752 commendem,
684 676 878 742 bibliothecas
911 689 1028 760 patrum
1057 684 1182 749 selectas
1210 687 1352 768 opuscula

154 783 290 863 dennaba
317 782 507 845 continentes
542 789 573 844 et
606 779 851 842 chrestomatbias
879 782 1047 860 patristicas
1080 788 1245 850 accuratius
1277 805 1350 869 per·

154 883 266 946 macho.
319 882 363 947 lta
390 882 479 947 simul
506 883 585 963 apud
613 882 740 944 lectores
769 880 841 943 illud
870 901 1016 964 exsequar
1043 887 1172 951 officium
1198 907 1351 968 recogno·

154 982 348 1047 scmdi'stndia
371 994 402 1047 et
422 983 529 1048 merita
552 997 666 1052 eorum,
689 981 738 1061 qui
760 981 849 1043 nohis
872 985 1047 1048 annositate
1069 1007 1124 1051 sua
1145 991 1282 1071 inopere
1303 992 1352 1055 lae

153 1085 236 1147 cunda
260 1084 467 1165 praeiverunt:
489 1080 570 1162 quod
592 1081 721 1145 effidem
747 1101 828 1145 nunc
847 1071 927 1148 haud
947 1086 1034 1166 pauci
1056 1087 1195 1168 ignorant
1220 1100 1273 1155 aut
1291 1110 1348 1157 ne·

151 1186 247 1266 gligunt

215 1287 267 1360 eui
288 1288 322 1348 in
341 1284 469 1348 historia
490 1283 656 1364 theologiae
677 1283 819 1348 litteraria
841 1285 950 1349 versati
971 1296 1050 1362 sunt,
1076 1291 1175 1354 sciunt
1195 1293 1349 1358 collectio·

150 1406 189 1448 nes
207 1389 382 1468 scriptorum
406 1384 687 1460 ecclesiastieorum,
715 1403 789 1465 quae
816 1387 987 1466 promiscue
1014 1389 1210 1459 bibliothecae
1231 1403 1351 1477 patrum

92 1475 95 1491 '
149 1488 270 1562 bennun,
290 1507 348 1568 pro
371 1487 500 1550 diversis
521 1485 670 1549 editorum
691 1487 823 1551 consiliis
845 1486 959 1551 delectu
979 1488 1125 1553 librorum
1146 1492 1271 1556 mmtum
1289 1494 1350 1557 dil·

149 1590 207 1651 lece
225 1590 398 1669 diversaque
419 1587 537 1651 rabone
563 1605 631 1650 esse
660 1589 852 1669 compositas.
895 1587 976 1650 Aliae
1006 1591 1085 1653 enim
1114 1593 1212 1657 varios
1239 1594 1350 1658 veteris

148 1691 290 1753 amediae
310 1689 416 1752 aetatis
438 1689 602 1769 scriptores
625 1689 851 1764 ecclesiastices,
874 1689 924 1768 qui
945 1691 1085 1770 pauciora
1101 1693 1266 1758 litterarum
1280 1714 1350 1760 mo·

147 1800 263 1853 nnnenta
282 1791 484 1870 reliquerunt,
513 1790 749 1870 complectuntur
776 1809 938 1871 eorumque
966 1810 1057 1872 opera
1085 1813 1160 1874 quae
1187 1780 1352 1878 supersunt

148 1892 227 1954 onnia
245 1892 401 1954 continent
421 1899 473 1954 ant
492 1891 655 1953 seeundum
684 1900 779 1954 certas
807 1891 996 1956 materiarum
1024 1893 1135 1958 classes
1162 1907 1213 1959 ant
1240 1918 1276 1961 ex
1297 1916 1351 1962 ae-

92 2022 96 2041 ·
148 2002 235 2067 utum,
269 1993 381 2074 qnibns
415 1993 581 2055 docuerunt
607 1992 665 2065 illi,
702 1993 807 2055 ordine
843 1993 968 2072 digesta.
1012 1993 1102 2059 Cuius
1134 1998 1252 2078 generis
1280 2009 1354 2062 sunt

146 2096 325 2175 amabssimm
352 2093 421 2156 illae
450 2093 651 2157 Bibliothecae
669 2105 797 2175 patrans
816 2093 1019 2172 parisienses,
1047 2095 1247 2175 coloniensis,
1267 2098 1351 2181 Lug·

146 2195 285 2269 inaneis,
316 2194 522 2268 Gallandiana,
555 2213 679 2275 quarum
715 2196 847 2259 editores
882 2196 913 2258 id
946 2195 1124 2260 studuerunt
1150 2199 1283 2276 efficere,
1318 2209 1352 2264 ut

145 2297 359 2359 adunirersam
388 2296 590 2376 antiquitatem
619 2295 847 2359 ecclesiasticam
874 2296 1078 2359 illustrandam
1105 2318 1194 2379 quam
1224 2301 1352 2382 plurima

91 2466 93 2473 Ι
145 2397 258 2461 eiusdem
280 2406 473 2461 monomenta
496 2396 566 2459 eicis
588 2397 683 2459 doctis
705 2398 736 2459 in
759 2416 846 2460 nsum
863 2406 964 2477 parata
979 2397 1184 2480 instructaque
1204 2412 1352 2483 paterent.

91 2498 93 2507 '
143 2498 207 2561 llice
226 2498 449 2579 angustioribus
470 2497 578 2561 linibus
599 2498 814 2561 concluduntur
836 2509 866 2561 et
887 2498 996 2578 scripta
1019 2500 1106 2562 unius
1129 2503 1350 2567 tentandas·
1463 2494 1466 2500 ’

144 2600 177 2659 sis
195 2600 237 2662 rel
258 2609 434 2680 argumento
456 2601 609 2678 formaque
624 2598 670 2660 vel
692 2600 871 2680 scriptorum
893 2609 988 2661 aetate
1010 2600 1167 2665 distinctae
1187 2603 1351 2668 lectoribus

143 2701 284 2776 praebent:
317 2720 391 2781 quas
414 2702 450 2762 ad
473 2699 634 2779 singularia
666 2700 809 2779 quaedam
832 2700 930 2762 studia
953 2700 1118 2780 theologica
1141 2703 1294 2766 excitanda
1321 2713 1353 2768 ot

143 2802 319 2864 sustentanda
339 2802 497 2864 adornatas
520 2819 588 2863 esse
609 2809 742 2880 apparet.
780 2801 861 2862 inter
881 2801 1052 2863 huiusmodi
1072 2801 1267 2865 bibliothecas
1288 2803 1353 2869 sive

142 2904 317 2965 abortiones
352 2914 469 2982 patrum
506 2902 585 2964 carie
621 2901 778 2980 inscriptas
815 2900 912 2962 locum
950 2900 1086 2963 obtinent
1126 2920 1195 2978 eae,
1242 2904 1351 2982 quibus

136 3005 321 3085 complurium
342 3013 460 3083 patrum
482 3010 623 3076 uectatus
645 3002 802 3080 dogmatici
825 3021 858 3063 ac
879 3001 1016 3083 polemici
1039 3003 1238 3066 continentur.
1270 3005 1353 3069 Sicut

135 3107 204 3167 enim
217 3114 335 3168 emtant
349 3105 549 3167 Bibliothecae
559 3114 687 3185 patrator
709 3107 854 3166 asceticae
875 3115 904 3165 et
926 3108 1170 3168 concionatoriae
1183 3105 1214 3166 h.
1231 3125 1257 3167 e.
1273 3124 1351 3186 opu·
1462 3180 1465 3185 g

132 3208 276 3269 sadorm
297 3205 494 3267 asceticarum
515 3213 546 3266 et
564 3203 752 3267 homiliarum
767 3221 999 3282 sermonumque
1014 3203 1215 3279 collectiones,
1237 3206 1279 3268 ita
1293 3206 1351 3269 de·

129 3309 265 3386 gmaticas
280 3325 400 3386 quoque
415 3305 558 3368 hahemus
577 3323 594 3367 a
614 3304 685 3365 viris
707 3303 803 3366 doctis
826 3305 861 3365 ad
884 3303 1016 3366 studium
1039 3305 1204 3387 theologiae
1226 3307 1351 3394 degana-

126 3412 198 3471 ticae
220 3418 253 3470 et
271 3407 436 3487 polemicae
456 3405 693 3487 promovendum
707 3405 866 3479 institutas,
888 3406 944 3467 etsi
958 3405 1048 3481 nulla,
1069 3407 1150 3486 quod
1179 3426 1234 3487 ego
1248 3409 1352 3483 sciam,

123 3510 309 3574 Bibliotheca
326 3518 455 3588 patrant
476 3508 644 3587 dogacatica
663 3507 805 3586 inscripta
821 3514 877 3569 est.
920 3506 1052 3585 Namque
1075 3524 1127 3568 eae
1148 3508 1257 3587 partim
1277 3529 1351 3591 pro·
1400 3500 1402 3505 ’

119 3613 255 3683 dierum,
267 3619 425 3688 antequam
443 3626 502 3670 usu
515 3617 668 3690 receptum
680 3618 762 3670 esset
774 3607 964 3670 collectiones
978 3608 1157 3688 scriptorum
1170 3609 1352 3674 eeclesiasti-

119 3731 228 3775 corum
256 3709 397 3789 appellari
424 3708 617 3773 bibliothecas
641 3721 782 3790 petram,
815 3728 872 3788 qna
893 3706 1089 3789 appellatione
1110 3708 1293 3789 hlargarinus
1315 3711 1353 3775 de

115 3810 277 3892 la‘ssigne,
300 3810 398 3872 editor
418 3810 533 3890 primae
552 3810 753 3874 Bibliothecae
773 3820 890 3891 patrum
912 3808 1091 3872 Parisiensis
1112 3827 1140 3870 a.
1166 3814 1260 3875 1575.
1286 3813 1353 3893 pri·

116 3933 193 3977 mus
216 3931 290 3974 usus
317 3918 379 3973 est:
414 3910 521 3990 partim
552 3911 678 3973 minoris
705 3921 778 3973 sunt
803 3910 890 3973 molis
919 3909 964 3971 vel
992 3910 1174 3972 recentiores
1201 3912 1355 3975 continent

117 4016 302 4095 scriptores,
325 4029 415 4091 mam
438 4019 472 4072 nt
493 4011 680 4091 splendidum
702 4012 774 4073 illud
796 4029 904 4072 nomen
927 4011 1034 4074 mereri
1056 4010 1223 4090 potuerint:
1244 4013 1354 4092 partim

116 4116 158 4178 ad
180 4115 364 4192 singularem
386 4111 535 4191 quendam
556 4130 644 4177 mum
667 4111 830 4175 destinatae
852 4119 881 4173 et
902 4112 1139 4173 accommodatae
1161 4119 1244 4185 sunt,
1265 4131 1354 4193 quem

119 4216 256 4278 editores
278 4221 450 4278 statuerunt
479 4213 510 4273 in
537 4212 635 4274 lronte
662 4212 850 4274 indicandum
879 4230 955 4275 esse.
999 4212 1082 4274 Unus
1104 4211 1267 4275 Racslerus
1289 4213 1353 4275 eol·

119 4319 280 4380 lectionem
302 4315 494 4396 ampliorem,
522 4313 559 4374 de
587 4333 643 4392 qua
674 4314 750 4375 inira
775 4313 898 4388 dicetur,
924 4313 1138 4379 Billiothecam
1152 4323 1284 4396 patrant
1304 4312 1354 4376 in·

118 4419 254 4498 scripsit,
274 4438 332 4482 nec
354 4427 460 4479 mmen
483 4413 656 4494 simpliciter
679 4416 875 4496 dogmaticam
895 4414 1066 4479 nominavit.
