2934 5078
201 212 265 279 274
601 224 797 272 αιτιιιωειι
812 222 1035 269 nemmem

115 375 286 452 mam
313 373 498 462 βασιλεύων
528 371 678 451 θάνατος
700 369 904 459 κατηργήθη.
951 369 1090 456 καὶγὰρ
1117 373 1173 438 καὶ
1200 369 1288 438 κατά
1314 373 1427 438 ’τοῦτο

201 483 356 565 κρείττων
378 472 398 563 ἡ
421 470 462 543 δι’
488 468 588 542 αῦτσῦ
613 475 763 541 διακονία
784 477 929 559 γέγονεν,
960 468 1015 538 ὅτι
1041 475 1094 540 καὶ
1123 472 1163 539 τὸ
1185 467 1356 540 άδανατδν·
1372 475 1427 540 τοῦ

200 578 313 664 νόμον,
338 578 371 646 ἐν
394 567 422 664 ᾦ
443 572 580 662 ἠσθένει
603 575 660 643 διὰ
680 578 738 662 τῆς
760 573 889 660 σαρκός,
914 569 933 640 6
951 575 1036 653 θεὸς
1048 575 1106 641 τὸν
1121 574 1242 643 ἑαυτοῦ
1251 573 1332 641 ὀἷόν
1344 578 1430 659 πέμ-

200 691 272 765 ψας
293 681 327 749 ἐν
351 675 538 764 ὁμοιώματι
559 677 680 764 σαρκός
701 673 864 762 ἁμαρτίας
871 726 880 757 ,
903 679 956 743 καὶ
980 675 1058 762 περὶ
1081 672 1245 762 ἁμαρτίας
1263 681 1431 764 κατέκρινε

121 820 134 858 ,-
200 781 260 867 τὴν
281 777 445 867 ἁμαρτίαν
468 780 502 848 ἐν
523 782 563 867 τῇ
587 781 682 864 σαρκὶ
692 782 723 860 ¹),
747 776 906 865 ἐκστήσας
926 772 990 844 ἀπ’
1015 771 1115 866 αὐτῆς
1139 778 1179 845 τὸ
1201 777 1429 865 παράπτωμα,

201 881 236 951 ίν
257 871 287 969 ᾧ
309 882 492 962 διαπαντὸς
511 876 770 969 ᾐχμαλωτίζετο,
794 875 876 958 ῶςτε
896 877 941 965 μὴ
964 880 1123 963 δέχεσθαι
1141 878 1200 947 τόν
1214 885 1315 947 θεῖον
1337 882 1430 947 νοῦν·

201 982 260 1072 τὴν
283 984 319 1051 δὲ
341 983 446 1070 σάρκα
468 981 614 1068 δεκτικὴν
635 985 695 1049 τοῦ
717 981 815 1068 λόγου
835 982 1080 1061 κατασκευάσας
1095 981 1253 1068 ἐποίησεν
1267 977 1357 1068 ἡμᾶς
1369 1007 1453 1070 μη·.

201 1090 272 1155 κέτι
292 1084 396 1153 1’κατόι
417 1084 523 1171 σάρκα
543 1093 760 1170 περισπεῖν,
783 1079 869 1150 ἀλλὰ
887 1083 971 1151 κατὰ
993 1085 1170 1169 maman,
1193 1085 1249 1151 καί
1271 1081 1432 1162 πολλάκις

117 1187 323 1273 mmm·
346 1183 442 1275 ἡμεῖς
456 1187 493 1254 δὲ
511 1181 569 1252 οῦκ
590 1185 688 1271 ἐσμέν
710 1184 745 1252 έν
763 1192 867 1271 σαρκί,
890 1179 966 1252 ἀλλ’
990 1184 1025 1252 έν
1039 1185 1213 1270 πνεύματι,
1235 1187 1292 1252 καὶ
1308 1173 1433 1271 ότιῆλ-

201 1293 265 1358 θεν
288 1283 307 1354 6
328 1291 389 1355 τοῦ
409 1289 495 1356 θεοῦ
517 1287 589 1366 υίὸς
611 1286 659 1365 είς
678 1286 737 1353 τόν
758 1286 897 1372 κόσμον,
929 1281 993 1370 οὐχ’
1019 1288 1075 1353 ἵνα
1094 1283 1187 1374 κρίνῃ
1216 1286 1275 1353 τόν
1297 1284 1431 1372 κόσμον,

201 1383 278 1459 ἄλλ’
303 1390 360 1457 λ’να
381 1374 757 1476 *πάνταςλντρῶσηταη
773 1385 830 1454 καί
843 1391 942 1475 σωθῇ
959 1386 977 1454 6
992 1388 1115 1473 κόσμος
1130 1384 1171 1455 δι’
1188 1382 1291 1455 αὐτοῦ
1297 1389 1330 1468 ¹).
1357 1388 1433 1456 τότε

200 1492 261 1575 μέν
282 1490 344 1576 γὰρ
367 1487 412 1570 ῶς
433 1486 624 1569 ῦπεῦθονος
646 1486 664 1556 6
685 1490 809 1576 κόσμος
830 1489 973 1576 ἐκρίνετο
995 1486 1064 1556 ῦπὸ
1085 1492 1144 1556 τοῦ
1167 1488 1281 1573 νόμον,
1304 1487 1384 1576 άρτι
1397 1490 1433 1556 δὲ

202 1588 221 1657 6
243 1590 341 1678 λόγος
363 1592 411 1671 εἷς
432 1592 548 1660 ἑαυτὸν
571 1592 704 1673 έδέξατο
726 1591 765 1660 τό
786 1600 896 1679 κρίμα,
920 1594 974 1659 καλ
992 1595 1038 1677 τῷ
1056 1590 1186 1675 σώματι
1199 1589 1327 1658 παθῶν
1348 1587 1432 1677 ὑπὲρ

201 1691 339 1762 πάντων
362 1701 526 1782 σωτηρίαν
547 1704 621 1773 τοῖς
643 1696 748 1761 πᾶσιν
771 1693 954 1779 έχαρίσατο.
984 1695 1103 1760 ἆτοῦτο
1119 1694 1156 1761 δὲ
1170 1695 1306 1779 βλέπων
1319 1698 1433 1780 κέκρα-

200 1817 255 1879 γεν
274 1788 440 1883 Ἰωάννης·
464 1791 482 1860 6
504 1794 605 1880 νόμος
627 1793 684 1864 διὰ
697 1801 853 1874 Μωσέως
875 1794 989 1882 ἐδόθη,
1012 1792 1032 1884 ἦ
1053 1794 1148 1881 χάρις
1168 1790 1266 1881 καὶὴ
1290 1788 1434 1882 ἀλήθεια

203 1894 260 1964 διὰ
277 1889 381 1984 Ἰησοῦ
403 1899 553 1983 Χριστοῦ
577 1897 742 1983 έγένετοί).
785 1903 942 1985 κρείττων
964 1898 1001 1963 δέ
1023 1893 1042 1984 ἡ
1062 1895 1157 1983 χάρις
1178 1891 1200 1985 ἢ
1223 1891 1242 1963 6
1262 1896 1367 1980 νόμος
1379 1897 1431 1963 καί

202 1991 224 2084 ἦ
246 1991 392 2083 άλήθεια
412 1997 506 2084 παρὰ
527 1997 585 2084 τὴν
608 1997 712 2066 σκιάν.
1339 2053 1343 2057 ψ

290 2105 341 2166 61.
387 2098 455 2166 ’Τό
479 2089 536 2165 οῦν
552 2105 717 2184 κρείττων,
742 2095 852 2184 ὥςπερ
868 2100 1005 2187 εἴρηται,
1029 2093 1087 2183 οὐχ
1110 2094 1183 2166 οἷόν
1195 2125 1233 2168 τε
1245 2088 1285 2186 ἦν
1301 2092 1344 2166 δι’
1365 2098 1434 2166 §16-

201 2221 262 2285 ρον
284 2198 376 2279 τινός
396 2206 555 2286 γενέσθαι
575 2195 597 2287 ἢ
618 2200 675 2268 διὰ
696 2203 755 2268 τοῦ
777 2201 866 2280 οἱοῦ,
897 2203 955 2267 τοῦ
984 2206 1175 2289 καθημένου
1202 2200 1237 2269 έν
1259 2201 1355 2289 δεξιᾷ
1375 2201 1433 2266 τοῦ

201 2299 340 2386 πατρός.
374 2308 409 2368 τί
423 2302 459 2369 δὲ
473 2305 572 2368 τοῦτο
588 2309 741 2390 σημαίνει
762 2296 784 2369 ί
797 2301 837 2368 τὸ
851 2301 985 2391 γνήσιον
1006 2307 1065 2369 τοῦ
1087 2304 1170 2385 οίοῦ,
1195 2305 1265 2371 ’καὶ
1279 2302 1340 2390 τὴν
1354 2303 1435 2370 θοό-

201 2423 285 2488 τητα
305 2404 365 2467 τοῦ
387 2402 516 2488 πατρὸς
536 2404 657 2492 ταύτην
680 2399 767 2472 εἶναι
786 2407 846 2470 τοῦ
868 2405 960 2492 υίοῦ,·
991 2404 1049 2492 τήν
1078 2431 1114 2472 τε
1142 2405 1203 2492 γὰρ
1225 2407 1285 2471 τοῦ
1307 2402 1435 2489 πατρὸς

200 2502 375 2587 βασιλείαν
396 2504 580 2592 βασιλείων
605 2501 623 2571 6
644 2504 716 2585 υίὸς
732 2505 788 2572 ἐπὶ
804 2504 862 2573 τόν
884 2503 984 2572 αὐτὸν
1005 2506 1131 2593 θρόνον
1146 2509 1194 2595 τῷ
1209 2509 1314 2594 πατρὶ
1328 2504 1435 2593 κάθη-

200 2627 267 2684 ται,
290 2607 345 2670 καὶ
367 2608 407 2693 τῇ
429 2610 488 2672 τοῦ
510 2607 638 2693 πατρὸς
660 2605 801 2694 θεότητι
813 2606 1046 2693 θεωρούμενος
1067 2606 1150 2687 θεός
1173 2607 1263 2676 έστιν
1287 2603 1305 2675 6
1328 2607 1433 2702 λόγος,

200 2708 275 2771 ικαί
299 2701 317 2771 6
339 2707 473 2792 βλέπων
495 2707 553 2775 τόν
576 2709 647 2775 οἷόν
669 2710 789 2792 βλέπει
809 2707 868 2776 τόν
891 2712 1034 2793 πατέρα,
1064 2711 1117 2775 καὶ
1148 2707 1254 2789 οῦτως
1284 2705 1333 2789 εἷς
1356 2708 1435 2788 θεός

201 2803 301 2873 ἐστιν.
347 2807 382 2875 ἐκ
403 2810 519 2889 δεξιῶν
541 2800 619 2895 γοῦν
641 2809 828 2895 καθήμενος
851 2803 1024 2895 άριστερόν
1047 2804 1084 2876 οῦ
1104 2821 1200 2878 ποιεῖ
1213 2812 1271 2877 τόν
1294 2818 1432 2896 πατέρα,

201 2900 277 2975 ἄλλ’
302 2904 386 2996 ὅπερ
410 2910 479 2978 ἐστὶ
504 2910 612 2991 δεξιόν
634 2914 688 2979 καλ
709 2917 820 2995 τίμιον
843 2910 877 2979 ἓν
898 2915 946 2996 τῷ
970 2915 1088 2998 πατρὶ,
1122 2915 1299 2979 τοῦτοκαὶ
1323 2909 1342 2980 ό
1364 2911 1435 2991 υίός

201 3007 268 3090 ἔχει
287 3012 344 3076 καὶ
366 3011 468 3096 λέγει·
502 3011 615 3078 πάντα
642 3008 706 3079 ὅσα
734 3013 800 3095 ’ίχει
827 3008 847 3079 ό
875 3013 986 3100 πατὴρ
1016 3013 1079 3097 ἐμά
1101 3013 1211 3095 ἐστι’).
1258 3013 1317 3081 διά
1337 3016 1435 3082 τοῦτο

200 3107 262 3193 γὰρ
284 3113 339 3178 καλ
368 3111 561 3198 καθήμενος
585 3113 620 3180 ἐκ
649 3113 765 3193 δεξιῶν
789 3110 808 3180 ό
829 3114 901 3194 υίὸς
924 3113 986 3201 όρᾷ
1007 3114 1064 3181 τὸν
1087 3121 1217 3201 πατέρα
1237 3119 1292 3182 καί
1316 3110 1435 3195 *adrem

201 3207 237 3277 ίκ
260 3211 385 3291 δεξιῶν,
409 3207 469 3299 κᾷν
492 3210 537 3292 ῶς
560 3211 745 3299 ἄνθρωπος
765 3216 939 3302 γενόμενος
954 3219 1045 3303 λέγῃ·
1067 3216 1293 3303 Ι’προωρῶμην
1308 3217 1431 3284 τόνκῦ·

202 3310 276 3396 ριόν
297 3336 362 3397 μου
386 3313 531 3382 ἐνώπιόν
552 3339 617 3399 μου
641 3315 697 3383 διά
718 3319 854 3400 παντός,
879 3315 933 3385 ὅτι
948 3318 982 3384 ἐκ
998 3319 1114 3397 δεξιῶν
1136 3340 1201 3402 μοο
1216 3318 1307 3386 ἐστίν
1322 3319 1435 3406 ἵναμὴ

202 3413 399 3495 σαλευθῶθ).
445 3417 610 3484 δείκνυται
636 3416 698 3504 γὰρ
727 3419 831 3488 πάλιν
860 3423 914 3487 καὶ
944 3419 1106 3504 ἐντούτῳ
1129 3416 1174 3499 ῶς
1196 3417 1311 3499 όοίὸς
1333 3420 1369 3489 έν
1387 3423 1435 3507 τῷ

200 3516 304 3599 πατρὶ
325 3513 384 3581 καὶ
403 3512 444 3582 ¹⁴6
467 3518 577 3604 πατὴρ
600 3519 634 3587 ἒν
655 3523 702 3606 τῷ
725 3522 797 3608 υἱῷ.
836 3522 945 3602 δεξιοῦ
962 3521 1023 3607 γὰρ
1040 3519 1136 3600 ὄντος
1156 3525 1216 3587 τοῦ
1238 3523 1378 3609 πατρὸς,
1402 3522 1436 3590 έν

200 3617 248 3701 τῷ
271 3617 369 3704 δεξιῷ
392 3618 481 3686 ἐστιν
496 3616 515 3686 ό
530 3620 610 3702 υἱός,
634 3625 688 3687 καὶ
711 3627 901 3710 καθημένου
922 3626 982 3689 τοῦ
998 3623 1071 3689 υἱοῦ
1088 3623 1122 3690 ἐκ
1137 3625 1265 3705 δεξιῶν,
1290 3620 1309 3689 6
1325 3624 1434 3711 πατήρ

200 3715 291 3787 ίστιν
314 3718 348 3787 ἒν
367 3723 414 3807 τῷ
437 3723 507 3809 υἱῷ.
553 3721 609 3791 καί
631 3726 744 3810 οἱμὲν
767 3723 901 3811 άγγελοι
922 3727 1130 3793 διακονοῦσιν
1153 3722 1367 3813 άνερχόμενοι
1381 3730 1434 3794 καί

270 3885 479 3972 σκοπαί.
565 3913 591 3973 ε)
616 3914 733 3976 ωηο,
758 3917 783 3966 ι,
876 3915 901 3976 3)
927 3915 1041 3976 εοεαε,
1070 3916 1109 3966 ιι.
1196 3916 1425 3980 4)102n.1,17

200 3974 227 4038 5)
244 3976 311 4027 loen.
332 3978 372 4038 16,
393 3979 431 4028 15.
502 3979 528 4041 6)
547 3980 611 4031 ΡεεΙ.
633 3983 664 4031 16
683 3979 735 4047 [15.
754 3979 844 4050 LXX-l,
863 3984 888 4034 8.

233 4126 254 4160 ο.
274 4112 432 4174 θῆσθεςσετ.
452 4115 581 4176 εῑλορλίε.
610 4118 791 4181 λιβεςβεείλ
842 4119 947 4169 Felckm.
970 4120 991 4168 1.
1027 4119 1102 4168 Paulo
1127 4128 1184 4181 post
1201 4119 1302 4183 Seguer.
1322 4130 1345 4171 εί
1363 4121 1436 4171 Βεείλ

199 4178 346 4230 etfelcum.
366 4181 388 4230 5.
413 4177 460 4229 καὶ
481 4177 580 4248 τοῦιιρ.
618 4185 680 4234 Εδίιί
703 4194 727 4234 ει
751 4188 791 4236 alii
842 4181 1072 4251 πολλάκιςλίγειν.
1103 4188 1180 4236 Celeri
1200 4196 1224 4236 ει
1242 4182 1436 4251 εδίιίπολλάτκ

198 4239 246 4300 καλ
268 4246 358 4298 τοῦτο.
394 4250 469 4300 ΡεοΙο
493 4260 550 4315 post
573 4252 674 4311 Seguer.
698 4255 789 4315 Angue.
841 4250 920 4319 λέγει.
957 4257 1046 4304 Ibidem
1059 4257 1160 4317 Seguer.
1178 4247 1257 4321 ἡμεῖς
1274 4247 1324 4304 οῦκ
1342 4249 1432 4323 ἐσμέν.

200 4314 299 4364 ῦοῑνλει.
318 4325 341 4365 ει
360 4317 464 4369 Felckm.
480 4319 501 4368 1.
520 4309 666 4368 άδόνατον,
701 4323 730 4370 At
749 4322 789 4372 alii
877 4340 897 4372 ι.
917 4324 1022 4372 Felckm.
1042 4322 1064 4371 2.
1090 4338 1144 4372 cum
1163 4325 1235 4372 editis
1252 4316 1354 4376 πάντα.
1390 4326 1433 4376 nii

199 4388 224 4431 et
241 4381 297 4431 edin
317 4377 452 4450 domam
471 4387 594 4436 mendose.
841 4405 926 4441 omnes
940 4393 1003 4440 'mssa
1021 4384 1133 4444 πάντας.

232 4448 257 4498 b.
274 4444 346 4498 κατά
370 4454 439 4504 abest
456 4469 470 4503 ι
488 4455 588 4518 Seguer.
608 4455 787 4510 ῦοδλετὶιοοει
874 4460 897 4509 d.
916 4458 1115 4538 θανατοῦτε
1132 4453 1249 4525 βλέπων.
