2948 5092
452 281 595 325 sersaoni
610 282 629 324 t.
646 282 681 324 se
699 280 894 325 senoniensis.
1226 272 1283 334 731

54 435 155 497 dictus
178 443 234 495 est.
279 433 317 495 Ut
338 433 408 494 item
424 432 515 493 Filius
532 444 584 492 'est
606 431 748 510 sapientia
772 433 942 506 mneritas,
966 434 1010 495 sic
1032 435 1118 495 etiarn
1143 437 1371 517 scriptumnsrs.

54 544 121 610 est,
155 534 298 614 Spiritum
327 553 396 595 esse
419 534 555 612 spiritum
574 533 740 613 sapientiae
763 542 793 594 et
814 535 953 596 veritatis.
998 536 1090 597 Filius
1122 548 1169 599 est
1197 539 1285 601 etiam

53 637 154 699 virtus
178 636 231 696 [lei
253 643 283 697 et
303 636 441 697 deminus
464 635 585 714 gloriae.
630 635 773 696 Similiter
794 623 925 714 Spiritus
949 638 1055 699 dicitur
1079 640 1200 719 spiritus
1225 642 1284 702 vir·
1294 652 1370 697 non.

53 738 130 800 tutis
159 746 189 798 et
217 737 339 816 spiritus
369 737 495 816 gloriae,
530 737 566 796 de
603 736 709 815 quibus
741 736 864 815 singulis
895 738 939 798 sic
965 738 1096 817 loquitur
1124 741 1285 820 Scriptura,

53 856 167 918 nempe
189 838 239 898 ubi
261 838 369 900 Paulus
393 838 428 898 ad
452 837 621 898 Corinthios
643 838 759 900 scribit:
794 839 829 900 Si
849 844 927 901 enim
949 846 1172 921 capneeissent,
1205 863 1287 905 nnn-
1347 880 1349 885 -

53 959 149 1022 mam
170 940 332 1002 Dominum
353 940 470 1019 pieriae
494 939 728 1019 crucifixissent.
772 940 809 1000 Et
831 940 915 1001 alibi:
939 941 1008 1004 Non
1031 947 1108 1003 enim
1131 948 1286 1024 accepistis

53 1045 202 1122 spiritum
225 1045 383 1103 servitutis
405 1045 516 1103 iterum
538 1047 569 1103 in
592 1046 742 1112 timorem,
774 1044 825 1104 sed
852 1047 1009 1122 accepistis
1032 1042 1184 1124 Spiritum
1212 1046 1287 1107 ade-

29 1146 38 1173 *
49 1145 184 1224 ptienis.
228 1142 264 1202 Et
286 1143 408 1203 iterum:
439 1141 522 1203 Misit
542 1141 625 1202 Dens
648 1141 797 1222 Spiritum
821 1143 893 1203 Filii
919 1150 970 1206 sni
994 1150 1027 1207 in
1059 1148 1151 1207 corde
1185 1159 1287 1207 vestra

55 1243 255 1327 eiectantem:
279 1244 360 1305 ibba
378 1254 480 1323 pater.
524 1243 630 1304 Petrus
652 1243 722 1304 item
739 1243 856 1306 scribit:
880 1244 917 1305 Si
938 1247 1168 1325 exprobramini
1181 1252 1214 1308 in
1229 1266 1287 1310 ne-

52 1350 138 1408 scies
161 1345 283 1417 Cbristi,
308 1345 393 1416 beati,
417 1347 557 1426 queniam
579 1344 695 1424 pieriae
717 1357 745 1409 et
767 1349 891 1407 uirtutis
913 1358 945 1424 et
958 1346 1016 1408 Dei
1035 1346 1171 1426 Spiritus
1194 1366 1288 1428 super

53 1463 113 1508 ees
136 1449 295 1526 requievit.
337 1445 422 1524 lpse·
436 1453 535 1506 autem
557 1445 699 1506 Dominus
722 1446 864 1525 Spiritum
893 1431 923 1508 et
944 1447 1075 1508 veritatis
1099 1447 1235 1527 spiritum
1258 1455 1288 1510 et

51 1546 239 1627 paracletum
269 1565 337 1607 esse
365 1555 466 1624 aperte
494 1554 628 1608 testatur.
679 1546 722 1607 Ex
750 1547 858 1626 quibus
885 1556 966 1627 patet
993 1551 1154 1628 perfectam
1184 1551 1213 1610 in
1236 1549 1286 1610 ille

53 1665 130 1710 esse
150 1647 333 1709 Trinitatem.
378 1648 411 1708 ln
441 1647 489 1707 illo
519 1648 617 1727 itaque
641 1648 768 1710 Verbum
797 1667 845 1710 res
875 1660 989 1711 creatas
1020 1650 1163 1729 glorificat
1184 1651 1285 1711 bomi-

52 1767 170 1828 nesque
192 1748 266 1810 deos
289 1756 319 1810 et
340 1747 425 1808 [ilios
440 1749 570 1811 efficiens
592 1749 671 1812 Patri
693 1751 819 1811 adducit.
863 1750 949 1829 Atqui
972 1751 1014 1824 is,
1046 1751 1095 1830 qui
1127 1769 1177 1812 res
1201 1766 1286 1812 crea-

52 1858 102 1913 tas
126 1868 193 1919 cum
215 1849 312 1910 Verbo
335 1850 496 1929 coniungit,
520 1852 586 1931 ipse
608 1859 689 1913 certe
711 1871 760 1913 res
783 1859 879 1914 creata
902 1871 971 1914 esse
993 1870 1054 1913 non
1072 1861 1182 1932 potest.
1229 1852 1287 1925 Qui

51 1951 131 2014 item
151 1970 201 2012 res
225 1959 337 2013 creatas
359 1951 436 2012 lilios
459 1953 563 2026 efficit,
592 1972 666 2026 non¹
684 1961 786 2033 potest
807 1973 823 2015 a
845 1953 920 2014 Filio
944 1953 1057 2015 alienus
1081 1972 1159 2015 esse.
1198 1952 1287 2014 Alio·

52 2049 240 2132 quinalium
263 2053 399 2132 spiritum
421 2072 564 2133 quaerere
586 2074 710 2119 necesse
734 2064 823 2128 esset,
847 2064 877 2116 ut
900 2055 955 2116 iste
977 2055 1009 2116 in
1030 2055 1081 2116 illo
1104 2074 1170 2116 cum
1189 2054 1286 2117 Verbo
1367 2126 1368 2130 η

52 2151 197 2233 coniungi
218 2164 331 2234 posset.
378 2156 485 2216 Verum
514 2156 544 2217 id
572 2156 787 2236 perabsurdum
817 2164 871 2217 est.
917 2156 1107 2236 Quapropter
1136 2157 1286 2217 latendum
1346 2188 1352 2202 ν

53 2263 113 2328 est,
137 2273 199 2316 non
222 2275 257 2317 ex
279 2256 368 2330 rebus
391 2258 477 2318 iactis
500 2276 567 2319 esse
590 2258 742 2336 Spiritum,
766 2258 819 2318 sed
843 2256 1002 2319 divinitatis
1020 2257 1115 2319 Patris
1131 2258 1287 2337 proprium

53 2375 143 2430 esse,
173 2357 203 2417 in
234 2377 293 2436 quo
316 2367 352 2436 ,et
379 2360 477 2438 ipsum
501 2359 628 2421 Verbum
658 2378 709 2430 res
731 2361 822 2420 lactas
845 2358 960 2420 divinae
982 2367 1106 2420 naturae
1127 2368 1286 2420 consortes

52 2458 164 2521 reddit.
208 2459 295 2538 Atqui
316 2461 360 2534 is,
392 2461 423 2520 in
445 2480 504 2540 que
527 2471 631 2522 natura
653 2457 754 2523 creati
772 2460 932 2522 divinitatis
955 2461 988 2520 bt
1008 2459 1175 2538 particeps,
1205 2469 1287 2521 extra

17 2634 21 2639 ⁵
51 2559 153 2621 Patris
175 2558 353 2624 divinitatem
375 2563 440 2642 ipse
464 2582 531 2625 esse
554 2581 615 2624 non
636 2570 747 2643 potest.

143 2662 195 2725 26.
239 2660 377 2724 Ceterum
399 2683 434 2725 ex
456 2664 503 2725 bis
527 2683 645 2744 quoque
665 2666 819 2745 percipere
834 2663 913 2736 licet,
937 2661 1078 2742 Spiritum
1095 2661 1185 2721 rebus
1201 2680 1286 2738 oreae

53 2760 94 2823 tis
118 2762 305 2840 superiorem
332 2763 480 2843 aliumque
509 2784 525 2826 a
553 2766 642 2827 rebus
670 2765 755 2827 iactis
784 2783 863 2825 esse.
908 2764 1021 2841 Nempe
1043 2761 1234 2822 immutabilis
1258 2770 1288 2823 et

52 2862 206 2925 varietatis
229 2882 335 2943 expers
358 2874 406 2927 est
428 2866 557 2946 Spiritus
581 2875 717 2929 sanctus:
741 2867 877 2949 Spiritus
901 2875 1042 2935 sanctus,
1066 2863 1170 2941 inquit,
1195 2865 1287 2924 disci-

50 2964 160 3047 pliuae
181 2967 278 3044 supiet
300 2967 418 3042 dolum,
449 2977 477 3029 et
504 2970 625 3047 auferet
647 2987 678 3030 ss
700 2987 718 3029 e
741 2968 989 3047 capitationibus,
1018 2983 1094 3046 puae
1122 2975 1195 3027 sunt
1224 2971 1288 3026 sins

53 3064 223 3129 intellectu.
267 3067 305 3127 Et
326 3067 431 3129 Petrus
455 3068 510 3128 ait:
533 3069 571 3130 ln
593 3070 883 3150 incorruptibilitate
906 3072 1000 3148 puieti
1020 3077 1049 3128 et
1070 3069 1199 3128 modesti
1218 3066 1289 3147 Spi-

54 3173 150 3231 ritus.
194 3167 232 3229 Et
254 3167 361 3229 iterum
383 3169 413 3229 in
437 3169 586 3248 Sapientia
607 3170 731 3248 legitur:
758 3168 838 3231 Tuus
861 3173 939 3231 enim
960 3173 1161 3246 incorruptus
1185 3168 1289 3247 Spiri-

56 3281 108 3332 tus
131 3274 230 3330 estin
252 3270 401 3332 omnibus.
446 3271 519 3331 ltem
542 3272 568 3332 si
590 3271 683 3333 Nemo
708 3275 846 3351 cepnouit
868 3290 942 3351 puae
965 3280 1039 3332 sunt
1053 3268 1118 3340 Dei,
1140 3273 1204 3330 nisi
1216 3269 1289 3350 Spi-

56 3374 141 3432 ritus
163 3370 228 3440 Dei,
252 3376 305 3451 pui
325 3383 370 3432 est
394 3377 426 3434 in
449 3376 525 3451 s'pse,
550 3391 611 3433 non
634 3382 680 3433 est
701 3381 798 3433 autem
821 3372 898 3450 apud
913 3371 1017 3443 Deum,
1040 3379 1073 3431 ut
1094 3371 1182 3431 docet
1202 3369 1288 3431 laco-

55 3471 132 3545 bus,
171 3469 396 3534 Transmutatie
431 3492 483 3535 nec
516 3476 732 3539 vicissitudinis
769 3475 974 3536 obumbratio:
1016 3474 1079 3533 iure
1112 3491 1147 3533 ac
1179 3472 1286 3533 merito

55 3617 195 3673 ποιῶνδέ
213 3633 258 3674 etc.
295 3625 383 3674 ibidem
403 3641 447 3689 pre
466 3619 605 3673 συνάπτον
623 3628 647 3677 io
698 3628 770 3677 basil.
789 3627 1023 3678 Gebl.'etFelelrm.
1046 3625 1066 3676 l.
1092 3634 1117 3674 ot
1141 3627 1288 3675 etGrseeus
1322 3614 1332 3621 ”

55 3695 148 3755 Anglic.
168 3693 224 3753 lleg.
246 3694 267 3741 l.
286 3693 425 3743 teletae.
445 3702 469 3742 et
488 3695 568 3743 Otteb.
588 3696 648 3756 legi·
698 3696 837 3759 Scriptores
863 3704 940 3743 textus
965 3695 1054 3744 babent
1071 3687 1204 3744 παιδείας.
1240 3694 1285 3742 stit

56 3770 95 3811 ter
115 3752 290 3816 συνδοξάζον.
327 3763 382 3823 lter.
396 3762 421 3810 2.
441 3763 556 3812 mendose
575 3763 648 3812 bibet
698 3772 723 3812 et
740 3764 797 3813 editi
815 3757 926 3827 sepiae.

56 3822 260 3957 evfoggibpvet
269 3896 349 3945 Otteb.
367 3889 397 3944 ἔν
410 3894 518 3962 χριστῷ
536 3890 645 3961 συνάψῃ
699 3864 755 3979 edire}
768 3861 1245 3994 Anni?i‘giiirlssriiisti[neglegi‹Jupitpp‘ilfh{ilitio}¹
1258 3868 1289 3977 :b

56 3978 95 4029 τῳ
114 3964 181 4028 'm'
218 3963 269 4012 ⁵¹⁰¹
292 3967 648 4028 wstmwmmnssh
699 3999 752 4047 eliis
771 4007 794 4046 et
812 4000 912 4058 Segner.
932 3999 1108 4060 rescripturus
1124 4006 1186 4046 textu
1205 3997 1287 4058 abest;

55 4024 375 4165 {ppplppwqiupp'edpiwi'p
392 4032 648 4164 ἓὶινΐΐῃὴιέεὲειεεινῗιῗρξ.
699 4082 767 4131 sequ.
786 4057 869 4113 πάλιν
887 4067 955 4115 deest
973 4067 995 4114 in
1007 4066 1104 4115 Gebler.
1116 4073 1139 4113 et
1152 4064 1255 4113 Felclam.
1266 4065 1287 4113 l.

56 4171 88 4219 tis
115 4169 204 4218 desunt
232 4172 256 4218 in
281 4168 355 4230 Regio
375 4168 439 4231 22et
459 4168 562 4216 t'etctm.
582 4166 605 4216 2.
624 4176 649 4218 et
733 4183 754 4229 p.
775 4168 815 4217 Sic
833 4167 922 4229 liepl.
942 4166 1041 4227 Seguer.
1061 4164 1129 4215 Gobl.
1150 4164 1288 4213 etFeleltm.

55 4237 142 4286 editis:
170 4229 200 4283 ἰν
225 4250 246 4301 ῳ
272 4229 306 4282 τὰ
328 4230 428 4299 γενητὰ
453 4229 647 4300 ὁλόγοςθεο·
701 4235 722 4284 t.
759 4235 802 4284 dlii
822 4251 877 4285 iero
897 4236 994 4284 etediti
1014 4226 1175 4282 eiomittnnt.
1213 4232 1287 4280 Paule

55 4303 136 4353 ποιεῖ.
699 4310 755 4367 pest
773 4319 817 4367 pre
835 4301 1046 4367 spensirSeguer.
1060 4302 1131 4350 babet
1141 4297 1287 4367 τροπικῶς.

89 4389 110 4422 e
130 4373 171 4421 Sic
189 4372 246 4433 Reg.
260 4372 281 4420 l.
301 4373 400 4433 Segusa.
419 4372 492 4423 [iasii.
513 4371 610 4422 Gobler.
623 4379 647 4421 st
699 4371 779 4420 Otteb.
798 4369 963 4437 προτροπῆς.
1001 4370 1052 4418 ilex
1071 4370 1126 4430 lleg.
1141 4369 1161 4417 l.
1181 4378 1204 4416 et
1216 4371 1288 4429 Segn.

53 4440 196 4491 Felclrn.l.
232 4440 352 4489 titiano
370 4447 393 4488 et
411 4441 467 4488 editi
487 4432 515 4487 iu
533 4432 647 4489 τούτων.
699 4448 755 4503 post
779 4433 808 4487 lu
826 4437 865 4503 spi
883 4436 940 4502 beni
959 4437 1071 4502 omittunt
1089 4437 1194 4493 τοίνυν,
1223 4435 1289 4501 qued

53 4508 131 4560 Paulo
148 4515 207 4573 post
224 4508 298 4557 iidem
316 4521 374 4557 mss.
393 4508 450 4570 ling.
465 4507 486 4557 l.
504 4508 645 4570 Segnsrisn.
698 4508 722 4557 iit
740 4507 796 4558 eliis
814 4515 838 4558 et
856 4507 926 4558 editis
944 4507 1040 4569 legitur.
