2934 5078
588 238 760 287 staurano.
1245 232 1288 299 ιι

60 396 144 475 pean
162 410 305 457 seucum
330 392 431 457 mobis
446 391 612 455 audaciter
633 395 723 455 iusto
743 398 884 456 nostram
913 399 1126 459 eamcimtiaro
1146 400 1291 463 oradica-

61 516 112 571 au,
128 500 169 559 aa
182 504 360 579 quamtum
384 493 422 557 de
435 511 471 556 eo
488 490 574 575 taque·
589 496 733 574 pertinet,
755 505 945 559 venustatem
958 496 1152 569 rhetoricam,
1173 500 1289 579 sarum-

61 601 106 661 ἡ
120 600 392 681 umqueutiam
414 604 590 676 imumque
609 599 760 659 sermonis
778 595 893 677 procul
905 596 1008 661 abesae
1021 598 1200 679 simpliciter
1214 620 1289 665 coo-

60 701 163 779 pto-er.
209 696 332 761 Studia·
354 699 468 779 quippe
489 699 594 759 nostri
610 696 683 777 suit,
707 696 742 759 de
756 701 923 779 seripturis
937 704 1052 763 saartie
1068 701 1312 767 deitermtibue.

60 800 285 882 umatum
311 816 396 881 quae
416 802 645 879 scriptarum,
668 808 697 860 et
718 802 901 877 imperitiam
926 818 1158 882 mensuramque
1185 804 1290 864 nostri

62 920 103 963 uu
118 908 275 983 iyuerm
311 901 479 964 sermonis.
529 896 592 961 vid.
620 898 793 979 Hieronymi
814 900 891 981 Opp.
913 900 960 962 ed.
983 900 1105 963 vallars.
1138 901 1226 963 Tam.
1248 900 1286 965 ll.

62 1006 159 1083 proc
183 1012 219 1067 et
245 1002 329 1067 tos.
374 1000 411 1063 lo
432 998 517 1062 libris
538 999 739 1079 ablinqarcllo
761 1001 885 1063 detectis
907 1001 985 1063 baud
1006 1002 1069 1064 scio
1090 1020 1128 1064 oo
1151 1003 1186 1064 ad
1209 1002 1287 1065 banc

62 1104 241 1169 msam
264 1100 468 1165 referendum
489 1100 540 1175 sit,
561 1101 640 1180 quod
663 1099 803 1181 Didymus
825 1102 925 1163 multis
946 1102 1039 1164 utitur
1060 1102 1182 1165 vocibus
1196 1102 1283 1165 noris

62 1202 387 1287 impositionibus
420 1188 580 1265 r'erborum
611 1200 777 1277 inusitatis,
819 1222 896 1283 quae
928 1211 1008 1265 certe
1030 1202 1060 1264 iu
1092 1201 1282 1283 politioribus

61 1308 145 1371 marti
171 1306 286 1387 quarti
315 1302 519 1383 scriptoribus
548 1305 658 1365 trustra
686 1312 869 1381 quaeruntur
897 1314 928 1365 et
954 1303 1062 1382 partim
1094 1302 1282 1366 insolentiam

62 1408 255 1471 comitatem
281 1405 437 1467 sermonis
458 1403 656 1484 Areopagitici
675 1404 822 1466 redolent.
864 1403 1022 1467 Praeterea
1042 1404 1156 1483 passim
1177 1404 1283 1485 perio·

62 1506 98 1569 ts
120 1510 237 1571 format
269 1506 481 1571 membrorum
512 1505 649 1585 congerie
673 1506 829 1587 perplexas
858 1514 888 1567 et
916 1513 1088 1579 tortuosas,
1115 1504 1283 1567 cuiusmodi

61 1607 333 1689 atplibeationibus
355 1605 493 1668 molestis
509 1605 768 1686 etinoleqontibus
789 1607 892 1669 itidem
913 1607 1022 1687 scripte
1039 1604 1173 1685 Dionysii
1186 1605 1283 1668 Areo·
1314 1646 1328 1675 ,

61 1710 150 1787 peltae
171 1710 297 1773 referta
313 1724 387 1768 esse
408 1715 521 1769 ooruut
541 1725 644 1771 omues
659 1707 709 1787 qui
724 1726 758 1770 ca
773 1708 943 1786 attigerunt
986 1706 1046 1771 Sed
1068 1705 1194 1787 insignis
1210 1706 1285 1769 baec

61 1812 183 1875 uotonis
212 1810 339 1883 torma,
367 1825 443 1887 quae
470 1807 583 1887 aliquot
608 1808 683 1871 locis
710 1809 909 1889 conspicitur,
941 1808 1154 1871 dubitationem
1182 1814 1285 1887 potest

60 1909 139 1975 lectori
158 1913 294 1983 anone,
317 1926 357 1972 an
379 1908 445 1970 iure
466 1928 482 1970 a
504 1908 644 1973 tratribus
665 1910 844 1990 liogarellis
866 1928 943 1990 opus
956 1910 1081 1991 Didymo
1104 1909 1282 1973 uindicatum

59 2010 92 2083 it,
108 2013 221 2094 quippe
245 2011 282 2073 in
305 2028 364 2089 qua
386 2027 476 2071 nemo
498 2010 582 2072 lacile
603 2011 832 2090 deprehenderit
845 2010 924 2074 illam
940 2012 1052 2093 eloquii
1068 2022 1284 2093 paupertatem

60 2112 90 2173 rel
107 2117 267 2175 smair
292 2114 493 2191 imperitiam,
522 2112 558 2174 de
580 2130 637 2191 qua
659 2112 801 2192 Didymus
824 2132 858 2174 se
881 2113 912 2174 in
934 2112 1027 2175 altero
1057 2111 1203 2193 opusculo
1226 2130 1281 2173 ex-
1344 2160 1347 2165 .

61 2223 176 2275 mestum
208 2211 322 2273 noluit.
365 2210 408 2272 dc
433 2206 568 2290 proiecto
596 2220 658 2287 est,
689 2216 768 2292 quod
797 2214 895 2277 denuo
923 2214 1071 2277 curiosius
1099 2213 1284 2293 disquiratur

60 2310 259 2375 deautbentia
284 2312 387 2391 operis
414 2310 511 2390 deque
538 2312 705 2376 eruditione
732 2316 880 2389 auctoris,
908 2334 983 2394 quae
1005 2322 1038 2377 ut
1064 2314 1210 2376 remotior
1235 2322 1284 2376 est

59 2411 319 2475 aecclesiastica
351 2412 463 2475 ssomdi
493 2413 589 2492 quarti
622 2415 852 2489 connsuetudioe,
884 2415 924 2477 ito
952 2414 1077 2495 propius
1105 2414 1218 2477 accedit
1245 2412 1282 2477 ad

59 2514 137 2577 todia
159 2512 394 2576 Platonicorum
416 2520 654 2593 postremorum,
682 2534 773 2594 quum
801 2524 904 2578 contra
926 2516 963 2579 ab
984 2516 1166 2596 Hieronymo
1189 2512 1280 2595 Didy-

60 2630 112 2675 nos
131 2613 332 2694 praedicetur
353 2613 551 2693 apostolicum
580 2621 681 2677 uirum
702 2635 741 2678 eo
762 2620 829 2697 ipso
856 2636 995 2681 sermone
1023 2620 1197 2698 exprimens
1220 2627 1283 2678 tam

58 2732 189 2777 mesum
213 2714 332 2775 iumine
353 2713 402 2787 (al.
417 2719 549 2791 romine)
572 2736 660 2797 quam
681 2716 872 2797 simplicitate
893 2721 1069 2782 uerborum.
1112 2716 1189 2777 Num
1211 2734 1281 2776 vero

60 2826 225 2895 propterea,
250 2823 285 2875 ut
306 2814 342 2874 ad
365 2832 472 2875 novom
496 2815 733 2895 disquisitionem
756 2816 813 2878 viri
835 2817 913 2879 docti
941 2818 1121 2888 excitentur,
1151 2834 1227 2894 opus
1248 2814 1280 2877 iu

59 2914 139 2977 breem
162 2914 320 2996 publicant
336 2916 531 2977 revocandum
550 2917 599 2989 sit,
622 2918 687 2979 aliis
703 2918 923 2978 diiudicandum
946 2918 1092 2997 relinquo.
1136 2915 1280 2996 Equidem

59 3018 119 3077 sos
140 3017 245 3079 babeo
270 3014 471 3094 significasse,
500 3036 553 3079 cur
573 3017 687 3098 Didymi
715 3018 825 3097 scripta
847 3019 1009 3081 secundum
1040 3016 1183 3090 rationes,
1206 3036 1280 3096 quas

60 3116 227 3180 indelectu
259 3116 444 3177 instituendo
474 3135 598 3196 sequor,
627 3119 664 3180 ad
693 3119 860 3182 institutum
890 3120 979 3181 buius
1001 3119 1197 3182 bibliothecae
1220 3136 1280 3181 noo

9 3222 11 3249 ¹
59 3220 228 3295 pertincant.
274 3216 433 3298 Epipbaoii
453 3219 641 3293 Ancoratum,
664 3229 807 3299 utsupra
830 3221 1008 3294 memorari,
1032 3220 1195 3282 Cardinalis
1217 3219 1279 3283 tos.

59 3318 119 3381 liar.
140 3317 302 3381 Tommasi
323 3317 444 3397 dignum
466 3318 620 3393 iudicarit,
651 3340 740 3399 quem
772 3340 843 3400 prae
864 3320 930 3382 aliis
964 3322 1136 3401 dogmaticis
1170 3323 1280 3384 veteris

59 3421 191 3483 ecclesiae
225 3420 430 3481 monumentis
462 3420 491 3480 in
527 3439 596 3483 suas
629 3421 841 3485 destitutiones
874 3423 1054 3501 tbeolaqieas
1086 3429 1281 3503 antiquorum

58 3534 175 3600 patrum
196 3524 285 3594 (tom.
301 3519 351 3580 111.
366 3537 397 3598 p.
414 3523 445 3583 4.
460 3528 518 3599 sq.)
535 3522 717 3583 transferret.
761 3522 794 3584 ln
816 3540 875 3602 quo
891 3524 935 3583 vir
957 3525 1088 3585 eruditus
1110 3524 1140 3585 id
1155 3526 1281 3588 maxime

61 3622 218 3700 respexisse
252 3620 386 3694 ridetur,
418 3620 499 3698 qood
520 3620 702 3700 Epiphanius
730 3623 762 3683 io
783 3624 930 3684 Ancorato
959 3643 1018 3685 non
1048 3624 1145 3687 solum
1173 3626 1279 3704 dogma

62 3720 93 3783 de
112 3724 243 3785 trinitate
259 3721 398 3801 explicat,
423 3721 475 3782 sed
492 3721 658 3783 universam
681 3723 750 3784 fidei
772 3723 935 3785 doctrinam
951 3724 998 3784 rel
1020 3734 1100 3786 certe
1122 3727 1278 3805 praecipua

63 3822 117 3885 eius
137 3826 242 3905 capita,
264 3820 518 3902 quemadmodum
540 3822 598 3885 illis
625 3822 810 3902 temporibus
834 3824 863 3885 in
886 3824 1009 3886 ecclesia
1038 3825 1180 3887 catholica
1204 3826 1278 3888 tradi

64 3924 184 3987 solebant
204 3934 235 3987 et
262 3922 428 3994 inculcari,
458 3941 493 3983 ex
521 3923 686 3986 divinarum
714 3925 877 3987 litterarum
906 3926 1080 3988 auctoritate
1110 3927 1230 4007 exponit
1251 3938 1280 3989 el

64 4036 150 4089 eontra
180 4027 357 4089 haereticos
390 4023 556 4086 confirmat.
608 4026 682 4087 Nam
715 4026 794 4088 inter
822 4027 931 4106 scripta
965 4027 1128 4106 dogmatica
1160 4036 1279 4107 patrum

65 4142 214 4201 peccorum
238 4125 440 4191 saeculorum
462 4127 558 4204 quarti
574 4136 604 4187 et
618 4127 823 4206 quinti—quod
839 4146 893 4207 ego
915 4126 1138 4201 sciam,'nullus
1162 4137 1280 4207 praeter

65 4223 246 4295 dementat
276 4217 438 4291 eiusmodi
460 4235 617 4301 tractatus,
645 4229 695 4306 qui
723 4247 869 4290 summam
891 4229 960 4291 fidei
988 4230 1122 4310 publicae
1143 4228 1279 4289 exhibeat

65 4324 95 4387 ib
110 4343 138 4394 ut
155 4354 212 4398 uno
237 4342 356 4397 tenore
380 4327 555 4402 doceamur,
584 4328 759 4407 quibusnam
783 4348 819 4390 ex
844 4329 978 4408 partibus
1007 4333 1069 4392 sire
1091 4328 1220 4392 articulis
1243 4345 1278 4389 ea

65 4438 199 4512 oopooo
234 4432 357 4503 tuerit,
393 4426 502 4506 quibus
532 4429 669 4492 lormulis
691 4430 746 4492 riri
777 4430 969 4493 ecclesiastici
992 4434 1038 4492 usi
1061 4432 1137 4500 sint,
1170 4428 1278 4505 quibus
