2948 5092
406 220 414 230 ·
473 186 638 253 'mussona
651 207 688 250 an
703 205 881 252 nrrcnsnms.
1226 195 1287 261 837

47 366 123 424 est.
168 358 241 421 Gom
263 357 352 437 igitur
373 342 481 419 dictum
505 356 575 417 illud
598 374 632 419 ea
654 356 694 419 sit
714 356 944 436 significatione,
973 360 1080 422 merito
1108 379 1177 425 sess
1199 379 1374 424 coar-esu.

56 470 156 543 guent
176 461 353 539 quicumque
376 459 554 532 existimant,
577 465 645 521 ante
665 458 786 521 llariam
808 459 903 522 tuisse
925 479 1044 524 carnem
1066 481 1100 524 ex
1117 481 1151 524 ea
1167 480 1287 525 assum·

57 574 126 627 tam
148 572 177 625 et
197 569 266 623 ante
287 562 383 639 ipsam
406 560 526 622 Mariam
541 560 670 622 Verbum
691 560 849 623 humanam
863 560 1005 624 habuisse
1026 563 1162 637 animam,
1186 563 1217 624 in
1232 581 1291 643 qua

55 674 133 728 ante
152 682 241 726 snum
263 663 419 724 adventum
442 680 561 741 semper
582 660 737 723 exstiterit.
782 661 918 724 Silebunt
932 663 1020 725 etiam
1041 665 1091 744 qui
1107 665 1209 727 hcuut
1223 682 1290 726 car·

54 783 215 830 memnon
239 782 307 825 esse
329 763 435 824 mortis
457 781 604 843 capacem,
627 762 682 824 sed
702 762 876 824 immortalis
899 782 968 826 esse
985 774 1118 829 naturae.
1164 766 1196 827 Si
1211 765 1293 827 enim

53 874 199 930 mortuus
220 883 282 948 non
304 873 361 937 est,
383 864 534 944 quomodo
555 863 664 926 Paulus
687 863 848 926 Corinthiis
871 866 991 927 tradidit
1011 868 1091 947 quod
1113 876 1142 929 et
1160 847 1316 947 accepite«

59 967 219 1042 Quoniam
248 965 388 1028 Christus
416 978 557 1030 mortuus
581 974 626 1028 est
645 969 856 1046 propeccatis
878 972 995 1030 nestris
1018 970 1182 1031 secundum
1203 967 1293 1032 sers-

50 1065 197 1153 pterea?
240 1067 369 1144 hutqut
392 1061 949 1139 taudemresurrexerit,.simortuus
972 1067 1128 1131 nonest?
1167 1069 1292 1130 Multum
1382 1108 1389 1119 ,

57 1179 163 1234 autem
185 1167 372 1241 erubescent,
396 1168 445 1246 qui
467 1168 514 1228 rel
536 1168 629 1229 semel
651 1166 844 1246 cogitaverint
865 1186 958 1246 posse
979 1186 1035 1248 pro
1059 1169 1205 1232 Trinitate
1226 1167 1293 1231 lieri

58 1271 301 1351 quaternitatem,
327 1270 352 1330 si
375 1287 484 1349 corpus
508 1287 543 1330 ex
565 1268 655 1329 blaria
677 1286 744 1331 esse
767 1268 890 1330 dicatur.
936 1270 1030 1344 „Nam
1049 1272 1085 1345 si,
1107 1271 1198 1345 aiunt,
1221 1288 1291 1332 cor-
1391 1255 1395 1266 ’

56 1390 148 1451 „pus
169 1371 266 1432 Verbo
289 1369 539 1446 consubstantiale
562 1370 705 1444 dicamus,
728 1369 859 1451 Trinitas
881 1382 981 1433 manet
1002 1371 1143 1446 Trinitas,
1164 1370 1237 1432 nihil
1261 1368 1293 1432 in

59 1474 189 1553 „ipsam
217 1480 389 1535 extraneum
419 1473 577 1533 inducente
599 1471 712 1546 Verb03
741 1471 789 1532 sin
818 1490 927 1550 corpus
955 1474 1117 1535 humanum
1145 1492 1182 1534 ex
1201 1471 1304 1534 blaria-

57 1573 221 1653 ‚,genitum
244 1574 392 1647 dicamus,
422 1592 546 1636 necesse
578 1581 625 1635 cst
653 1579 687 1635 ut
707 1591 772 1634 cum
795 1591 904 1652 corpus
927 1573 967 1635 sit
987 1583 1158 1637 extraneum
1181 1591 1301 1635 secum·

62 1675 166 1752 „dum
193 1675 387 1737 substantiam
417 1687 445 1736 et
472 1675 503 1734 iu
531 1675 597 1753 ipso
626 1674 666 1737 sit
686 1674 831 1748 Verbum,
860 1676 1042 1754 quaternitas
1069 1695 1125 1756 pro
1148 1674 1297 1737 Trinitate

57 1785 216 1858 „propter
238 1777 373 1856 corporis
397 1777 600 1839 accessionem
622 1775 797 1838 efficiatur.“
1324 1786 1326 1793 ’

150 2082 183 2143 9.
226 2080 306 2141 Haec
327 2098 393 2140 cum
415 2081 456 2141 ita
477 2079 659 2158 loquuntur,
682 2096 743 2139 non
767 2079 897 2157 cogitant
919 2098 977 2159 quo
999 2089 1086 2159 pacto
1102 2097 1212 2150 secum
1234 2075 1295 2157 ipsi
1347 2073 1350 2081 '

58 2190 207 2264 pugnent.
248 2180 367 2242 Etenim
388 2181 456 2242 licet
478 2200 514 2242 ex
535 2180 627 2241 blaria
648 2197 759 2258 corpus
783 2198 850 2248 esse
871 2181 1017 2258 negarint,
1040 2181 1094 2242 sed
1115 2181 1174 2260 ipsi
1195 2178 1294 2240 Verbo

60 2282 319 2349 consubstantiale
341 2283 483 2358 dixerint3
506 2281 700 2343 nihilominus
723 2279 804 2356 (licet
818 2281 876 2360 ipsi
893 2281 1090 2355 dissimulent,
1113 2300 1151 2342 ne
1165 2281 1206 2341 ita
1222 2298 1298 2342 sen-

61 2389 124 2449 tire
146 2384 366 2459 existimentur)
390 2403 425 2444 eo
448 2383 516 2462 ipso
540 2383 618 2442 iuxta
641 2399 745 2444 eorum
768 2390 898 2443 mentem
920 2383 1148 2461 quaternitatem
1163 2381 1230 2442 illos
1246 2379 1294 2442 di·

61 2505 135 2550 cere
164 2485 427 2548 demonstrabitur.
477 2482 733 2555 Quemadmodum
761 2482 840 2544 enim
868 2482 960 2544 Filius
988 2483 1069 2544 iuxta
1096 2483 1218 2544 Patrum
1232 2481 1296 2542 do·
1358 2542 1363 2550 ,

62 2588 208 2659 utrinam
236 2587 370 2665 quamvis
394 2584 434 2645 sit
454 2584 534 2645 Patri
557 2583 836 2656 consubstantialis,
864 2602 924 2644 non
954 2593 1001 2646 est
1023 2583 1211 2663 ipsePater,
1241 2579 1298 2644 sed

61 2689 160 2752 Filius
181 2687 261 2749 Patri
284 2687 392 2746 dicitur
415 2683 697 2758 consubstantialis,
725 2684 770 2747 sic
791 2703 901 2764 corpus
923 2684 1020 2745 Verbo
1043 2681 1381 2751 consubstantialerscs.

62 2808 129 2853 nou
151 2797 198 2850 est
219 2788 318 2867 ipsum
343 2785 486 2858 Verbum,
515 2787 568 2846 sed
591 2785 671 2848 aliud
693 2805 710 2848 a
732 2785 831 2847 Verbo
854 2786 1041 2858 distinctum3
1070 2803 1195 2864 cumque
1218 2783 1299 2846 aliutl

33 2884 37 2895 ’
63 2893 118 2964 sit,
141 2890 270 2951 Trinitas
302 2907 337 2948 er
359 2888 493 2966 ipsorum
517 2888 663 2949 sententia
685 2888 869 2966 quaternitas
893 2887 959 2948 erit.
1003 2887 1104 2966 Neque
1127 2886 1299 2949 enimvero

62 3011 102 3054 ac
122 3010 192 3053 vere
214 2992 343 3070 perlecta
365 2997 394 3049 et
415 2989 604 3049 indivisibilis
628 2985 759 3050 Trinitas
785 2989 986 3051 accessionem
1009 2988 1152 3061 admittit,
1176 2986 1230 3049 sed
1249 2985 1300 3048 illa
1320 2995 1324 3002 '

64 3095 225 3165 duntaxat,
254 3109 341 3169 quam
363 3090 420 3169 ipsi
444 3091 603 3151 commenti
626 3098 705 3151 sunt.
750 3089 788 3150 Et
815 3095 866 3170 qut
894 3089 999 3150 amabo
1029 3088 1188 3150 Christiani
1217 3094 1299 3161 suut,
1336 3101 1339 3111 ⁴

64 3195 119 3274 qui
140 3181 229 3255 alium
250 3193 344 3253 Deum
366 3199 485 3270 praeter
501 3209 579 3263 eum,
602 3190 653 3269 qui
666 3208 770 3252 revera
786 3200 841 3263 est,
864 3187 1150 3252 comminiscuntur?
1186 3189 1299 3250 lterum

64 3297 99 3357 in
121 3294 213 3356 altero
242 3293 361 3354 illorum
390 3293 573 3371 sophismate
600 3276 751 3371 ihgentem
784 3291 940 3354 stultitiam
967 3289 1189 3369 deprehendere
1220 3289 1299 3364 lieet,
1397 3322 1403 3331 ·

11 3429 14 3434 ,
65 3395 95 3458 si
124 3395 203 3474 quod
234 3394 405 3472 scripturae
431 3394 544 3466 dicant,
574 3411 684 3473 corpus
714 3392 876 3456 Salvatorls
905 3412 940 3454 ex
961 3392 1052 3455 Maria
1080 3400 1110 3453 et
1137 3393 1302 3454 humanum

10 3504 15 3511 “
65 3514 154 3569 esse,
183 3495 250 3556 ideo
272 3514 328 3573 pro
351 3494 495 3555 Trinitate
517 3494 744 3574 quaternitatem
767 3495 824 3557 dici
846 3493 1029 3566 existimant,
1060 3493 1144 3572 quasi
1166 3489 1301 3556 accessio

65 3598 213 3679 quaedam
236 3615 272 3658 en
294 3615 420 3675 corpore
443 3598 518 3658 lacta
541 3597 596 3673 sit;
618 3595 744 3660 multum
768 3595 994 3670 hallucinantur,
1017 3595 1088 3656 dum
1108 3611 1173 3655 rem
1195 3594 1308 3654 iactam*

64 3753 168 3829 Sequor.
188 3742 338 3814 ὄμοούσιον
353 3743 405 3814 μὲν
421 3741 475 3814 γάρ
495 3759 591 3814 φησιν,
611 3741 661 3798 ἐὰν
745 3749 767 3826 [3
788 3748 887 3826 Sggner.
906 3746 1004 3826 dubles.
1023 3753 1046 3794 et
1064 3744 1168 3821 betchor.
1184 3743 1206 3819 ¹:
1225 3735 1303 3790 ἔσται

64 3831 291 3947 wllwpsllllpiph.
313 3892 336 3932 et
354 3883 454 3945 Seguer.
490 3885 516 3931 ln
535 3885 604 3932 editis
620 3897 660 3932 se·
711 3828 768 3944 ml.
788 3825 1103 3945 glltlrllrilnalllqilllstln‘sll
1120 3823 1303 3927 rlillallllsrsro

66 3954 117 4003 mel
129 3945 220 4020 Τριάς.
260 3952 409 4013 blorrEpipb.
420 3943 656 4015 ἔπειςφερομὲνου.
712 3958 735 3999 et
753 3950 823 3998 editis
842 3940 870 3995 οἱ
886 3950 960 3999 deest.

66 4023 171 4083 Sequor.
190 4013 228 4070 als
245 4012 344 4076 ἑαυτὴν
362 4010 564 4082 εἷςφερομένου.
748 4019 772 4066 h.
789 4010 890 4074 πολλήν
913 4017 981 4065 deest
1001 4016 1024 4064 in
1044 4011 1144 4074 Seguer.
1163 4011 1262 4062 Gobler.
1280 4016 1305 4060 ct

83 4096 126 4137 'e.
145 4089 186 4136 Sic
204 4088 221 4135 E
242 4089 289 4149 iph.
304 4087 404 4147 Sequor.
416 4087 514 4134 Gobter.
524 4095 547 4134 et
557 4085 662 4135 Felclm.
715 4084 821 4133 Felelm.
842 4085 863 4133 l.
900 4085 951 4133 lior
970 4082 1068 4133 Gobler.
1086 4088 1109 4129 et
1128 4079 1233 4128 Felclrm.
1246 4077 1304 4127 hh.

69 4157 94 4205 l.
129 4155 193 4204 Editi
212 4102 238 4212 ἔ
253 4147 318 4217 ὅπερ
342 4147 522 4219 ὑπεκρίναντο
547 4147 584 4218 μὴ
604 4143 663 4217 ὥρα
713 4150 839 4215 καθορᾷν
864 4143 880 4209 ἢ
905 4144 959 4198 decl.
1005 4148 1123 4212 Epiphan.
1147 4137 1172 4195 εἰ
1195 4140 1226 4194 δὲ
1246 4137 1303 4194 διά.

68 4215 142 4270 οὕτω
163 4235 246 4286 moer.
285 4222 336 4269 bier
347 4222 433 4301 Epipb.
444 4214 536 4269 αὐτῶν
554 4212 660 4267 ἄνοιαν.
714 4222 790 4270 Porro
809 4221 868 4270 haec
886 4217 1061 4268 nTheodorcto
1079 4217 1190 4266 citantur.
1208 4211 1310 4264 blame

68 4291 147 4341 Paulo
173 4299 229 4353 post
253 4290 353 4350 Sequor.
377 4284 464 4354 ὥςπερ
487 4284 542 4353 γὰρ
561 4281 575 4336 ὃ
594 4281 659 4341 υἱός.
714 4286 822 4352 [ιεε.92.

67 4359 136 4408 lutra
156 4359 219 4407 idem
239 4372 292 4405 cum
312 4357 382 4407 Gobl.
402 4366 425 4406 et
442 4347 665 4406 suscenseant
749 4359 764 4405 i.
789 4354 907 4418 Epiphan.
929 4347 965 4405 ὥς
989 4340 1144 4416 acceditur
1159 4342 1310 4415 λεγομένης.

734 4416 741 4433 ἱ
793 4419 805 4432 n

68 4419 86 4473 ὃ
104 4416 171 4476 olo's.
207 4426 349 4489 Penlqpost
357 4426 430 4476 iidem
442 4416 489 4475 οὐκ
499 4418 574 4475 ἔστιν
584 4415 659 4473 αὑτό.
713 4437 745 4473 so
765 4433 852 4487 σωμα.
