2948 5092
428 264 1075 319 nmrouvrneomnmcrnmrsrnoor.
1322 258 1365 327 ta

160 421 289 491 ddenmt,
311 438 368 484 nec
388 422 470 483 idem
492 440 560 484 esee
579 431 682 502 potest
701 421 781 485 titius
802 431 833 485 et
854 432 981 497 meatus,
1003 442 1043 487 ne
1064 425 1199 488 videlicet
1220 429 1285 491 eius
1307 445 1453 493 ιιι-ιιι

157 535 208 585 tum
228 532 257 586 et
278 542 315 585 ex
336 522 401 585 deo
424 529 455 584 et
476 532 557 584 extre
579 522 672 586 Deum
695 540 766 585 esse
787 523 980 586 existi-etur.

221 933 272 993 14.
317 929 394 989 Num
428 946 499 1008 ergo
532 930 640 991 trustra
672 928 761 991 verbe
796 922 844 992 itta
871 930 980 1010 scripte
1008 929 1102 993 sunt?
1145 931 1188 992 ito
1217 933 1296 994 enim
1318 935 1361 997 iiii

142 1030 221 1091 veluti
243 1028 372 1091 culicum
395 1048 517 1091 eramen
538 1038 734 1092 murmurent
776 1030 897 1093 uini-c
918 1050 1007 1106 vero;
1028 1050 1089 1093 non
1104 1033 1214 1095 frustra
1230 1034 1278 1096 ille
1292 1044 1363 1097 suut

140 1130 260 1210 scripte,
290 1129 345 1192 sed
367 1148 509 1211 perquam
532 1130 711 1192 necessarie.
755 1130 806 1192 tlte
828 1132 907 1193 enim
929 1133 1016 1195 etiem
1039 1133 1132 1194 creari
1154 1134 1277 1209 dicitur,
1306 1136 1359 1199 sed

137 1250 195 1294 mm
224 1233 320 1293 homo
352 1231 446 1293 iectus
475 1239 536 1305 est3
568 1231 598 1293 id
626 1233 706 1294 enim
727 1239 776 1293 est
794 1232 925 1295 hominis
946 1235 1111 1314 proprium.
1155 1234 1241 1297 Hunc
1261 1243 1445 1303 meeum

137 1350 197 1395 esse
219 1333 396 1412 Scriptum
418 1350 540 1394 sensum
562 1332 611 1394 itte
632 1333 772 1413 reperiet,
795 1333 845 1414 qui
868 1352 918 1395 ees
941 1352 1002 1396 nou
1024 1353 1095 1396 esse
1110 1334 1206 1397 obiter
1220 1338 1361 1417 legendos

136 1435 274 1507 edoctus,
298 1442 436 1514 tempus,
464 1452 611 1514 personas
640 1452 674 1496 oc
701 1452 802 1496 rerum
823 1435 1000 1514 scriptorum
1021 1454 1140 1499 ceusem
1162 1437 1359 1518 investigabit,
1389 1506 1395 1513 ,

134 1555 163 1597 er
182 1534 313 1616 proinde
335 1553 410 1614 quse
431 1534 544 1614 legerit,
567 1534 703 1616 dispiciet
722 1537 942 1616 perpendetque
964 1555 1076 1599 secum.
1119 1538 1221 1618 ltaque
1242 1538 1361 1603 illorum

134 1636 290 1719 verborum
318 1642 437 1715 tempus
459 1654 529 1697 esse
551 1636 697 1709 inveniet,
726 1654 792 1699 cunr
815 1637 953 1699 nimimrn
976 1637 1138 1711 Dominus,
1166 1640 1218 1719 quvi
1241 1658 1362 1721 semper
1415 1664 1418 1669 ·

134 1746 184 1812 est,
205 1745 317 1818 postes
338 1736 370 1799 in
391 1737 451 1798 fine
472 1737 656 1799 ssecrdorum
679 1738 771 1799 homo
792 1745 841 1803 est
860 1740 965 1812 iectus,
988 1740 1089 1820 etqui
1104 1739 1157 1801 Dei
1172 1740 1264 1803 Filius
1287 1751 1359 1817 eret,

133 1842 222 1901 imus
246 1838 338 1900 etiam
360 1846 408 1900 est
429 1838 521 1901 Filius
541 1837 683 1900 hominis.
728 1838 854 1901 Goussm
867 1858 987 1920 quoque
1001 1842 1154 1920 percipiet,
1170 1842 1237 1921 quin
1252 1861 1360 1924 nempe

134 1960 195 2004 cum
216 1941 270 2002 ille
290 1947 427 2001 nostram
449 1948 577 2001 mortem
598 1938 686 2001 vellet
707 1940 872 2011 destruere,
896 1940 953 2002 sibi
975 1942 1033 2021 ipsi
1056 1960 1166 2022 corpus
1186 1962 1223 2004 ex
1244 1945 1358 2023 virgine

133 2042 218 2105 bne
249 2040 382 2121 occepit,
412 2049 447 2102 ut
477 2040 548 2103 illud
580 2059 636 2121 pro
666 2041 805 2103 omnihus
833 2042 981 2104 victimam
1010 2042 1089 2105 Petri
1123 2045 1269 2117 offerens,
1300 2063 1359 2107 nos

135 2161 231 2207 enm
256 2142 420 2213 lederent,
449 2146 502 2225 qui
520 2153 601 2204 metu
623 2145 732 2205 mortis
750 2158 811 2224 per
832 2152 929 2205 totum
949 2148 1044 2207 vitono
1064 2149 1208 2207 servitute·
1234 2146 1361 2217 obvenit

133 2262 262 2308 nm.
307 2243 443 2307 versem
464 2252 562 2306 entem
575 2243 734 2306 Solvetoris
756 2252 814 2318 est,
837 2245 917 2325 quod
939 2245 1058 2325 quidem
1073 2253 1143 2308 tuuc
1157 2245 1275 2320 dicitur,
1289 2265 1358 2308 cum

133 2344 186 2407 iem
213 2363 345 2426 corpore
371 2350 490 2426 eccepto
518 2345 592 2406 hoec
619 2345 675 2407 nit:
705 2345 853 2409 Dunense
882 2351 999 2409 creavit
1024 2366 1072 2410 uve
1091 2351 1213 2411 initium
1234 2351 1356 2409 meren

133 2464 258 2510 mrsu·
279 2452 314 2510 ἐκ
337 2464 432 2528 opero
453 2464 519 2508 suc.
563 2446 602 2508 Ut
623 2447 703 2509 enim
722 2446 781 2522 itti,
803 2458 949 2527 quatenus
971 2447 1062 2510 Filius
1084 2447 1138 2510 Dei
1159 2457 1222 2521 est,
1245 2447 1359 2528 optime

132 2547 266 2611 convenit
293 2557 325 2609 ct
354 2556 507 2609 ueternum
537 2565 607 2609 esse
637 2557 666 2609 et
693 2548 723 2608 in
755 2547 823 2609 sinu
844 2549 940 2610 Petris
969 2568 1054 2624 esse;
1083 2549 1123 2612 ito
1143 2548 1258 2611 homini
1280 2550 1357 2611 tecto

131 2659 207 2713 recte
230 2657 402 2729 congmunt
423 2649 496 2710 haec
517 2649 621 2710 verbo:
644 2649 792 2712 Domitius
816 2655 932 2715 creauit
953 2670 1007 2713 me.
1053 2651 1138 2712 Tunc
1159 2650 1238 2712 enim
1259 2649 1297 2710 do
1318 2666 1355 2709 eo
1445 2706 1449 2715 .

130 2750 252 2813 dicitur:
286 2758 317 2812 et
348 2749 469 2811 esurivit
502 2757 531 2810 et
559 2751 653 2812 sitivit
679 2760 709 2812 et
730 2751 923 2831 interrogavit
945 2751 994 2814 ubi
1015 2752 1127 2813 iaceret
1146 2750 1294 2822 Lazarus,
1325 2759 1358 2811 et

128 2868 237 2933 possus
266 2858 332 2926 est,
361 2868 395 2913 ae
423 2852 595 2915 resurrexit
641 2852 896 2924 Quemadmodum
924 2852 997 2917 item
1018 2871 1085 2914 cum
1107 2870 1175 2913 eum
1197 2849 1356 2913 Dominum

130 2962 158 3015 et
179 2950 329 3016 deumne
350 2971 449 3013 veram
471 2953 566 3016 lucem
583 2941 729 3034 'appellari
752 2954 898 3028 eudimus,
921 2952 1003 3017 illum
1026 2954 1217 3033 intelligimus
1239 2971 1275 3014 ex
1296 2952 1356 3014 Pe·

130 3064 174 3116 tre
195 3072 280 3116 csse:
311 3054 356 3114 sic
377 3072 443 3115 cum
466 3054 514 3115 illa
537 3055 691 3131 eudimus,
715 3055 853 3132 Creooit,
877 3075 986 3119 serens
1008 3066 1038 3118 et
1055 3074 1170 3138 perone
1192 3065 1254 3126 cst,
1283 3053 1359 3117 haec

130 3157 193 3219 eius
221 3153 369 3217 divinitati
395 3153 529 3217 tribuere
551 3174 677 3236 aequum
700 3175 761 3218 nou
784 3165 847 3230 est,
868 3164 995 3237 utpote
1015 3176 1090 3238 quae
1112 3155 1148 3217 ob
1171 3155 1275 3217 cedem
1297 3152 1357 3215 siut
1461 3150 1466 3159 “

128 3257 233 3329 adeun,
256 3255 311 3318 sed
332 3254 431 3331 cerui,
453 3274 541 3335 quom
562 3263 686 3337 propter
707 3275 765 3318 nos
788 3261 915 3338 occepit,
938 3259 1022 3321 cuius
1045 3260 1101 3320 ista
1123 3257 1262 3319 nimirum
1286 3262 1357 3316 sunt

126 3357 266 3438 propriu
295 3374 371 3436 quae
397 3355 515 3436 quidem
545 3375 612 3419 cero
642 3376 703 3419 non
731 3358 807 3420 elius
830 3360 883 3421 sed
904 3359 1001 3439 ipsius
1024 3368 1071 3420 est
1091 3357 1189 3419 Verbi.
1234 3339 1266 3417 Si
1288 3355 1356 3436 quis

126 3477 197 3543 vergo
221 3464 321 3518 ortum
342 3458 411 3520 inde
432 3459 663 3521 emolumentum
686 3460 801 3521 discere
822 3458 908 3541 vetit,
938 3461 967 3521 id
990 3459 1077 3521 etiam
1101 3466 1148 3519 est
1169 3466 1354 3537 reperturus.

125 3559 199 3620 Nam
226 3556 355 3621 Veturi
383 3576 455 3621 coro
476 3561 594 3639 [actvm
616 3572 676 3634 est,
710 3569 745 3623 ut
771 3570 800 3622 et
827 3544 892 3625 erm
914 3580 970 3642 pro
993 3559 1131 3621 omnibus
1154 3560 1292 3631 offerret,
1326 3564 1357 3617 et

124 3680 184 3722 uos
212 3661 280 3721 eius
309 3659 430 3740 spiritus
461 3659 528 3722 tecti
550 3662 709 3742 participes
731 3662 772 3723 dii
794 3663 859 3725 fieri
879 3680 1058 3743 possemus,
1087 3660 1165 3740 quod
1188 3660 1273 3720 aliter
1294 3675 1356 3719 non

123 3765 330 3843 potuissemus
359 3761 519 3842 consequi,
547 3762 606 3823 nisi
635 3763 701 3844 ipsc
728 3772 858 3826 ereetum
888 3771 1025 3824 nostrum
1055 3781 1162 3841 corpus
1191 3761 1356 3833 induisset3

124 3865 171 3925 sic
202 3863 282 3925 enim
313 3860 420 3924 exinde
442 3872 473 3924 et
493 3863 631 3925 homines
653 3863 706 3925 Dei
737 3873 767 3926 et
788 3865 819 3926 iu
842 3864 960 3927 Christo
983 3864 1120 3924 homiues
1143 3861 1283 3942 appellari
1305 3860 1353 3921 in-

123 3965 270 4044 cepimus.
315 3964 374 4024 Sed
403 3972 436 4024 ut
462 3982 518 4026 uos
541 3965 652 4045 Spiritu
682 3975 802 4045 eccepto
831 3960 982 4044 propriam
1011 3984 1071 4025 non
1105 3963 1266 4025 amittimus
1299 3979 1354 4020 ne-

121 4076 236 4139 tumm,
269 4066 310 4126 ite
331 4064 495 4139 Dominus,
527 4075 687 4146 postquem
719 4066 809 4128 homo
831 4074 955 4146 propter
973 4083 1033 4149 pos
1054 4067 1149 4127 sectus
1171 4073 1218 4125 est
1239 4071 1269 4123 et
1287 4078 1356 4122 cor-

119 4186 179 4246 pus
200 4167 328 4247 accepit,
361 4166 443 4228 neus
475 4167 666 4230 nihilomiuus
695 4168 814 4231 mansit.
856 4167 919 4229 Nec
949 4164 1029 4230 enim
1061 4174 1187 4246 angusto
1219 4159 1354 4240 corporis

153 4441 173 4504 ²:
192 4428 231 4476 Sic
248 4426 351 4487 nerins.
391 4421 469 4471 Ceteri
488 4431 511 4472 et
528 4424 585 4473 editi
604 4425 716 4473 omittunt
801 4423 824 4472 b.
843 4423 900 4485 iter.
919 4414 1014 4471 sotter.

115 4506 221 4545 remeo.
