2948 5092
455 260 563 307 curro
579 262 612 304 rr.
628 261 744 307 consu
757 263 894 310 nume.
917 269 919 274 ’
1221 256 1284 320 499

80 427 92 453 ·
139 412 193 478 58.
237 411 384 492 {digitur
405 413 483 474 inter
505 431 582 487 enm,
605 412 655 491 qni
677 394 794 492 genitus
817 425 873 488 est,
897 424 927 478 et
947 434 998 479 res
1017 419 1108 480 iectu
1124 420 1283 485 discrimen
1292 438 1371 493 m

65 515 140 577 norit
159 512 260 577 dirim
282 511 453 594 Scriptura,¹
468 533 544 594 quae
566 523 694 588 etcum,
717 516 768 595 qui
790 517 908 596 genitis
930 525 987 590 est,
1010 518 1115 582 Filium
1137 540 1206 584 esse
1228 542 1285 588 nee
1365 537 1367 547 ·

64 615 215 696 abaliquo
238 615 376 695 coepisse
403 616 549 695 principio
573 615 624 677 sed
647 624 800 678 oeternum
824 637 893 681 esse
920 618 1062 694 declarat,
1093 640 1157 684 rem
1187 620 1299 689 eutem*

64 720 172 790 boam,
195 726 335 797 tanquam
358 736 434 797 opus
458 725 539 778 extre
561 719 730 779 effectorem
748 719 891 792 existens,
913 719 978 781 fieri
1003 720 1171 803 incoepisse
1187 725 1285 790 docet.

63 819 132 882 iiiuc
154 818 238 882 enim
251 819 380 882 loannes
396 818 434 880 de
449 819 691 881 interimerem
706 838 763 882 nec
776 820 884 883 borum
906 821 1116 887 vocabulorum
1139 827 1281 905 ignorans

61 904 255 998 differentium
284 939 346 983 uon
373 921 460 982 dixit:
495 921 529 982 in
550 920 698 1002 principio
720 923 813 984 iectus
836 931 887 985 eut
907 924 1054 986 formatus
1077 934 1138 998 est,
1168 928 1222 990 sed
1245 928 1283 992 in

60 1025 208 1105 principie
231 1031 301 1085 erct
324 1021 467 1097 Vadunt,
496 1030 529 1084 ut
555 1040 611 1102 per
632 1022 708 1084 bene
728 1042 829 1085 rocem
853 1037 919 1087 erut
948 1026 1066 1104 genitus
1095 1045 1163 1090 esse
1188 1048 1284 1109 ogno-

63 1133 211 1199 soeretur,
243 1122 403 1203 nullusque
423 1132 590 1204 temporum
619 1123 743 1204 fingeret
771 1124 939 1200 intervella,
973 1127 1027 1189 sed
1055 1146 1175 1208 semper
1197 1138 1227 1192 et
1247 1131 1284 1194 nb

61 1226 232 1288 aeternitate
252 1224 360 1316 ninom
382 1225 516 1289 extitisse
538 1227 736 1288 crederemus.
782 1227 867 1300 Quae
888 1247 954 1290 cum
976 1228 1016 1291 ito
1038 1248 1107 1291 esse
1127 1231 1285 1310 probatum

64 1329 109 1403 sit·
128 1332 185 1408 qut
207 1327 256 1403 tit,
280 1346 298 1388 o
318 1327 430 1400 briem,
454 1334 488 1388 ut
507 1327 566 1401 bis,
590 1346 666 1407 quoe
688 1328 719 1399 in
733 1328 965 1393 Deuteronomio
981 1330 1136 1406 ementur,
1159 1351 1220 1394 non
1235 1333 1284 1394 in·

61 1428 199 1498 tollentis.
234 1447 339 1491 rursus
368 1428 452 1509 impii
478 1428 509 1490 in
530 1427 690 1491 Dominum
712 1420 789 1492 esse'
809 1429 957 1503 audeam,
991 1449 1057 1493 curn
1083 1431 1181 1494 dicitis
1202 1432 1285 1496 illurn

62 1533 165 1595 iseum
178 1530 237 1599 ,rel
258 1539 388 1593 meatum
412 1530 473 1593 sive
495 1531 628 1610 genitum
650 1529 743 1593 esse?
766 1531 951 1594 Contenditis
966 1532 1055 1606 enim,
1078 1553 1141 1595 rem
1157 1535 1287 1613 genitum

62 1641 88 1694 et
109 1651 180 1696 rem
205 1633 312 1696 tamn
337 1632 424 1695 idem
457 1632 633 1712 significare.
676 1634 713 1695 dt
740 1633 834 1695 nihilo
868 1633 967 1697 secius
995 1653 1030 1697 ex
1052 1635 1111 1697 boc
1132 1636 1198 1716 ipso
1218 1634 1286 1701 boo

64 1735 227 1816 inperitiae
248 1742 278 1796 et
298 1733 456 1814 impietatis
478 1734 701 1797 convincemini.
745 1735 847 1815 Itaque
868 1734 917 1797 bie
937 1745 985 1798 est
1005 1733 1136 1816 primus,
1166 1737 1204 1799 de
1218 1756 1286 1824 ‘quo

63 1836 169 1916 egitm,
199 1834 301 1897 iocus:
338 1835 490 1917 Numquid
517 1855 580 1899 noo
603 1837 650 1900 tie
670 1841 733 1919 ipre
752 1848 843 1918 poter
865 1848 937 1901 tuoe
956 1842 1093 1919 possedit
1115 1850 1142 1902 te
1164 1842 1289 1919 erfecit

62 1949 86 2000 te
102 1947 133 2000 et
156 1940 275 1999 crescit
296 1935 350 2000 te?
371 1945 402 1998 ct
421 1937 509 2017 paulo
531 1938 654 2017 post'in
677 1937 781 2000 eodem
797 1938 933 2001 Cendco:
957 1940 1053 2002 Deum
1074 1945 1127 2020 qui
1140 1950 1168 2002 te
1181 1945 1286 2022 penui

62 2037 256 2120 dereliquisti,
279 2047 307 2100 et
329 2038 441 2101 oblitos
465 2057 495 2100 ee
518 2039 577 2102 Dei
596 2050 624 2101 te
638 2044 814 2103 nutrientis.
844 2040 978 2112 Quorum
994 2041 1113 2120 quidem
1128 2042 1286 2105 verborum

61 2140 202 2203 nomio
225 2139 405 2201 admirabilis
427 2139 514 2219 plene
536 2148 591 2201 cst.
634 2141 697 2202 Nec
719 2141 797 2202 enirn
818 2141 947 2221 primum
970 2140 1044 2203 dixit
1062 2148 1174 2223 petiuit,
1196 2163 1234 2205 ne
1256 2144 1288 2206 id

61 2239 233 2303 vocobulum
254 2239 333 2302 idem
354 2248 461 2320 posset
483 2241 650 2320 significare
672 2260 707 2303 ac
720 2243 804 2322 fecit,
827 2242 953 2322 indeque
969 2262 1071 2306 ensem
1087 2244 1128 2305 ilii
1143 2245 1288 2306 baberent

62 2340 96 2402 ite
114 2341 276 2423 loquendi:
298 2342 416 2422 Moyses
438 2342 558 2422 quidem
579 2343 709 2406 uenerit
722 2344 816 2406 Deum
832 2365 848 2406 a
863 2344 1010 2426 principio
1026 2345 1155 2408 dixisse:
1179 2346 1287 2408 Facio-

60 2461 120 2506 ιω
144 2443 311 2516 bominem
332 2443 410 2505 idem
432 2453 530 2506 autem
551 2453 623 2524 post
643 2445 716 2507 bees
731 2446 820 2507 dixit:
844 2447 940 2509 Decem
961 2452 1014 2528 poi
1033 2459 1062 2509 te
1082 2452 1186 2526 peneit
1200 2450 1288 2509 dere·
1359 2444 1368 2461 ⁸

61 2543 184 2626 lipsieti,
207 2551 241 2604 ut
261 2552 332 2624 pote
354 2564 420 2607 cum
442 2545 499 2607 boe
519 2565 608 2608 voces
630 2553 789 2627 utrumque
804 2548 975 2627 promiscue
990 2548 1166 2626 significent,
1190 2547 1287 2626 siqui·-

60 2645 122 2707 dem
156 2645 238 2706 idem
271 2654 318 2708 est
346 2666 397 2729 pes
427 2648 523 2727 genite
552 2667 586 2709 ec
613 2649 698 2709 seete.
742 2649 850 2710 Verum
883 2658 952 2728 post
983 2648 1072 2710 verbe
1099 2649 1235 2729 possedit
1257 2656 1288 2711 et
1349 2708 1352 2717 ,

59 2747 129 2824 feeit
157 2745 272 2809 eddidit
299 2747 421 2809 verbum
448 2753 568 2829 pendit,
601 2757 634 2810 ut
661 2749 757 2812 oratio
781 2768 864 2811 strom
888 2767 989 2811 seeum
1012 2749 1287 2828 interpretationem

58 2847 190 2910 heberet.
216 2847 299 2909 'Nem
322 2848 452 2911 dictione
473 2852 546 2929 fecit
568 2868 637 2911 vere
659 2850 699 2924 id,
722 2851 800 2930 quod
824 2859 948 2911 naturae
962 2850 1116 2911 hominurn
1132 2848 1288 2930 proprium

58 2959 113 3022 est,
137 2948 295 3028 significet,
318 2968 372 3012 eos
394 2969 502 3031 nempe
524 2952 598 3013 iacto
621 2970 813 3032 esseopera3
836 2961 867 3013 ot
880 2951 1010 3013 dictione
1024 2955 1126 3030 pendit
1142 2968 1287 3023 sumrnem

56 3050 109 3112 bei
131 3068 205 3130 erge
226 3050 364 3112 homines
387 3051 598 3131 benignitatem
620 3061 779 3132 postquam
800 3052 868 3116 illos
888 3053 999 3114 creavit
1013 3052 1131 3118 indicet.
1154 3052 1184 3112 in
1200 3068 1289 3130 quem
1335 3083 1336 3086 ¹

57 3152 126 3232 quia
158 3170 193 3212 se
223 3151 426 3231 praebuerunt
456 3154 604 3231 ingratos,
638 3173 692 3215 eos
721 3154 829 3231 meritp
862 3153 998 3232 obiurget
1030 3153 1157 3232 Moyses.
1212 3152 1290 3214 Hinc

55 3253 155 3333 prium
178 3252 235 3314 eit:
268 3253 415 3316 Haeccine
436 3255 565 3317 Domino
588 3253 778 3336 rependitis?
809 3254 915 3316 deiude
937 3253 1105 3333 subiungit:
1137 3253 1290 3334 Numquid

55 3373 118 3418 uere
142 3354 192 3416 bio
213 3357 278 3436 ipre
296 3366 388 3436 poter
409 3367 480 3418 tuus
500 3359 637 3437 possedit
659 3367 703 3429 te,
735 3359 808 3437 fecit
837 3369 874 3420 te.
894 3367 924 3419 et
953 3361 1068 3418 erescit
1090 3353 1161 3417 te?-
1179 3354 1289 3416 Postea

54 3475 128 3518 vero
143 3456 256 3536 pergit:
280 3456 519 3521 immolaverunt
535 3460 698 3521 daemoniis
715 3470 743 3521 et
757 3477 820 3520 noo
834 3459 907 3529 Deo,
931 3458 989 3519 diis
1004 3446 1078 3537 quoe
1093 3457 1287 3536 ionorobost.

89 3678 114 3725 b.
134 3675 176 3725 Sic
194 3675 293 3738 Segoer.
313 3676 411 3726 Gobler.
430 3677 534 3725 Feickm.
556 3677 577 3725 l.
590 3684 614 3725 et
624 3677 648 3726 4.
734 3678 756 3726 i.
775 3677 881 3727 Feictm.
899 3678 923 3726 d.
940 3671 987 3724 καὶ
1003 3670 1100 3723 λοιπὸν
1117 3667 1218 3735 ἐπειδή.

55 3747 85 3793 bt
102 3743 163 3792 editi
187 3750 211 3792 et
228 3742 268 3791 olii
286 3737 332 3791 καὶ
348 3739 460 3807 λέγωσι·
477 3742 581 3803 Μωσῆς
597 3739 649 3809 μὲν
733 3745 750 3793 Ι.
769 3745 825 3805 Reg.
837 3744 909 3794 Besii.
928 3753 951 3793 et
961 3746 1027 3807 ingl.
1044 3743 1130 3792 ταῦτα
1144 3742 1287 3809 spineolo).

55 3806 85 3866 ἐξ
102 3803 191 3876 &ptris
215 3801 301 3863 οὕτως
322 3799 396 3873 εἶπεν
419 3804 560 3876 εἰρηκέναι.
597 3812 650 3862 biox
700 3812 761 3861 ibid.
785 3814 885 3874 Segoer.
910 3812 1000 3874 duplic.
1025 3811 1123 3862 Gobler.
1142 3819 1166 3859 et
1183 3812 1289 3861 Feictrn.

56 3881 160 3937 sepner.
179 3878 235 3940 neg.
255 3879 352 3928 Gobier.
375 3879 480 3929 Felctrm.
501 3876 523 3927 i.
541 3880 564 3929 4,
584 3887 608 3928 et
625 3879 649 3928 ⁵.
703 3880 724 3928 l.
750 3887 773 3928 et
797 3879 821 3928 4.
846 3867 904 3927 eleo
929 3871 1038 3942 incipet·
1065 3872 1113 3926 οὐκ
1137 3869 1220 3930 αὐτός
1244 3886 1289 3928 etc.

56 3936 274 4010 αὖτόςβμετᾶ
287 3945 381 3994 ταῦτα.
407 3946 470 3996 Editi
482 3954 505 3995 et
516 3946 556 3996 olii
568 3937 651 3999 αὐτὸς
700 3948 729 3995 tt
754 3947 794 3995 eiii
819 3955 842 3995 et
865 3947 938 3995 editio
963 3947 1081 3996 Commei.
1101 3948 1213 3996 omittunt
1231 3933 1290 3993 elect

54 4008 104 4060 καὶ
119 4005 193 4078 μετὰ
209 4012 303 4062 ταῦτα,
338 4004 438 4077 Segcer'.
462 4014 549 4064 ibidem
568 4007 650 4062 nito
699 4005 752 4063 inci
772 4027 803 4061 ει.
832 4013 891 4063 item
910 4014 966 4064 ibid.
986 4015 1083 4064 Gobler.
1102 4013 1208 4064 Feickm.
1229 4013 1291 4063 Lot

56 4073 155 4146 ἔφησε.
700 4082 724 4131 4.
756 4074 868 4128 κτίσαῐό
887 4092 924 4130 σε.
951 4081 1010 4131 lbid.
1029 4082 1129 4144 Seguer.
1148 4080 1290 4129 erestein.

92 4151 108 4197 i.
128 4149 229 4210 sepner.
245 4143 277 4195 τὸ
296 4143 408 4213 γένημα.
428 4149 524 4200 Gobier.
543 4149 649 4199 Felekm.
701 4150 725 4200 t.
749 4143 796 4196 καὶ
818 4141 928 4208 ἐποίησέ
952 4161 995 4198 σε·
1022 4143 1068 4196 καὶ
1091 4138 1218 4262 &sinopen
1244 4155 1289 4198 ets.

59 4217 84 4265 l.
102 4223 128 4264 et
145 4215 168 4265 4.
187 4209 219 4264 τὸ
244 4211 377 4282 γέννημα.
415 4217 441 4266 tn
467 4217 520 4265 eliis
545 4225 568 4266 et
594 4218 649 4266 edit.
702 4217 806 4266 Felcbm.
826 4216 849 4266 5.
867 4208 978 4276 lnoinoi
996 4228 1039 4264 σε·
1066 4209 1111 4263 καὶ
1133 4207 1165 4262 ἔτι
1183 4209 1233 4262 eci
1251 4226 1289 4264 oe.

57 4277 324 4337 conmendanti.
363 4283 414 4332 bion
437 4299 482 4349 pro
506 4277 648 4343 ἐκτήσατο,
701 4279 747 4332 καὶ
763 4274 822 4349 μετ’
844 4275 923 4348 ὀλίγα
941 4277 971 4333 ἒν
988 4282 1020 4350 τῇ
1039 4274 1107 4348 αὐτῇ
1126 4273 1183 4347 ᾠδῇ
1202 4293 1291 4346 φησιν

59 4358 86 4399 ut
105 4351 194 4401 babent
211 4351 284 4400 editio
295 4350 414 4403 Commod.
430 4360 455 4402 et
472 4365 531 4401 ntes.
549 4352 649 4416 aliquot,
700 4345 792 4401 iduor.
828 4353 928 4402 Gobier.
952 4361 976 4402 ct
1002 4352 1109 4401 i'eiclrm.
1135 4350 1156 4399 t.
1181 4341 1292 4409 ἐποίησέ

55 4419 160 4479 Seguer.
178 4419 247 4480 ingl.
266 4419 337 4469 cont.
356 4416 389 4468 ie
455 4419 505 4471 .i.
551 4419 649 4470 ‘bbn-
702 4430 739 4470 oo.
762 4413 921 4468 notumn-
945 4413 1036 4468 ἔθυον.
1072 4418 1172 4478 Seguer.
1192 4417 1294 4470 ibides

56 4479 265 4537 terrentem.
284 4483 410 4548 ibid-fleg]
452 4484 457 4493 ’
581 4476 597 4559 ,’
643 4524 649 4537 .
699 4478 950 4553 Sniptureiduoor.
984 4487 1031 4536 eni
1049 4493 1073 4536 et
1091 4485 1148 4535 editi
1164 4475 1256 4535 iocor.
