2948 5092
449 256 615 301 nmmum
630 256 746 300 eonrm
760 256 896 300 munos.
1224 243 1283 306 143

67 409 166 494 πάσης
183 402 358 494 Ἀρειανῆς
380 402 605 491 παρατάξεως.
636 406 688 469 καί
714 398 817 482 ε’ίσις
837 403 895 469 τὸν
916 404 1079 490 θεολόγον
1102 404 1368 492 Γρηγόριονοοα.

66 509 110 576 καί
123 508 183 575 τὸν
196 512 297 574 θεῖον
311 506 492 573 Βασίλειον
508 503 542 572 ἐκ
563 503 684 592 ταύτης
706 500 815 591 ὥςπερ
841 507 947 592 πηγῆς
962 500 1186 591 ἀρυσαμένους
1200 515 1283 595 φαίη

64 614 111 699 τῆς
137 609 262 694 βίβλου
289 605 368 686 τοὺς
396 606 515 685 καλοὺς
543 605 685 685 ἐκείνους
705 608 759 672 καὶ
783 606 918 685 διειδεῖς
939 610 1004 673 τῶν
1028 608 1156 675 οἰκείων
1179 609 1284 694 λόγων
1309 594 1313 602 ’
1369 670 1372 679 .

63 711 134 779 κατὰ
154 712 217 798 τῆς
240 708 369 797 πλάνης
391 710 506 794 ῥεῦσαι
527 706 709 791 ποταμούς,
733 702 791 774 οὐκ
806 702 846 773 ἂν
862 703 955 792 ολμαι
973 711 1113 797 σφαλείη
1136 713 1195 776 τοῦ
1217 736 1285 777 πα-

61 815 283 899 ραδείγματος.
328 813 366 876 nt
393 827 455 877 est:
498 813 580 873 Lecti
609 821 680 874 sunt
712 812 845 873 eiusdem
879 812 980 874 Sancti
1013 814 1185 892 (Athanasii)
1217 815 1285 878 lihm'

61 919 183 998 quinque
206 926 313 978 eontm
334 915 436 976 Arium
459 914 574 975 eteius
597 913 742 992 dogmata.
788 914 821 974 io
844 913 891 974 his
914 924 946 974 ut
968 922 998 975 et
1015 915 1044 975 in
1060 916 1198 977 omnihus
1221 918 1285 979 eius

61 1019 204 1100 Operibus
227 1017 320 1079 dictio
335 1016 428 1078 nitide
443 1023 499 1089 est,
522 1014 658 1095 simplex,
681 1033 737 1075 nec
750 1014 929 1077 redundans.
965 1018 1069 1078 herem
1084 1018 1132 1078 hto
1148 1037 1181 1079 se
1195 1036 1284 1096 prae·

59 1120 99 1182 het
118 1131 151 1183 et
165 1117 352 1199 profundum
368 1118 631 1194 vehementemque
645 1115 676 1176 in
692 1116 934 1194 argumentando,
958 1125 1094 1197 motoque
1112 1120 1177 1180 eius
1193 1119 1284 1181 uber-

60 1233 94 1284 us
113 1231 166 1283 est
195 1237 289 1300 quem
317 1227 348 1280 et
374 1217 554 1281 annones.
598 1216 718 1297 Logieis
746 1224 845 1281 eutem
872 1218 1022 1279 methodis
1050 1219 1223 1291 hemitur,
1253 1229 1285 1282 ot

59 1343 108 1384 rou
130 1321 217 1384 nude
241 1338 299 1381 ueo
319 1320 352 1380 in
373 1319 448 1400 ipsis
471 1316 593 1381 rochus
608 1325 753 1392 versetur,
776 1317 820 1379 uti
833 1319 919 1399 pueri
935 1329 965 1380 et
980 1321 1094 1381 tirones
1110 1320 1284 1382 adolescen-

11 1468 14 1481 .
59 1435 103 1498 tes,
125 1424 181 1504 qui
204 1421 288 1483 docti
311 1420 403 1482 videri
426 1420 556 1501 eupiunt,
579 1419 680 1481 solent
700 1437 797 1499 egere,
820 1419 873 1481 sed
896 1420 1102 1500 philosophice
1118 1430 1148 1482 et
1168 1423 1283 1500 mogoi-

11 1504 14 1529 ⁵
59 1526 110 1599 te,
132 1523 277 1602 solisque
299 1521 458 1583 rerhomm
482 1521 637 1584 sententiis
660 1520 767 1601 hisque
789 1521 906 1582 diverse
926 1521 1070 1583 innititur.
1116 1521 1285 1602 scriptume

61 1627 189 1688 similiter
211 1623 397 1687 testimoniis
420 1630 450 1684 et
470 1622 696 1702 prohetiouihus
718 1622 889 1685 firmissime
904 1641 937 1685 se
953 1623 1123 1684 communit.
1152 1623 1285 1702 lienique

61 1728 124 1806 stud
147 1727 241 1807 Opus
262 1724 407 1786 adversus
431 1724 599 1786 universam
620 1723 795 1785 hriunorum
818 1723 909 1785 aciem
931 1724 1030 1804 possit
1050 1725 1197 1786 sufficere.
1230 1726 1284 1787 At·

61 1829 153 1908 poesi
176 1827 251 1907 quis
275 1845 312 1887 ex
342 1845 379 1887 eo
407 1825 485 1886 libro
515 1832 661 1905 tamquam
692 1844 728 1886 ex
750 1826 831 1886 sonte
854 1825 1036 1904 Theologum
1059 1825 1233 1906 Gregorium
1257 1837 1287 1889 et

62 1929 180 1993 hunum
203 1927 352 1989 Basilium
380 1927 519 1989 hausisse
546 1927 653 1989 dixerit
679 1927 799 2007 pulcros
829 1927 896 1988 iilos
921 1936 950 1988 et
972 1927 1141 2006 perlucidos
1165 1947 1284 1990 suemm

62 2040 149 2093 orna
170 2047 312 2092 errorem
336 2027 514 2091 Orationum
535 2028 658 2102 fluvios,
688 2028 766 2091 huno
793 2046 847 2108 ego
870 2045 931 2089 nou
952 2037 1052 2108 putem
1075 2047 1092 2090 o
1114 2030 1176 2090 veri
1198 2029 1283 2091 sirni-

63 2129 169 2194 Μαι
191 2130 415 2194 aberraturum.
458 2127 541 2193 Horo
562 2129 698 2193 Photiur.
