2948 5092
463 273 609 318 urrsrom
624 275 645 317 1.
662 278 698 318 nn
715 277 909 322 semerom.
1227 269 1288 333 709

58 436 153 501 „esu
177 426 228 506 qni
249 426 312 488 fieri
334 434 434 505 potest
455 434 488 486 ut
508 425 693 504 unigenitum
715 428 754 488 sit
776 428 918 504 Verbum,
949 431 994 491 vel
1015 441 1048 493 nt
1069 434 1205 512 aequales
1227 454 1374 501 nonnose.

56 531 172 602 ‚‚sint‚
195 528 247 590 sed
270 528 319 589 hio
340 539 409 606 post
429 528 556 600 Patrem,
580 528 628 589 ille
649 537 719 608 post
741 528 845 591 Filium
867 532 1061 595 nominetur?
1105 534 1137 596 st
1159 536 1230 597 item
1253 556 1289 600 ex
1379 591 1382 597 ,

60 631 180 704 „Patre
203 639 264 703 est,
294 649 346 691 our
374 649 434 691 non
457 631 572 709 etipse
595 630 710 709 genitus
733 642 783 692 aut
808 633 889 708 lilius
919 653 1002 707 esse,
1032 637 1086 697 sed
1114 637 1291 717 simpliciter

57 733 220 812 „Spiritus
241 741 361 793 sauctus
383 731 513 794 dicitur?
557 732 688 812 Denique
710 734 736 794 si
759 733 810 794 lilii
833 734 947 797 dicatur
962 755 1029 798 esse
1043 737 1177 818 spiritus,
1199 740 1289 801 Peter

59 854 165 914 „ergo
188 853 257 896 avus
281 843 328 896 est
349 834 478 914 Spiritus
499 834 626 895 sanctif*
669 834 749 896 llaec
770 836 933 915 turpissimi
962 838 1098 901 homines
1116 840 1287 902 .eavillandu

58 937 211 1009 effutiunt,
233 935 283 1015 qui
306 934 454 997 curiosius
475 934 620 1014 profunda
636 935 688 996 llei
704 935 829 997 serutari
852 947 1003 1013 conantur,
1027 959 1102 1020 quae
1125 960 1212 1003 nemo
1228 960 1374 1007 no·r.est.

57 1039 103 1098 vit
125 1038 186 1098 nisi
208 1037 335 1117 Spiritus
358 1037 419 1111 uei,
443 1037 480 1097 de
503 1054 561 1115 quo
584 1036 624 1097 illi
647 1045 706 1098 tam
728 1037 819 1117 impie
839 1039 980 1114 sentiunt,
1003 1041 1111 1119 quibus
1133 1043 1207 1103 nihil
1222 1060 1288 1104 arn-
1317 1049 1325 1074 ‘

57 1139 141 1218 plius
164 1139 348 1219 respondere
369 1158 494 1218 aequum
518 1157 590 1200 sane
611 1149 707 1214 esset,
739 1140 791 1201 sed
822 1142 984 1204 seeundum
1004 1142 1139 1222 Apostoli
1162 1163 1286 1223 praeoe-

57 1249 147 1320 ptum
169 1251 240 1319 post
260 1241 440 1321 praedictam
463 1240 696 1303 admonitionem
718 1251 856 1321 tanquam
877 1242 1017 1305 haeretiei
1034 1245 1145 1306 vitandi
1168 1254 1287 1322 essent3

58 1342 108 1402 vel
131 1350 211 1403 certe
233 1335 265 1403 ut
287 1360 342 1403 nos
364 1341 563 1420 interrogant,
593 1343 636 1404 sio
664 1362 715 1405 eos
738 1363 754 1404 a
776 1343 864 1406 nobis
885 1345 1061 1425 interrogari
1086 1365 1195 1426 operae
1216 1365 1288 1426 pre-

59 1444 136 1505 tium
159 1444 258 1514 luerit,
281 1443 417 1523 idemque
439 1463 495 1504 uos
518 1444 554 1505 ab
577 1444 635 1505 illis
657 1464 836 1525 responsum
852 1447 1023 1525 efflagitare,
1046 1448 1126 1527 quod
1141 1448 1182 1508 illi
1197 1466 1213 1509 a
1228 1466 1289 1508 no-

59 1543 109 1605 bis
134 1545 263 1623 erigunt.
307 1544 518 1623 Respondeant
540 1545 644 1625 igitur,
672 1553 772 1608 utrum
794 1547 882 1608 Pater
911 1567 946 1608 en
967 1557 1052 1628 patre
1072 1550 1127 1622 sit,
1158 1558 1188 1610 et
1215 1565 1288 1610 num

57 1646 138 1707 alius
159 1665 225 1707 eum
248 1647 298 1707 illo
321 1646 436 1725 genitus
458 1647 561 1721 luerit,
586 1648 703 1728 sintque
726 1667 760 1708 ex
784 1667 843 1709 nno
865 1651 989 1724 fratres,
1013 1651 1156 1730 qualeque
1176 1666 1289 1711 nomen

56 1745 198 1836 illisum
227 1748 292 1825 quis
322 1748 393 1808 item
422 1767 525 1808 eorum
547 1749 634 1809 Pater
662 1757 692 1810 et
719 1768 806 1821 avus,
840 1750 889 1828 qui
916 1752 1030 1830 proavi.
1072 1751 1160 1831 Atqui
1188 1751 1289 1812 nullos

58 1867 130 1910 esse
152 1849 386 1928 respondebunt.
432 1849 530 1920 Quare
560 1869 630 1928 ergo
651 1850 740 1910 Pater
767 1850 804 1911 ab
831 1851 889 1911 illis
912 1851 1033 1924 dieitur,
1063 1853 1112 1930 qui
1144 1852 1223 1913 idem
1252 1869 1288 1914 ox

56 1959 145 2029 patre
167 1969 228 2010 non
251 1951 291 2011 sit
313 1949 419 2011 ortus?
455 1951 506 2011 Vel
528 1957 577 2030 qnl
592 1950 684 2012 lilium
705 1951 816 2013 babere
837 1954 942 2032 potuit,
966 1954 1017 2032 qui
1031 1954 1095 2033 ipse
1110 1953 1195 2033 prius
1209 1953 1287 2015 filius

58 2071 121 2113 nou
145 2052 201 2113 luit
222 2051 364 2131 genitus?
407 2053 550 2132 Equidem
580 2071 640 2113 non
663 2072 710 2114 me
733 2055 820 2132 fugit,
849 2055 906 2115 ista
933 2054 1084 2133 inquirere
1112 2056 1196 2115 nolas
1219 2071 1287 2115 om·
1359 2030 1367 2049 ¹

58 2155 133 2215 nino
156 2172 235 2215 esse.
279 2153 386 2216 Verum
408 2155 486 2215 lrand
509 2155 545 2215 ab
567 2175 600 2215 re
623 2155 712 2216 luerit
733 2156 771 2215 ita
794 2154 984 2216 illudentibus
999 2155 1131 2216 vicissim
1153 2155 1286 2230 illudere,

58 2263 93 2317 ut
115 2255 221 2317 saltem
243 2274 277 2316 ex
300 2255 471 2317 huiusmodi
494 2256 620 2317 absurda
647 2266 677 2316 et
698 2257 786 2335 impia
809 2256 1042 2335 interrogatione
1063 2256 1216 2341 preprium
1238 2256 1287 2316 in-

25 2416 29 2422 ,
58 2358 231 2437 sipientiam
260 2358 412 2437 percipere
434 2358 556 2418 valeant.
601 2357 661 2418 Nee
689 2357 766 2418 enim
797 2357 843 2418 illa
872 2357 932 2417 ullo
960 2357 1050 2417 modo
1078 2364 1164 2428 sunt3
1193 2355 1289 2432 absit3

60 2477 160 2537 neque
182 2460 256 2519 haec
277 2458 313 2519 de
336 2459 485 2520 divinitate
508 2459 651 2520 sciscitari
674 2459 765 2518 decet
811 2456 962 2536 Siquidem
988 2475 1051 2517 nou
1074 2465 1121 2517 est
1141 2456 1221 2518 Deus
1243 2456 1305 2531 si-¹

58 2559 139 2620 milis
163 2560 327 2630 hominum,
351 2569 384 2621 ut
404 2561 462 2621 ista
485 2561 611 2620 humana
633 2559 670 2619 de
692 2559 741 2619 illo
764 2559 948 2638 percunctari
971 2559 1039 2636 quis
1061 2558 1176 2619 audeat.

148 2763 197 2824 16.
241 2761 353 2840 ltaque,
376 2770 408 2821 ut
430 2762 487 2821 iam
510 2761 621 2832 monui,
645 2759 793 2822 silentium
816 2761 847 2821 in
862 2761 911 2821 his
925 2760 1151 2839 quaestionibus
1167 2776 1288 2821 seruere

57 2874 88 2922 et
110 2861 281 2923 huiusmodi
303 2864 421 2924 illorum
443 2863 572 2941 argutias
595 2861 781 2923 dissimulare
802 2862 895 2923 satius
918 2871 998 2923 certe
1018 2863 1115 2923 luerit.
1159 2863 1293 2922 Verum-2

57 2974 159 3025 minen
189 2982 239 3023 ne
256 2973 391 3024 nostrum
421 2964 570 3024 silentium
600 2963 721 3024 maioris
749 2963 823 3041 ipsis
852 2964 902 3024 liat
930 2963 1130 3043 impudentiae
1159 2962 1305 3035 occasiost

57 3068 135 3127 haee
162 3063 389 3144 illis'reponere
412 3084 472 3125 non
496 3053 650 3143 gravabor.
694 3064 806 3143 Nempe
834 3064 1081 3143 quemadmodum
1108 3063 1204 3124 Patris
1231 3070 1287 3142 pu*-

58 3180 137 3230 trem
161 3167 260 3228 dicere
282 3186 342 3227 non
364 3186 538 3246 possumus,
561 3168 601 3227 ita
624 3184 679 3226 neo
699 3166 764 3226 Filii
787 3167 917 3226 fratrem.
961 3167 1093 3244 Namque
1115 3165 1232 3239 Patris,
1255 3171 1289 3226 ut

57 3279 147 3331 antea
171 3269 280 3330 dietum
304 3257 363 3341 est,
393 3270 468 3330 alius
491 3270 563 3330 deus
587 3269 684 3329 nullus
707 3267 776 3341 luit,
806 3285 861 3327 neo
889 3268 965 3329 ullus
988 3267 1124 3328 similiter
1140 3267 1220 3328 elius
1239 3263 1291 3328 est

59 3373 151 3444 lilius,
175 3371 346 3449 unigenitus
370 3371 448 3431 enim
472 3378 528 3431 est.
572 3369 701 3430 Proinde
725 3379 754 3429 et
776 3369 859 3429 solus
882 3378 912 3429 et
932 3387 1011 3430 unus
1034 3369 1122 3429 Pater
1143 3368 1237 3430 solius
1259 3375 1290 3429 et
1314 3354 1319 3365 ⁴

58 3474 151 3534 unius
174 3472 238 3533 Filii
262 3482 309 3532 est
330 3480 431 3550 pater,
459 3480 546 3549 atque
575 3471 648 3532 adeo
679 3472 710 3532 in
739 3471 803 3551 sola
831 3470 979 3532 divinitate
1002 3489 1121 3550 semper
1143 3479 1239 3546 etest
1260 3478 1291 3531 et

58 3576 116 3636 l‘uit
137 3582 223 3653 pater
245 3592 278 3634 ao
300 3563 387 3634 lilius.
432 3573 505 3633 Nam
529 3573 644 3634 tametsi
666 3572 743 3634 inter
764 3573 900 3634 homines
930 3581 1016 3651 pater
1042 3573 1147 3651 aliquis
1171 3572 1288 3643 dieitur,

58 3688 159 3738 tamen
183 3676 262 3736 idem
284 3675 404 3736 alterius
428 3675 506 3735 lilius
536 3676 600 3735 luit.
645 3674 775 3735 Tametsi
807 3674 945 3734 similiter
969 3674 1046 3735 lilius
1075 3675 1142 3752 quis
1172 3674 1288 3746 dicitur,

56 3821 219 3880 rorboe'oti.
258 3830 347 3877 lltidem
367 3829 479 3876 Ottobon.
499 3823 544 3875 καὶ
565 3818 650 3875 eidi-
700 3818 787 3891 μόνης
804 3825 853 3884 τῆς
870 3818 1007 3883 θεότητος.
1036 3827 1114 3875 Ceteri
1127 3837 1149 3873 et
1168 3827 1224 3873 oditi
1244 3832 1288 3872 art.

53 3896 104 3950 λος
122 3890 150 3952 ἕξ
169 3889 262 3950 αὐτοῦ,
281 3891 328 3942 καί
345 3889 422 3944 εἰσιν.
702 3887 716 3940 d
735 3904 758 3942 et
777 3892 824 3951 τῆς
841 3895 961 3943 obiiciunt.
997 3895 1047 3943 llox
1067 3894 1156 3953 anglic.
1179 3884 1290 3949 ἕστηκεν

92 3984 113 4014 e.
136 3968 192 4026 lleg.
215 3967 235 4013 l.
264 3963 401 4026 Sequoriun.
421 3963 493 4012 Basil.
520 3970 544 4011 ot
561 3963 650 4024 llnglic.
702 3952 743 4009 ἀεὶ
767 3955 812 4007 καὶ
836 3954 912 4009 ἔστιν
936 3952 985 4009 ἀεί.
1023 3975 1064 4013 τις
1088 3976 1155 4024 sequ.
1181 3962 1250 4009 abest
1275 3973 1289 4008 a

56 4027 169 4085 τούτοις
194 4045 216 4081 et
242 4048 295 4081 mox
321 4025 425 4079 rodano.
471 4031 532 4079 Editi
563 4039 585 4078 et
609 4031 650 4079 alii
702 4031 757 4090 Reg.
780 4030 800 4077 l.
820 4038 842 4078 et
861 4034 960 4097 Segnqr.
1109 4029 1116 4036 '
1151 4086 1160 4096 ,

56 4095 154 4153 αὐτοῖς
173 4111 196 4149 et
214 4093 327 4147 τούτων.
737 4100 759 4145 ll.
780 4099 836 4158 ltog.
850 4099 870 4146 l.
890 4108 913 4146 et
926 4101 1025 4158 Sequor.
1044 4092 1150 4160 γέγονεί
1186 4094 1248 4143 Editi
1266 4100 1292 4143 et

93 4173 109 4218 t.
131 4170 224 4230 lteql,
245 4179 267 4217 et
285 4170 383 4229 Sequar.
394 4162 570 4232 γεννώμενος.
599 4165 651 4214 llox
702 4166 744 4214 alii
762 4161 876 4228 λέγεται.
916 4168 982 4224 Qum
1007 4155 1290 4228 sequunturoistreto.

56 4241 131 4287 iidem
153 4247 175 4286 ot
194 4237 265 4285 Basil,
278 4238 367 4297 unque
379 4237 491 4284 Ottobon.
503 4227 647 4300 πρότερον.
702 4235 731 4282 ad
750 4225 810 4279 υἱοῦ
830 4227 932 4297 ὄνομα,
953 4235 1039 4281 desunt
1057 4234 1080 4280 in
1100 4229 1215 4280 Ottobon.
1233 4229 1292 4291 lleq.
1392 4230 1394 4233 ’

56 4309 102 4355 Alii
123 4315 146 4355 et
165 4307 221 4354 editi
241 4298 381 4369 πρότερος.
409 4304 548 4367 l'nnlopost
562 4289 650 4363 uagi
702 4301 926 4378 ZetFeloltmff.
962 4298 1291 4375 lltid.lleq.l.etSegu'er.

55 4386 79 4423 et
100 4379 202 4435 Sequor.
222 4372 336 4420 τοιαῦτα
361 4374 463 4431 trallunt,
490 4373 528 4419 alii
555 4381 577 4420 ot
594 4371 649 4419 editi
702 4371 790 4418 liabent
808 4362 868 4416 υἱοῦ
887 4381 982 4432 ονομα.
1022 4366 1081 4414 Editi
1101 4375 1124 4415 et
1142 4365 1226 4415 aliiue
1247 4376 1292 4411 eon

56 4443 190 4490 τοσαῦτα.
703 4429 798 4502 ὄνομα.
835 4437 886 4485 llox
905 4437 992 4485 ibidem
1011 4434 1099 4495 lnglie
1117 4431 1166 4481 τοῦ
1186 4427 1228 4480 Θά
1265 4445 1291 4481 α.

91 4517 119 4576 gl
134 4513 175 4562 sic
193 4513 250 4572 llag.
266 4511 287 4559 l.
307 4517 329 4558 et
347 4509 446 4570 segon.
464 4516 488 4557 et
504 4508 577 4572 paulo
596 4513 657 4569 post·
703 4505 994 4558 uentorumque
1011 4503 1096 4565 lieet.
1116 4499 1203 4551 τοῦΝ
1262 4513 1289 4567 ρ.
