2948 5092
69 243 135 311 m
465 242 662 305 κιτιιιιιοιι
674 256 906 305 nemmem

14 409 185 484 ιισιναςἿ.
212 402 268 471 καί
296 399 394 490 ὃμὲν
416 404 528 491 Δαβίδ
547 404 705 490 Ιψάλλων
726 408 807 493 περὶ
829 402 933 474 αὐτοῦ
956 426 1056 495 φησι·
1085 407 1140 473 καί
1164 403 1203 473 σὺ
1226 399 1296 475 κατ’

70 501 180 594 ἀρχάς,
202 505 301 592 κύριε,
323 504 381 593 τήν
401 509 460 593 γήν
481 504 718 589 ἐθεμελίωσας,
741 510 797 574 καί
819 507 898 594 ἔργα
919 511 986 574 τῶν
1001 509 1120 594 χειρῶν
1135 528 1196 573 σου
1213 506 1297 575 είοίν

69 608 103 676 οί
131 602 280 693 σῦρανοί·
314 601 408 673 αὐτοὶ
436 600 657 688 ἀπολοῦνται,
678 608 733 681 ,σὺ
763 608 800 675 δέ
824 609 1005 692 διαμένεις,
1029 611 1083 675 καί
1105 607 1231 689 πάντες
1253 603 1299 688 ὦς

69 707 202 793 ἱμάτιον
229 707 545 795 παλαιωθήσονται,
575 711 650 776 ι’καί
679 705 755 789 ὦςεί
784 710 1004 797 περιβόλαιον
1027 710 1145 792 ἑλίξεις
1167 704 1297 790 αάτοός,

68 812 122 877 καί
147 804 400 897 ἀλλαγήσονται·
434 809 474 877 σὺ
502 811 539 878 δέ
568 805 709 890 όαότδς
731 807 776 892 εί,
811 811 931 879 καὶτὰ
953 812 1008 900 ἔτη
1032 835 1097 879 σου.
1115 807 1175 879 οῦκ
1196 810 1301 879 έκλεί-

69 914 234 996 ψουσινἼ.
268 907 285 976 ό
308 913 344 978 δέ
365 910 476 997 κύριος
496 907 596 991 αι’·τός
617 916 694 999 περὶ
719 912 838 982 ἑαυτοῦ
854 913 912 981 διὰ
926 917 986 981 τοῦ
1002 914 1178 1003 προφήτου
1194 915 1300 1001 λέγει·

68 1012 157 1080 ίδετέ
183 1037 240 1096 με,
272 1012 360 1081 ίδετε
382 1008 435 1080 ότι
457 1012 521 1099 ίγώ
543 1013 641 1098 εἰμι’)
661 1017 718 1083 καί
741 1009 800 1083 οῦκ
821 1010 1048 1104 ήλλοίωμαιή.
1094 1016 1125 1084 εί
1154 1015 1217 1104 γὰρ
1246 1019 1301 1085 καί

67 1115 145 1197 περὶ
167 1116 227 1180 τοῦ
249 1112 378 1202 πατρὸς
399 1113 537 1182 δύναται
558 1117 662 1202 λέγειν
684 1142 737 1198 τις
752 1111 838 1185 είναι
852 1121 951 1184 τοῦτο
974 1116 1031 1184 ο’τὸ
1046 1116 1300 1204 σημαινόμενον,

67 1207 152 1280 ἀλλά
179 1217 234 1281 καί
262 1214 320 1282 τόν
347 1215 419 1284 υίὸν
447 1211 584 1302 ἁρμόζει
610 1221 710 1286 τοῦτο
732 1220 853 1306 λέγειν,
884 1215 938 1286 ότι
958 1218 1106 1304 μάλιστα
1126 1219 1302 1305 γενόμενος

66 1311 252 1399 ἄνθρωπος
281 1320 426 1386 δείκνυσι
452 1317 511 1406 τήν
537 1319 722 1409 ταυτότητά
749 1321 805 1390 καί
831 1320 870 1389 τό
900 1319 1065 1409 ἄτρεπτον
1088 1321 1208 1390 ἑαυτοῦ
1230 1331 1304 1401 τοῖς

12 1513 21 1521 μ
66 1415 241 1498 νομίζουσι
271 1419 327 1488 διά
354 1419 413 1510 τήν
442 1419 547 1509 σάρκα
569 1417 802 1511 ὖἠλλοιῶσθαι
823 1417 923 1490 αάτόν
945 1426 999 1491 καλ
1023 1422 1135 1511 ἕτερόν
1157 1449 1193 1501 τι
1213 1447 1303 1510 γεγε-

57 1518 204 1600 νῆσθαι.
237 1515 510 1611 ἀξιοπιστότεροι
531 1526 568 1594 δέ
590 1524 623 1593 ολ
645 1521 737 1612 άγιοι
757 1527 812 1593 καί
833 1527 960 1610 μᾶλλον
983 1521 1001 1592 ό
1023 1524 1136 1612 κύριος
1156 1528 1217 1612 τῆς
1237 1528 1303 1594 τῶν

67 1610 198 1739 ἀσεβῶν
225 1632 409 1706 κακονοίας.
454 1624 511 1694 καὶ
537 1625 599 1714 γάρ
627 1626 712 1695 κατὰ
739 1627 778 1694 τό
807 1626 977 1715 είρημένον
997 1623 1219 1714 ’ἀνάγνωσμα
1246 1630 1304 1716 τῆς

66 1718 245 1840 υμνφδίας,
280 1727 417 1797 πάντων
448 1732 516 1797 τῶν
544 1722 687 1819 γενητοῦν
716 1731 771 1796 καί
793 1728 905 1817 πάσης
925 1731 984 1814 τῆς
1005 1734 1144 1808 κτίσεως
1166 1727 1227 1796 διά
1247 1731 1304 1818 τῆς

67 1827 209 1907 ουρανοῦ
242 1828 300 1896 καὶ
326 1835 385 1921 γής
413 1838 579 1920 σημασίας
605 1831 749 1920 τρεπτὴν
770 1834 825 1899 καί
847 1826 1030 1918 ἀλλοιωτὴν
1051 1826 1088 1918 ίή
1111 1830 1224 1920 γραφή
1246 1829 1303 1918 τήν

58 1922 170 2015 ’φύσιν
192 1928 344 2016 λέγουσα,
367 1937 421 2001 καί
444 1932 502 2002 τὸν
523 1930 596 2002 υἱὸν
618 1929 844 2022 ῦπεξαίρουσα
865 1932 1008 2014 τούτων,
1033 1933 1179 2000 δείκνυσι
1200 1931 1305 2021 μηδό-

68 2030 134 2108 λως
150 2077 152 2081 <
167 2034 303 2120 γενητὸν
336 2033 436 2105 αὐτὸν
458 2031 558 2116 εἶναι,
589 2030 674 2102 ἀλλά
695 2035 897 2120 καὶμᾶλλον
920 2029 1019 2103 αὐτὸν
1042 2028 1243 2102 ἀλλοιοῦντα
1262 2036 1304 2101 τά

70 2129 156 2202 άλλα
176 2137 232 2202 καί
254 2137 299 2225 μὴ
323 2136 558 2224 ἀλλοιούμενον
574 2134 682 2208 ,αὐτὸν
705 2137 869 2220 διδάσκει,
893 2131 940 2204 δι’
967 2125 1012 2203 ὧν
1035 2157 1136 2224 φησι·
1160 2133 1202 2203 σὺ
1227 2136 1264 2203 δὲ
1284 2129 1321 2207 ό·

72 2229 171 2315 αὐτὸς
194 2230 233 2317 ελ,
256 2244 311 2308 καί
333 2240 375 2309 τά
397 2241 452 2330 έτη
476 2265 536 2308 σου
560 2236 618 2306 οόκ
640 2238 842 2325 ἒκλείψουσι.
876 2241 930 2305 καί
954 2236 1088 2316 εἰκότως
1109 2261 1156 2324 γε,
1180 2237 1223 2306 τά
1245 2238 1303 2323 μέν

71 2338 133 2430 γάρ
155 2342 303 2430 ’γενητά
327 2339 442 2424 έξοῦκ
465 2339 568 2409 όντων
591 2338 671 2423 ὄντα
691 2340 748 2408 καὶ
769 2335 827 2408 οῦκ
849 2339 929 2407 ὄντα
951 2341 1031 2425 πρὶν
1052 2344 1196 2426 γένηται,
1222 2337 1305 2419 ὅλως

3 2467 7 2474 ·
74 2439 128 2513 ὅτι
150 2436 209 2510 οῦκ
231 2441 313 2513 ὄντα
334 2452 469 2533 γίνεται,
494 2438 730 2541 ἀλλοιουμένην
753 2442 818 2526 ἔχει
839 2441 897 2530 τήν
920 2440 1036 2528 φύσιν,
1061 2436 1079 2507 ό
1103 2442 1139 2508 δὲ
1161 2441 1249 2523 υἱός,
1273 2440 1309 2517 ἐκ

6 2550 132 2616 ,ιικτοῦ
156 2546 285 2634 πατρὸς
308 2543 354 2616 δν
376 2549 511 2635 καὶτῆς
533 2540 649 2623 οάσίας
663 2538 765 2610 αὐτοῦ
781 2545 877 2623 ἰ’διος,
902 2537 1126 2622 ἀναλλοίωτος
1140 2546 1197 2609 καί
1212 2539 1305 2628 ἀτρε-

74 2650 160 2731 πτός
183 2649 288 2731 έοτιν,
320 2647 365 2729 ὡς
388 2643 487 2726 αὐτὸς
509 2642 527 2713 ό
550 2645 669 2733 πατήρ.
715 2642 753 2712 οὗ
776 2645 837 2732 γάρ
859 2651 960 2730 θέμις
983 2644 1091 2712 εἰπεῖν
1114 2643 1149 2712 ἐκ
1169 2647 1230 2734 τῆς
1251 2638 1306 2711 οῦ-

75 2763 151 2835 σίας
179 2757 258 2838 1’τῆς
286 2748 451 2839 ἀτρέπτσυ
480 2747 622 2834 τρεπτόν
649 2751 833 2834 γεννᾶσθαι
861 2747 957 2833 λόγον
985 2749 1040 2814 καὶ
1068 2742 1306 2834 ἀλλοιουμένην

74 2866 207 2946 σοφίαν,
253 2860 328 2934 πῶς
349 2853 410 2941 γάρ
433 2853 484 2920 ἔτι
505 2849 609 2937 λόγος,
634 2850 664 2923 εἰ
684 2848 827 2934 τρεπτός
848 2847 956 2932 ίστιν,·
990 2842 1011 2937 ἢ
1032 2851 1107 2928 πῶς
1130 2848 1180 2914 ότι
1203 2853 1308 2936 σοφία

74 2960 113 3028 τὸ
137 2953 392 3041 άλλοισόμενον;
416 2955 445 3023 εἰ
467 2953 512 3042 μή
536 2951 600 3038 άρα
621 2947 683 3029 ἰὡς
698 2950 732 3018 ίν
748 2946 845 3038 οὐσίᾳ
862 2949 1075 3037 συμβεβηκός,
1100 2945 1207 3028 οῦτως
1222 2943 1308 3017 εἶναι

37 3093 39 3096 ·
75 3063 245 3139 θέλουσιν,
270 3054 315 3137 ὡς
337 3058 371 3125 έν
394 3054 565 3142 ίδιαζοόση
587 3051 655 3120 τινὶ
677 3047 775 3139 οὐσίᾳ
798 3058 1037 3140 συμβεβηκέναι
1051 3050 1127 3118 τινὰ
1140 3049 1238 3137 χάριν
1252 3047 1308 3117 καί

77 3163 144 3242 ἕξιν
167 3156 298 3248 ἀρετής,
329 3162 384 3226 καί
406 3159 590 3244 κεκλῆσθαι
610 3153 731 3243 ταύτην
753 3149 859 3232 οὕτως
881 3153 977 3239 λόγον
999 3151 1055 3220 καὶ
1077 3151 1149 3219 υἱὸν
1171 3149 1230 3219 καὶ
1250 3175 1309 3219 σσ-

75 3269 172 3352 φίαν,
208 3259 289 3341 άςτε
317 3259 374 3327 καὶ
402 3255 628 3348 ἀφαιρεῖσθαι
654 3257 709 3324 καί
738 3261 990 3341 προςτίθεσθαι
1018 3248 1100 3342 αὐτῇ
1129 3253 1308 3322 δύνασθαι.

76 3368 215 3432 τοιαῦτα
242 3362 304 3449 γάρ
328 3365 526 3448 φρονοῦντες
548 3357 710 3437 πολλάκις
723 3356 908 3443 εἰρήκασιν.
954 3350 1022 3423 ἀλλ’
1049 3350 1106 3423 σῦκ
1130 3356 1203 3424 ἔστι
1222 3362 1311 3441 Χρι-

12 3499 17 3513 ·
77 3469 220 3534 στιανῶν
248 3460 269 3553 ή
298 3470 415 3542 πίστις
442 3458 533 3549 αῦτη.
578 3455 678 3528 1ῐσῦδὲ
705 3458 766 3546 γὰρ
795 3462 895 3525 τοῦτο
917 3459 1081 3526 δείκνυσιν
1104 3452 1192 3525 εἶναι
1213 3456 1310 3544 λόγον

76 3568 132 3635 καὶ
160 3565 231 3634 υίὸν
260 3561 398 3654 ἀληθιῦς
424 3567 509 3631 θεοῦ
538 3561 614 3630 οὕτε
642 3561 700 3650 τήν
723 3568 846 3649 σοφίαν
869 3557 979 3649 ἀληθῆ
1003 3565 1136 3647 σοφίαν.
1182 3556 1223 3624 τό
1250 3557 1311 3645 γάρ

76 3669 278 3756 τρεπόμενον
300 3670 354 3734 καί
378 3661 611 3749 ἀλλοιούμενον
635 3659 692 3746 οὐχ
714 3662 905 3747 Ιἱστάμενον
928 3662 964 3728 δέ
987 3661 1020 3728 ἐν
1044 3660 1094 3729 ἑνὶ
1115 3658 1234 3746 καὶτῷ
1252 3654 1310 3725 αῦ-

79 3844 171 3970 Μ11η
191 3840 326 3961 fleat-613,
344 3840 368 3890 8.
452 3837 478 3899 2)
497 3839 559 3889 ΡεοΙ.
580 3837 628 3888 102
647 3835 720 3901 [101.
738 3833 826 3906 LXXJ,
846 3834 958 3886 26-28.
1044 3832 1071 3893 θ)
1091 3832 1189 3917 θεριῑεο.
1209 3832 1251 3893 32,
1271 3832 1313 3882 39.

150 3929 209 3960 νου.
248 3948 254 3967 ,
291 3947 296 3958 .

112 4045 134 4079 ο.
163 4022 276 4092 ψάλλων
303 4036 326 4077 ει
352 4042 406 4076 mox
433 4019 480 4073 καί
504 4017 537 4071 σό
560 4025 628 4074 abest
655 4041 666 4074 a
719 4016 766 4070 διά
793 4020 840 4068 τοῦ
864 4014 1020 4088 προφήτου.
1063 4019 1141 4067 Editio
1167 4017 1311 4068 commelin.

78 4099 177 4149 Gobler.
196 4105 220 4146 σί
238 4097 341 4146 Felckm.
364 4095 385 4144 l.
612 4122 619 4157 ,ς
719 4085 817 4140 ἑαυτοῦ
838 4088 885 4136 τοῦ
905 4083 951 4136 διὰ
969 4087 1018 4136 τοῦ
1037 4094 1082 4137 ιιι.
1127 4086 1187 4135 Ibid.
1212 4090 1311 4147 Seguer.

113 4167 136 4215 h.
155 4167 195 4216 Sic
222 4180 279 4213 mss.
299 4178 391 4213 οιοοεε.
427 4162 474 4211 Sed
495 4162 517 4210 in
537 4160 607 4210 ιδίιίτ
624 4158 669 4209 δε·
720 4157 818 4207 Goblrr.
829 4165 851 4206 ει
862 4157 965 4206 Felckm.
978 4157 999 4205 l.
1019 4146 1090 4202 ίδετί
1105 4167 1150 4219 με,
1171 4144 1244 4203 ἴδετε
1260 4144 1310 4201 ι’τι.

80 4243 135 4285 ενοι
153 4229 200 4282 καὶ
210 4226 270 4286 άςεί
285 4223 461 4297 περιβόλαιον
470 4223 562 4285 ίλίξεις
571 4218 670 4281 αάτσῦς
720 4225 764 4274 Alii
785 4235 808 4275 ει
826 4227 882 4274 ediu
902 4217 972 4272 ίδετέ
988 4237 1024 4289 με
1042 4213 1092 4271 ότι.

8 4334 19 4349 .
79 4295 125 4350 καί
143 4293 343 4365 ἀλλαγήσονται
387 4299 476 4347 Ibidem
490 4296 627 4346 ίὶοόΙνιίοο.
647 4303 670 4344 ιι
755 4310 774 4342 c.
800 4293 841 4341 Sic
865 4294 964 4354 θερινόν.
1000 4292 1060 4339 Εόίιί
1087 4304 1142 4339 vero
1166 4287 1249 4338 τοῦτο
1268 4299 1312 4355 ση·

81 4371 185 4419 Felckm.
209 4371 230 4419 1.
256 4361 434 4429 ἔκλε’ψουσιν.
458 4358 504 4412 καὶ
522 4354 555 4411 δι’
576 4357 683 4428 ἐτέρου.
720 4355 900 4426 μαινόμενον.
1159 4365 1165 4371 ·

79 4430 227 4504 προφήτου
245 4429 327 4483 πάλιν
344 4429 446 4499 φησίν·
466 4424 536 4489 ἴδετε
546 4441 591 4480 etc.
610 4433 669 4481 Ιιειο
758 4431 781 4479 δ.
801 4432 902 4490 Seguer.
923 4418 1111 4474 ἀλλοιοῦσθαι.

81 4504 139 4554 ὶόισ.
163 4508 264 4568 segont.
291 4503 363 4552 ΒοιὶΙ.
387 4502 444 4564 θος.
463 4500 556 4572 λορίίεζ
573 4491 672 4548 ἑαυτοῦ
758 4511 779 4548 ι.
799 4486 970 4561 ἀνάγνωσμα
999 4493 1068 4545 νόσοι
1094 4491 1274 4545 κῦοίιίειίιοο
1292 4497 1314 4542 ιι
