2948 5092
465 246 583 293 eurio
599 247 620 290 1.
637 247 752 291 conixa
766 247 902 292 imeres
1230 236 1288 302 idi

57 403 188 475 mmuh,
226 401 277 480 qui
301 400 451 462 Christum
479 408 604 478 propter
629 416 687 460 nes
714 399 822 460 lactum
841 404 1078 481 primogenitum
1100 422 1138 465 eu
1159 407 1376 469 mortariensis.

58 503 172 585 negati
218 503 278 577 Qui
299 520 371 564 xero
394 501 458 564 lieri
481 507 591 580 potest,
613 507 645 561 ut
667 500 707 572 ts‚·
728 501 778 579 qui
801 519 969 579 germanam
992 520 1026 563 ac
1046 522 1145 565 veram
1167 505 1232 567 Filii
1255 525 1292 569 cx

59 607 146 668 Patre
169 603 395 685 generationem
416 603 502 682 plane
524 602 658 681 ignorat,
681 602 757 663 circa
780 602 913 664 eiusdem
936 623 1112 684 corporeum
1134 588 1293 672 adventurn

61 728 120 770 uon
143 706 250 770 erret?
293 707 336 769 lta
357 706 437 767 enim
459 713 489 766 et
510 704 581 765 olim
602 703 713 776 ludaei,
736 714 893 783 postquam
912 706 1038 768 Verbum
1059 718 1242 787 negaverunt
1261 719 1292 773 et

62 813 215 873 dixerunt:
238 808 309 871 Nox
332 808 472 870 holmus
487 805 594 887 Regem
616 810 678 867 nisi
691 806 860 882 Caesarem,
883 807 973 870 rebus
989 810 1127 872 omnibus
1150 812 1294 875 continuo

64 913 181 994 spoliati
204 919 284 985 sunt,
307 929 341 971 ac
361 910 425 972 luce
446 909 593 980 lucernae,
617 909 759 986 unguenti
781 909 884 982 odore,
910 909 1088 990 Prophetiae
1110 914 1290 993 cognitione,

64 1016 185 1095 ipsaqtte
213 1014 337 1075 veritate
364 1011 436 1073 nudi
465 1019 535 1073 sunt
556 1009 706 1084 destituti,
740 1010 790 1089 qui
819 1019 848 1072 et
875 1012 965 1073 modo
994 1013 1067 1074 nihil
1093 1013 1291 1094 intelligentes

64 1127 202 1196 unquam
224 1115 256 1175 in
278 1113 410 1176 tenebris
433 1112 591 1173 ambulant
636 1110 793 1173 Enimvero
816 1113 882 1192 quis
906 1114 972 1175 talia
1002 1115 1114 1177 audivit
1135 1117 1291 1197 unquam?

66 1219 118 1279 hut
138 1217 219 1279 unde
240 1217 288 1279 rel
316 1235 332 1277 a
361 1235 420 1295 quo
447 1215 569 1276 huiusce
598 1215 731 1276 haeresis
760 1214 928 1277 adulatores
958 1217 1129 1280 muneribus
1158 1221 1290 1300 corrupti

66 1321 119 1380 ista
138 1316 296 1380 didicere?
340 1317 416 1390 Quis
438 1317 526 1388 illos,
551 1334 616 1377 cum
639 1315 823 1378 Christianae
844 1317 995 1396 religionis
1018 1317 1170 1382 elementis
1194 1321 1290 1382 inler-

67 1420 228 1492 mahantur‚
252 1420 409 1498 quicquam
431 1417 526 1478 simile
549 1416 671 1479 docuit?
709 1418 784 1490 Quis
806 1418 863 1479 illia
885 1418 972 1480 dixit:
995 1419 1105 1482 lterum
1127 1433 1292 1487 creatarum
1348 1462 1357 1477 =

69 1521 142 1581 oeltu
164 1521 301 1592 dimisso,
324 1521 431 1581 iterum
454 1520 583 1581 accedite
605 1527 637 1580 ut
658 1537 721 1580 rem
737 1528 863 1580 creatam
880 1528 910 1580 et
924 1522 1028 1582 laetam
1044 1521 1172 1584 colatis?
1200 1525 1290 1605 Quod

69 1624 90 1681 si
111 1621 168 1701 ipsi
195 1641 276 1684 nunc
304 1622 431 1700 primum
458 1621 531 1681 haec
558 1639 591 1681 se
618 1621 720 1682 audire
748 1623 892 1694 latentur,
925 1640 987 1683 nou
1017 1641 1088 1702 crgo
1111 1625 1288 1702 inficientur,

69 1727 186 1787 alienam
210 1743 279 1787 esse
307 1725 419 1785 hancce
446 1723 591 1784 haeresim
615 1741 712 1802 neque
735 1742 750 1783 a
773 1722 909 1785 Patribus
930 1724 1078 1786 traditam.
1124 1727 1210 1799 Quod
1232 1746 1289 1790 au·

69 1839 121 1888 tem
142 1847 158 1888 a
181 1826 319 1888 Patribus
341 1825 478 1887 traditum
500 1843 561 1886 non
584 1833 639 1898 est,
662 1825 715 1887 sed
735 1826 899 1886 novissime
914 1835 961 1887 est
975 1827 1181 1907 excogitatum,
1204 1831 1290 1892 cuiue

69 1949 172 2007 quaeso
194 1929 314 2008 generis
337 1947 406 1990 esse
428 1928 608 1990 censendum
631 1936 694 2001 cst,
723 1946 809 2007 quam
838 1926 919 1999 eius,
948 1929 986 1989 de
1007 1946 1066 2008 quo
1089 1930 1164 1992 dixit
1184 1931 1289 1994 heatus

70 2031 185 2092 Paulus:
209 2031 249 2092 ln
265 2034 430 2111 postremis
453 2031 637 2110 temporibus
661 2030 811 2093 discedent
829 2031 1075 2111 galdemarum
1095 2032 1163 2112 fide,
1188 2040 1290 2096 ottere-

71 2133 163 2193 dextes
185 2135 347 2213 spiritibus
369 2136 489 2194 erroris
511 2143 540 2193 et
563 2133 709 2194 doctrinis
733 2132 975 2205 doemoniorum,
1003 2137 1036 2194 in
1064 2133 1221 2215 hypocrisi
1240 2135 1289 2198 lo-

71 2238 214 2311 quentium
235 2235 436 2303 menducium,
465 2245 493 2294 et
522 2237 721 2296 cauteriatum
749 2233 921 2296 ludentium
949 2252 1036 2296 suom
1066 2240 1287 2310 conscientium,

72 2345 96 2393 et
113 2341 316 2398 evertentium·
334 2354 366 2397 se
386 2354 406 2396 o
427 2334 580 2398 veritate?

145 2439 176 2500 9.
220 2436 295 2498 Ecce
318 2437 396 2498 enirn
417 2455 475 2497 nos
498 2437 615 2516 quidem
638 2455 674 2497 ex
697 2436 803 2497 divinis
826 2437 988 2517 scripturis
1021 2438 1112 2499 libere
1140 2447 1171 2499 et
1192 2440 1288 2500 conli-

72 2539 166 2601 denter
187 2541 223 2600 de
246 2541 293 2619 pia
316 2551 454 2619 rectaque
476 2540 533 2599 lide
554 2539 711 2617 loquimur,
735 2558 821 2617 quarn
838 2547 867 2600 et
881 2540 1183 2618 tanquamlucernam
1198 2558 1289 2619 super

72 2642 267 2704 caudelabrum
290 2642 479 2714 collocamus,
503 2641 650 2702 dicentes:
673 2640 765 2701 Filius
788 2659 877 2700 verus
900 2649 1003 2700 natura
1026 2648 1055 2700 et
1077 2639 1223 2717 genuinus
1241 2649 1289 2703 est

72 2743 155 2805 l'atris
178 2746 302 2823 eiusque
324 2744 506 2804 substantiae
521 2743 672 2822 proprius,
696 2742 844 2822 Sapientia
860 2741 1019 2819 unigenita,
1043 2741 1169 2801 Verbum
1185 2760 1288 2804 verum

71 2863 99 2904 ar
118 2847 234 2907 unicum
257 2847 309 2907 hei
332 2847 397 2925 ipse
420 2854 481 2919 est,
505 2864 565 2905 non
588 2863 638 2905 rcs
661 2853 757 2904 creata
779 2843 825 2903 vel
848 2844 938 2914 lacta,
973 2842 1027 2902 sed
1048 2843 1188 2920 proprius
1211 2843 1287 2903 suh·

71 2949 185 3008 stantiae
207 2948 303 3010 Patris
325 2950 412 3009 letus.
458 2948 604 3019 Quocirca
626 2946 705 3006 Deus
729 2952 776 3004 est
796 2962 885 3004 verus
907 2943 1131 3022 veroquePatri
1153 2944 1287 3006 consult·
1379 2970 1386 2989 ¹

71 3050 205 3110 stantialis
229 3051 338 3111 existit.
383 3049 436 3109 dlii
460 3059 567 3119 autern,
591 3047 698 3126 quibus
721 3046 843 3107 dicitur:
867 3046 928 3124 Epo
949 3047 1028 3106 dimi:
1052 3047 1198 3118 Dei'estis,
1220 3045 1288 3107 Filii

69 3167 117 3226 per
136 3153 278 3230 Spiritum
301 3152 459 3230 participes
483 3159 595 3209 tantum
617 3149 684 3209 lacti
706 3149 783 3208 hanc
804 3149 921 3208 aPatre
936 3146 1046 3208 habent
1067 3148 1199 3225 gratiam.
1235 3147 1282 3210 Fi·

68 3255 239 3330 persertim
262 3265 308 3314 est
330 3254 516 3315 substantioe
538 3249 649 3322 Patris,
672 3251 721 3311 lux
744 3269 778 3310 ex
800 3250 880 3323 luce,
909 3248 1001 3311 virtus
1024 3257 1054 3309 et
1076 3268 1143 3310 vera
1165 3258 1370 3311 naturaenats.

69 3353 155 3415 Patris
177 3357 284 3433 imago.
328 3355 361 3415 ld
384 3354 461 3415 enirn
485 3354 549 3431 ipse
571 3352 715 3413 [lominus
737 3351 824 3412 dixit:
862 3352 925 3425 Qut
943 3370 989 3413 me
1012 3353 1100 3423 vidit,
1129 3353 1205 3414 vidit
1227 3351 1287 3413 Pu-

72 3469 146 3518 trem.
179 3458 304 3535 Semper
326 3458 395 3517 item
420 3456 473 3517 luit
495 3464 524 3515 et
546 3463 603 3527 est,
626 3472 659 3515 ac
681 3473 832 3533 nunquam
853 3472 915 3515 non
931 3454 1000 3523 loit;
1023 3471 1089 3514 cuni
1106 3453 1184 3512 enim
1200 3451 1289 3514 Pater

71 3568 198 3618 aeternus
221 3559 270 3625 sit,
295 3559 358 3618 eius
382 3575 498 3636 quoquc
516 3556 642 3616 Verbum
665 3564 694 3616 et
710 3556 889 3634 Sapientiam
905 3565 1053 3615 aeternam
1072 3571 1142 3614 csse
1164 3570 1288 3613 necesse

72 3671 117 3720 est
159 3660 203 3720 llli
228 3678 298 3719 vero
321 3659 391 3738 quid
414 3659 530 3718 tandem
554 3657 641 3717 nohis
666 3675 700 3717 ex
727 3658 852 3718 nefanda
875 3656 977 3718 Thalia
1000 3662 1108 3734 queant
1130 3650 1288 3733 prolerre?

71 3760 132 3822 Eam
154 3760 258 3822 saltem
281 3761 364 3840 prius
387 3760 485 3838 legant
507 3759 663 3837 scriptoris
687 3777 785 3820 mores
807 3758 922 3829 imitati,
946 3765 978 3818 ut
1000 3756 1044 3816 vel
1067 3754 1103 3815 ab
1126 3754 1190 3814 aliis
1207 3752 1288 3815 irrisi

71 3949 89 3994 ie
111 3964 167 3998 mss.
187 3949 285 4009 chuer.
304 3953 327 3995 et
346 3946 437 4007 Anglic.
474 3946 499 3994 ln
519 3946 572 3993 aliie
591 3960 646 3994 rere
733 3947 755 3993 h.
777 3938 791 3991 ὃ
809 3937 902 4009 κύριος
920 3944 988 3992 obest
1005 3959 1017 3990 a
1032 3941 1128 3992 Gohler.
1149 3948 1170 3988 et
1183 3939 1287 3988 Felclrm'.

70 4016 322 4077 deditissielegitur:
341 4006 494 4078 δαιμόνων,
514 4006 647 4079 ducerer-
701 4014 723 4061 1.
754 4013 803 4060 llcx
823 4012 963 4072 Segnerian.
983 4011 1121 4060 Gohlerien.
1140 4015 1163 4056 ct
1182 4008 1286 4056 Felclm.

69 4077 180 4149 piparas
199 4078 251 4143 τὴν
268 4074 407 4141 ἀλήθειαν.
701 4082 722 4128 l.
749 4070 792 4127 det
810 4092 844 4138 ην
860 4073 906 4126 καὶ
923 4070 983 4125 ἔστι
1029 4074 1171 4126 feteant.
1191 4081 1214 4121 et
1231 4073 1287 4120 editi

97 4155 110 4199 1.
135 4155 233 4214 Segner.
259 4144 304 4200 lui
328 4143 380 4208 τὴν
403 4141 503 4214 λύχνην
526 4147 646 4212 τίθεμεν.
700 4139 742 4196 ἀεὶ
767 4142 797 4195 δὲ
819 4141 866 4194 καὶ
889 4140 955 4195 ἔστι.
998 4145 1042 4194 1111
1067 4135 1109 4192 ἀεὶ
1132 4136 1162 4191 δὲ
1186 4127 1219 4199 ἦν
1242 4131 1288 4185 eorl

67 4221 124 4269 ldem
146 4222 203 4270 ihid.
222 4228 246 4268 et
264 4219 361 4269 Gulder.
373 4218 478 4266 Feleltm.
490 4218 511 4265 l.
523 4216 646 4275 etttnplic.
700 4210 767 4265 ἔστι.

65 4283 104 4335 ni
120 4283 239 4353 γνήσιος.
276 4288 338 4336 Editi
364 4295 388 4335 et
406 4286 446 4334 alii
464 4279 512 4331 καί
528 4288 648 4334 omittunt.
736 4286 750 4332 i.
775 4284 816 4333 Sic
833 4282 925 4345 Seguer
943 4280 1081 4330 Gchlerien.
1098 4284 1125 4355 3¹
1142 4272 1285 4352 delfino).

94 4372 113 4418 ς.
132 4357 335 4419 Semertngtic.
355 4354 454 4404 Gohler.
475 4361 498 4403 et
508 4352 648 4401 lelclml
702 4352 729 4399 tt
748 4351 787 4400 alii
812 4358 836 4399 et
855 4351 910 4401 editi
937 4339 1016 4394 adrat
1040 4341 1069 4394 δὲ
1093 4357 1148 4410 apa
1165 4355 1193 4388 u
1211 4353 1284 4404 ημιν.

62 4421 140 4543 ἕνῃ.
175 4426 250 4475 Paule
269 4433 326 4490 post
345 4421 487 4484 chuerian.
502 4412 647 4487 χαρακτήρ
702 4422 801 4480 Seguer.
820 4419 878 4467 ibid.
897 4408 1065 4464 πανεκλύτου
1084 4405 1191 4505 dulles.

106 4509 124 4544 e.

90 4587 215 4629 druxesn
227 4592 280 4625 err.
292 4589 365 4623 oce!-
380 4587 430 4617 m·
1055 4563 1084 4612 ll
