2948 5092
483 254 591 305 omno
607 261 628 303 r.
645 260 761 304 conrru
774 260 909 305 muros.
1242 249 1303 317 103

72 415 128 476 hoc
155 432 251 494 nsque
280 393 397 492 tempus
420 411 555 473 nonnulli
577 411 695 474 illorum
717 412 820 492 pueris
843 412 873 472 in
896 413 995 476 lorum
1019 423 1194 492 occurrunt,
1226 432 1389 499 quoscm.

71 517 265 596 interrogent,
289 532 350 576 oon
364 513 484 594 quidem
500 532 535 574 er
551 513 658 575 divinis
674 513 846 593 Scripturis‚
869 515 922 576 sed
939 516 1018 578 reiut
1033 536 1072 579 eo
1087 520 1187 582 cordis
1204 521 1303 584 obun—

72 619 177 680 dsntr'e
197 615 370 679 huiusmodi
388 614 482 676 -verha
505 623 690 676 eructantes:
714 614 794 688 „Qui
815 623 871 686 est,
895 635 1012 688 eumne,
1036 619 1086 697 qui
1102 610 1233 682 nondum
1250 640 1302 686 es·

72 728 161 792 ‚‚set‚
188 718 260 782 lecit
281 737 318 780 ex
339 717 451 790 nihilo,
481 735 519 778 an
541 716 591 795 qui
613 715 673 777 iam
694 715 798 778 esset?
842 718 924 780 Fecit
946 720 1035 798 igitur
1057 740 1140 795 eum,
1171 724 1222 802 qui
1244 723 1303 786 iam

73 831 176 893 Μαι,
206 838 245 881 an
273 819 408 900 quinon
431 816 544 880 eret?“
590 817 628 877 Et
649 835 771 879 rursus:
795 818 952 890 „Unumne
973 830 1020 883 est
1041 824 1302 902 non-genitum*,

71 922 143 993 „rel
165 920 251 984 duo?
294 921 371 984 Num
393 920 484 982 Filius
512 919 608 981 libero
635 918 788 999 praeditus
811 929 857 982 est
878 921 1016 997 arbitrio,
1045 925 1226 1006 propriaque
1246 946 1302 989 vo·

72 1023 212 1096 „luotote
232 1040 295 1085 nou
318 1031 465 1093 mutetur,
494 1040 562 1083 cum
590 1028 713 1082 naturae
740 1021 780 1081 sit
807 1022 981 1084 mutabilis?
1023 1024 1085 1087 Nee
1106 1027 1184 1088 enim
1207 1026 1303 1090 instar

72 1124 204 1204 „lapidis
234 1132 280 1187 est
307 1142 363 1204 per
384 1143 418 1185 se
439 1141 564 1185 manens
587 1120 780 1184 immobilis.“
826 1123 939 1185 Deinde
968 1126 1154 1188 mulierculas
1182 1136 1302 1207 quoque

71 1226 260 1298 conveniunt,
283 1245 357 1306 quas
372 1225 521 1287 indecoris
539 1225 623 1286 hisce
637 1224 826 1286 sermonibus
841 1226 1066 1304 aggrediuntur:
1090 1227 1187 1302 „Num
1209 1230 1303 1293 lilium

71 1326 226 1399 „habuisti
249 1328 423 1407 priusquam
444 1325 591 1406 pareres?
613 1327 693 1404 atqui
715 1327 962 1405 quemadmodum
978 1347 1038 1391 uon
1053 1330 1137 1409 prius
1159 1330 1301 1408 habuisti,

72 1430 141 1502 „sic
163 1448 222 1492 nec
244 1430 301 1490 luit
321 1429 374 1490 bei
396 1429 488 1491 Filius
511 1439 668 1507 antequam
691 1437 898 1490 nasceretur.·‘
942 1430 1122 1493 Huiusmodi
1143 1433 1229 1494 dictis
1244 1435 1301 1496 tri·

69 1532 192 1611 pudiant
214 1531 334 1609 inglorii
356 1529 396 1592 illi
419 1531 555 1592 homines
578 1530 730 1609 Deumque
759 1530 885 1592 similem
915 1531 1067 1593 hominum
1091 1534 1219 1613 lingunt,
1251 1537 1302 1616 qni

70 1653 134 1695 orm
157 1653 192 1695 se
216 1632 404 1696 Christianos
427 1652 496 1694 esse
517 1631 708 1713 praedicant,
732 1632 791 1695 Dei
809 1633 939 1713 clerium
961 1646 1081 1698 metunt
1102 1641 1134 1698 in
1156 1637 1302 1702 similitut-

71 1737 168 1798 ἥκω
189 1740 330 1816 moninio
354 1734 565 1814 corruptibilis
588 1733 728 1795 bominis.

151 1841 205 1902 23.
252 1837 332 1899 Sane
353 1837 389 1898 ad
406 1837 467 1898 ista
490 1854 529 1897 ne
550 1835 734 1915 respondere
757 1836 876 1915 quidem
898 1856 1024 1917 aequum
1047 1846 1137 1911 esset,
1161 1839 1235 1899 adeo
1250 1839 1301 1901 in·

71 1940 148 2001 suisa
180 1950 254 2001 sunt
281 1948 312 2000 et
338 1939 447 2018 inepta.
491 1937 599 1999 ilerum
628 1955 667 1998 ne
700 1937 817 2000 illorum
845 1938 977 2001 haeresis
1000 1939 1109 2019 aliquid
1142 1940 1300 2003 soliditatis

70 2041 177 2102 hahere
199 2041 351 2114 videatur,
384 2059 437 2101 eos
464 2039 513 2101 bic
539 2039 584 2100 vel
613 2039 718 2101 sellem
748 2040 845 2101 obiter
866 2041 1019 2102 consulere
1041 2042 1301 2122 operaepretium

71 2144 173 2215 luerit,
202 2142 330 2204 maxime
352 2148 475 2222 propter
497 2142 702 2216 mulierculas,
724 2160 801 2221 quae
822 2143 858 2203 eh
881 2142 939 2203 illis
962 2141 1231 2204 circumveniuntur
1253 2144 1300 2206 ia·

71 2245 185 2307 eillime.
230 2245 270 2306 Et
289 2262 360 2306 vero
382 2242 434 2317 illi,
457 2244 509 2324 qui
531 2245 587 2305 iste
610 2244 721 2317 dicunt,
744 2244 936 2305 architectum
952 2244 1041 2305 etiam
1063 2244 1103 2306 ita
1125 2244 1301 2306 debuissent

72 2346 272 2426 interrogare:
296 2347 447 2421 „Potesne
469 2347 535 2408 sine
559 2346 690 2408 subiecta
712 2348 835 2407 materia
857 2345 1037 2408 aedificare?
1063 2358 1096 2408 ut
1117 2355 1215 2409 autem
1237 2363 1300 2409 uon

72 2457 200 2529 „potes,
235 2447 280 2510 sic
308 2467 364 2509 nec
385 2446 463 2509 Deus
493 2447 605 2527 ubsque
634 2448 766 2510 subiecta
796 2448 918 2509 materie
946 2467 996 2509 res
1025 2449 1180 2509 universas
1201 2449 1302 2529 potuit

62 2550 247 2623 '„ellieere.“
291 2549 470 2611 Debuissent
497 2568 616 2629 quoque
644 2569 660 2611 a
690 2550 815 2629 singulis
843 2551 1014 2611 hominibus
1045 2549 1204 2610 sciscitari:
1234 2548 1300 2621 „rin

73 2661 183 2730 „potes
206 2669 276 2711 esse
298 2650 363 2711 sine
385 2649 476 2712 loco?
509 2652 588 2731 atqui
616 2661 649 2714 ut
676 2670 737 2713 non
766 2664 871 2732 potes,
899 2652 939 2713 ita
969 2652 1056 2712 etiarn
1080 2651 1157 2712 [leus
1179 2651 1209 2711 in
1231 2651 1300 2712 loco

71 2760 174 2825 „est.“
221 2752 271 2814 Sic
292 2752 371 2813 enim
394 2753 434 2815 illi
458 2753 503 2814 vel
526 2755 630 2815 saltem
653 2755 689 2815 ah
712 2753 907 2816 audientibus
918 2761 1096 2831 cogerentur
1111 2751 1300 2813 erubescere.

72 2855 167 2929 Quare
191 2855 271 2916 euim
293 2873 359 2917 cum
381 2855 487 2917 Filium
511 2856 571 2916 Deo
594 2874 664 2917 esse
686 2856 850 2925 audierint,
885 2863 945 2915 tum
969 2854 1026 2932 ipsi
1050 2855 1086 2914 ad
1107 2853 1225 2933 seipsos
1247 2870 1298 2914 re·

70 2959 229 3037 coicientes
253 2977 320 3019 eum
343 2958 452 3018 audent
473 2976 591 3036 negare,
614 2976 680 3018 cum
704 2976 773 3017 vero
787 2957 878 3018 Deum
902 2975 1002 3017 creare
1025 2963 1054 3016 et
1075 2957 1172 3018 iacere
1194 2955 1299 3018 audie·

71 3060 137 3132 rint,
160 3078 222 3120 nou
246 3059 347 3120 itidem
370 3058 497 3119 humana
520 3058 698 3138 opponunt?
732 3058 818 3137 htqui
841 3077 896 3137 par
919 3067 983 3119 erat
1004 3059 1103 3132 etiam,
1127 3076 1179 3118 eos
1201 3057 1232 3117 in
1247 3075 1298 3119 ro·

72 3179 132 3222 roro
155 3162 309 3222 creatione
339 3159 526 3238 intelligenda
555 3162 682 3222 humana
711 3161 841 3239 cogitare
874 3168 904 3221 et
925 3160 1076 3221 materiam
1099 3159 1161 3221 Deo
1184 3176 1299 3237 suppe-

72 3262 177 3333 ditare,
212 3270 244 3324 ut
271 3260 365 3323 Deum
395 3270 559 3323 creatorem
588 3281 657 3323 esse
685 3263 850 3323 inlicientes
881 3262 999 3322 demum
1027 3280 1093 3322 cum
1119 3257 1299 3320 Manichaeis

72 3364 280 3425 volutarentur.
326 3363 415 3436 Quod
437 3363 463 3424 si
486 3365 551 3443 ipsa
566 3363 619 3424 bei
641 3365 724 3424 notio
747 3363 794 3422 his
815 3363 926 3424 maiora
949 3364 1028 3440 cogit
1049 3362 1188 3440 cogitare,
1210 3369 1375 3438 atquecrns

75 3465 119 3526 uhi
140 3467 185 3527 rel
209 3474 323 3526 tautum
345 3468 411 3544 quis
434 3465 571 3537 audierit,
594 3465 693 3525 statim
709 3465 803 3525 credit
818 3472 991 3543 certumque
1007 3463 1105 3529 hahet,
1128 3462 1220 3522 beorn
1236 3478 1299 3521 oon

74 3585 105 3628 en
126 3568 218 3629 modo
242 3586 310 3630 esse
332 3587 392 3646 quo
416 3587 471 3629 nos
495 3586 609 3640 sumus,
633 3566 687 3627 sed
710 3586 777 3628 esse
800 3574 832 3627 ut
853 3567 963 3638 ileum,
986 3584 1042 3627 nec
1063 3583 1163 3626 creare
1186 3571 1219 3624 ut
1239 3562 1298 3624 ho-

137 3753 152 3785 *
169 3755 229 3817 Lege
247 3755 408 3804 con-lactum.

73 3887 118 3937 lox
136 3888 238 3950 Segner.
257 3889 354 3938 Gehler.
374 3896 397 3937 et
410 3889 548 3938 lidelmi».
567 3883 612 3936 καί
629 3883 659 3937 ἐν
710 3896 733 3938 et
751 3887 851 3948 Seguer.
869 3879 915 3932 καὶ
937 3877 994 3933 ἔδει
1016 3879 1062 3932 καὶ
1078 3877 1201 3932 ἕκαστον,
1238 3883 1297 3932 llud.

74 3949 176 4011 reiron
202 3946 310 4009 «ironic.
347 3956 409 4006 Editi
433 3951 479 4003 καὶ
502 3949 533 4004 lv
550 3952 658 4010 τούτοις
710 3957 766 4004 editi
787 3955 904 4003 irrecdose
924 3957 1009 4002 liabent
1030 3951 1086 4000 sair
1104 3944 1263 4019 ἄνθρωπον.

73 4015 168 4078 ἦῐθῖς.
745 4024 759 4070 ΙΙ
780 4024 819 4069 Sic
838 4026 953 4075 Sruner..
972 4024 1012 4071 ubi
1031 4032 1054 4069 et
1073 4036 1157 4069 evenire«
1178 4036 1235 4066 crass.
1256 4021 1299 4064 ho-

104 4094 126 4142 h.
144 4095 186 4142 Sic
210 4093 312 4154 segner.
336 4092 434 4142 Gobler.
460 4100 483 4140 et
509 4092 613 4141 Felrlrm.
637 4093 655 4142 l.
709 4092 765 4139 hem
785 4081 949 4138 ἀκουόντων.
986 4093 1047 4139 ΕιΙιιὴ
1073 4080 1120 4136 ἵνα
1143 4077 1230 4138 οὗτος
1253 4077 1300 4131 καὶ

74 4160 184 4211 ineditis
203 4173 284 4209 entem
303 4152 519 4223 deposte'dttet
538 4155 657 4220 xoeipost
710 4151 788 4222 παρὰ
812 4155 869 4204 coir
893 4151 1025 4207 εἰκόνιον.
1062 4159 1113 4207 lior
1132 4160 1230 4216 Segnior.
1249 4144 1299 4199 loir

72 4221 167 4283 risorie
185 4231 261 4278 deest.
292 4219 660 4292 lludreroner.‹io1ninro-
709 4221 762 4292 μὲν
775 4217 939 4274 ἀκούσωσιν.

71 4310 122 4350 '‘⁸5-
158 4300 251 4359 llrrulicr
271 4289 457 4364 ἇρχιιίκτονα.
747 4310 777 4342 nr.
805 4296 844 4342 Sic
869 4299 968 4350 Sentiet.
989 4294 1087 4340 flotin.
1107 4301 1129 4338 rt
1150 4288 1251 4362 Fatetur
1278 4287 1298 4336 Ι.

101 4369 296 4426 isich'eaner.
332 4373 359 4415 m
379 4368 417 4413 obi
438 4375 460 4414 et
479 4365 535 4414 editi
548 4366 659 4414 omittunt
713 4364 761 4423 lton
788 4372 844 4411 stein
865 4360 1300 4410 ttastl.viveretnetestudineo-

71 4427 254 4502 ὑποκειμένης.
711 4427 781 4484 τούς.
817 4432 878 4480 Editi
897 4422 935 4483 εἷς
951 4421 1052 4480 αὖτοὺς
1066 4422 1119 4493 μὶν
1135 4416 1301 4487 ἀποβλέπον-

101 4505 124 4554 i.
142 4509 246 4568 aegest.
263 4495 311 4550 sei
329 4492 386 4550 ἔδει
401 4492 525 4549 ἕκαστον.
562 4499 659 4551 Gobler.
712 4511 763 4552 rec.

100 4593 230 4637 drumm
244 4601 298 4635 ore.
311 4600 384 4634 noer.
397 4601 447 4633 sn.
1066 4578 1097 4628 13
