2948 5092
559 208 571 225 x
746 190 753 212 i

513 255 745 302 persecucio
762 256 957 301 samsom.
1096 250 1101 261 ‘
1278 245 1336 306 tot
1421 280 1424 287 f

112 414 197 477 euim
220 430 324 474 omues
346 430 423 472 unus
447 418 517 470 suut
538 426 672 470 numero.
716 401 773 468 Au't
794 407 860 487 quis
883 408 1002 470 illorum
1025 407 1055 469 in
1071 408 1223 478 columbae
1239 410 1423 490 specicuou.

111 517 147 577 iu
169 515 327 579 Iordanem
356 509 530 573 descendit?
574 510 647 571 Nam
676 508 765 570 millia
793 509 916 571 millium
946 518 975 571 et
1003 511 1102 573 decies
1131 511 1237 572 millies
1265 511 1341 574 dona

111 617 207 678 millia
230 616 398 678 ministrant
420 613 457 674 ei.
501 613 553 673 Vel
575 630 664 690 quare
687 611 775 673 caelio
799 612 908 690 apertis
931 631 992 674 uon
1014 614 1204 675 dictumest:
1226 614 1264 677 Et
1285 615 1339 675 de-

113 720 234 782 soendil
255 716 361 796 aliquis
390 734 425 776 ex
454 715 555 775 electis
584 713 713 792 angelis,
743 713 795 774 sed
825 714 954 793 Spiritus
985 713 1132 776 sauctus?
1176 714 1226 775 Vol
1248 734 1341 793 quare

112 822 181 901 ipec
202 818 348 882 Dominus
370 818 406 877 de
429 817 487 877 line
510 825 678 894 temporum
693 834 760 877 cum
775 815 927 893 discipulis
949 816 1101 878 disscreus
1124 815 1262 877 distincta
1283 817 1339 877 ait:

114 922 217 984 uictu
244 921 330 1001 filius
357 919 484 991 dominis
513 918 636 998 cupales
665 915 761 979 auos?
810 918 884 978 Item
919 927 948 979 et
976 927 1062 979 aiotea
1090 918 1199 978 dictum
1228 919 1338 978 luerat:

113 1024 227 1104 Anaeli
244 1024 463 1084 miuistrulout
484 1026 520 1082 ei.
565 1019 674 1080 lterum
695 1038 812 1099 quoque
835 1020 921 1081 dixit:
950 1021 1085 1083 Euiluut
1112 1019 1222 1099 cupali.
1267 1019 1340 1080 Cum

113 1144 188 1188 raro
212 1124 364 1203 discipulis
380 1132 513 1184 sanctum
529 1121 671 1200 Spiritum
688 1122 780 1196 darei,
803 1122 858 1184 ait:
870 1126 1011 1203 ‘Accipite
1026 1123 1176 1203 Spiritum
1190 1134 1339 1184 acuatum.

112 1226 233 1292 Rursus
256 1234 285 1286 et
306 1245 371 1286 cum
394 1225 516 1286 eosdem
539 1224 575 1284 ad
596 1205 822 1303 praedicandum
845 1224 940 1286 misit:
963 1224 1085 1294 Euutes,
1110 1222 1215 1301 inquit,
1239 1222 1340 1284 docete

113 1346 220 1392 onnes
242 1338 359 1408 prutes,
390 1327 578 1406 baptizantes
607 1344 657 1388 eoe
686 1330 718 1387 iu
744 1330 863 1388 uemiue
885 1326 988 1388 Putria
1011 1338 1040 1388 et
1061 1325 1133 1386 Filii
1154 1336 1182 1389 et
1202 1324 1340 1402 Spiritus

112 1406 226 1493 iuneti.
269 1427 330 1488 Nec
357 1428 436 1489 onim
464 1426 599 1504 angelum
622 1445 687 1487 cum
710 1426 861 1488 divinitate
882 1427 1045 1506 coptdavit,
1077 1445 1174 1506 nequo
1201 1444 1259 1486 nos
1280 1424 1339 1486 sibi

110 1531 175 1613 ipsi
199 1538 230 1591 ct
250 1530 330 1590 Patri
352 1529 383 1590 iu
404 1548 437 1590 re
460 1537 556 1590 creata
578 1529 740 1603 coniunxit,
766 1530 818 1590 sed
840 1529 871 1590 in
893 1529 1006 1609 Spiritu
1028 1536 1141 1600 sancto,
1163 1547 1251 1607 quem
1272 1545 1339 1588 cum

108 1632 322 1718 promitteret,
344 1650 405 1692 nou
428 1631 468 1692 ait
490 1650 523 1691 se
537 1630 680 1709 *angelum
702 1631 837 1704 mittere,
866 1631 918 1692 sed
940 1616 1090 1710 Spiritum
1110 1633 1266 1700 ueritatis,
1289 1632 1342 1709 qui

110 1735 251 1800 o'Potre
267 1735 415 1813 procedit,
438 1733 488 1812 qui
511 1733 589 1812 idem
611 1752 647 1793 ox
669 1733 736 1811 ipso
758 1732 863 1812 accipit
885 1741 914 1794 et
936 1732 1031 1794 datur.

205 2142 254 2201 12.
298 2139 413 2218 Moyses
435 2157 569 2217 quoquo,
598 2138 647 2218 qui
670 2137 792 2218 angelos
814 2139 932 2217 quidem
954 2157 1003 2200 res
1025 2147 1138 2228 creatas
1162 2156 1245 2210 esso,
1270 2137 1339 2216 Spi-

109 2241 207 2303 ritum
229 2250 326 2302 autem
349 2249 481 2301 sanctum
503 2239 578 2300 Filio
600 2250 630 2302 ot
650 2240 730 2302 Patri
751 2240 942 2302 coniunctum
963 2248 1104 2313 noverat,
1127 2240 1188 2300 lieo
1211 2240 1269 2318 ipsi
1292 2240 1339 2299 di-

111 2351 218 2405 ccnte:
245 2342 330 2413 lude,
354 2342 480 2403 asceude
503 2342 537 2403 de
560 2341 624 2404 loco
647 2346 705 2403 isto
728 2351 762 2404 tu
783 2351 812 2403 et
829 2341 964 2422 populus
988 2354 1072 2410 tuus,
1103 2361 1186 2421 quem
1207 2342 1343 2402 educasti

112 2445 149 2506 de
179 2454 268 2505 terro
288 2444 415 2523 Aepypti
440 2447 472 2503 iu
494 2454 625 2518 terrum,
655 2462 743 2523 quom
764 2446 868 2504 iuraui
888 2443 1053 2513 Atratum,
1086 2441 1173 2503 lsooe
1202 2454 1230 2504 et
1253 2441 1341 2503 Iacob

112 2547 236 2608 diceus:
260 2547 368 2605 semini
387 2558 490 2606 oestro
514 2544 588 2606 dolo
611 2562 690 2617 eom3
713 2554 743 2606 et
755 2548 872 2605 mittem
887 2556 956 2606 cute
976 2545 1085 2622 sociem
1101 2554 1184 2604 tuom
1201 2542 1343 2622 eupolum

111 2665 224 2718 etcum,
250 2657 277 2707 et
298 2648 391 2706 eiiciet
415 2645 642 2718 Cltuuouoeum5
665 2645 695 2706 id
716 2645 873 2719 recusavit,
896 2646 935 2706 ita
957 2645 1160 2724 respondeus:
1190 2644 1258 2705 Nisi
1277 2648 1341 2722 ipae

109 2747 325 2830 proficisceris
348 2746 517 2816 uobiscum,
548 2766 586 2808 ue
612 2766 658 2808 rue
681 2766 718 2809 eu
739 2751 797 2810 isto
826 2746 891 2809 loco
919 2749 1038 2809 educas.
1082 2745 1206 2808 Nolcbat
1233 2763 1425 2824 nemperau.

112 2849 261 2932 populum
283 2867 299 2908 a
320 2866 353 2908 re
376 2856 473 2908 creata
495 2847 577 2919 duci,
605 2867 642 2909 nc
670 2849 715 2910 rei
742 2857 857 2910 coeam
884 2849 984 2928 potius
1015 2867 1103 2928 quam
1123 2848 1185 2908 lico
1208 2847 1341 2908 omnium

113 2950 245 3014 acatori
267 2949 380 3010 serviro
402 2950 561 3011 discerent.
607 2949 693 3012 Certe
715 2950 794 3012 idem
815 2950 881 3023 ille,
909 2952 959 3030 qui
987 2951 1124 3030 angelum
1152 2949 1256 3010 ducem
1284 2949 1340 3010 ha·

112 3052 188 3115 bere
210 3060 357 3124 renuerat,
381 3050 473 3112 Deum
496 3051 593 3130 ipsum
614 3060 647 3113 ut
669 3053 716 3113 sui
738 3052 796 3115 dux
815 3061 897 3114 esset
911 3053 1033 3132 rogavit.
1078 3052 1166 3124 Quod
1181 3069 1248 3112 cum
1262 3050 1341 3111 Deus

112 3154 267 3236 pollicitus
289 3153 347 3232 ipsi
369 3152 572 3232 responderit:
601 3153 640 3215 Et
670 3156 752 3219 istud
778 3154 903 3216 verdum
931 3167 1029 3225 tuum,
1060 3154 1138 3233 quod
1161 3153 1279 3216 locutus
1302 3171 1342 3223 es,
1443 3143 1446 3151 ’

104 3257 245 3336 sociem
275 3259 420 3316 invenisti
439 3259 516 3315 enarra
537 3258 668 3333 pretium
689 3273 791 3317 ceretu
811 3275 873 3331 me,
905 3267 933 3318 et
954 3259 1029 3330 uoci
1049 3268 1077 3317 te
1096 3273 1174 3335 prae
1197 3255 1342 3325 omuibus,

114 3375 185 3420 otim
206 3356 277 3417 item
299 3356 368 3417 iude
390 3355 420 3418 iu
435 3355 523 3417 Esaia
546 3356 688 3436 scriptum
708 3356 857 3437 legamus:
884 3358 946 3431 Qui
966 3377 981 3419 e
1003 3367 1090 3419 terro
1111 3358 1216 3418 educit
1233 3368 1344 3437 puato-

115 3478 183 3520 rem
207 3461 316 3527 ouium,
338 3458 393 3520 udi
413 3472 466 3529 est,
490 3463 542 3538 qui
558 3464 663 3539 posuit
683 3464 717 3521 iu
737 3464 812 3542 ipsis
836 3459 985 3539 Spiritum
1006 3469 1160 3530 eoactum,
1182 3461 1236 3539 pui
1256 3457 1343 3537 Moy-

116 3579 181 3623 aeiu
203 3560 331 3623 deutero
352 3557 501 3622 deduxit?
523 3568 552 3619 et
573 3561 661 3640 paulo
683 3570 768 3641 pou:
790 3561 950 3625 Descendit
972 3559 1107 3642 Spiritus
1130 3579 1149 3621 e
1171 3559 1299 3622 Domino
1314 3568 1344 3621 et

115 3815 219 3875 Seguer.
242 3805 414 3879 ἐκπορεύεται
435 3807 482 3860 καὶ
504 3806 532 3861 ἐκ
556 3812 604 3862 τοῦ
623 3805 706 3862 αὐτοῦ
757 3815 819 3865 Editl
847 3822 871 3864 et
897 3815 936 3864 alii
960 3807 1145 3880 παρῃτήσατο.
1182 3813 1233 3862 llox
1252 3813 1344 3874 neat.

114 3872 251 3946 λαμβάνει
269 3890 313 3929 etc.
350 3882 375 3929 ln
395 3883 492 3932 Gohler.
517 3890 540 3929 et
558 3882 662 3930 Felclsm.
684 3883 707 3931 1.
757 3883 856 3946 Seguer.
876 3883 972 3932 Gobler.
992 3882 1168 3932 elfelclm.l.
1188 3873 1343 3947 oerpnopetip

113 3944 164 3997 uui
181 3949 250 3997 deest
268 3957 323 4012 post
341 3943 455 3997 δίδοται,
493 3940 706 4012 ingltaenopeda·
758 3960 783 4000 ut
801 3959 825 4000 et
842 3951 907 3999 Lllll.
942 3950 987 4000 otii
1006 3951 1103 4013 etuditi
1122 3941 1304 4015 oupenoptdop.

115 4030 171 4065 m
201 4011 247 4063 καὶ
272 4015 393 4075 Μωϋσῆς
423 4008 447 4081 7,
469 4004 517 4064 οὖν
539 4009 703 4094 ἐγινώῗκων·
792 4059 812 4092 e.
833 4043 872 4091 Sic
890 4022 983 4105 itepl.
1002 4020 1028 4092 et
1043 4042 1066 4092 2.
1086 4044 1185 4105 Seguer.
1204 4041 1275 4090 Basil.
1294 4044 1342 4089 An·

114 4077 485 4162 Celeritledilliml’fldm‘·
502 4099 547 4133 ‘a‘
562 4097 707 4163 WWW
757 4111 812 4174 glic.
831 4109 900 4161 Gobl.
920 4110 1023 4160 Felclim.
1045 4113 1066 4161 l.
1086 4120 1109 4160 et
1127 4110 1240 4160 Ottoboo.
1265 4109 1344 4158 Ceteri

113 4163 161 4204 etc.
198 4153 291 4202 lbidem
314 4154 369 4215 lica.
390 4154 411 4202 1.
431 4162 454 4202 et
472 4153 495 4203 2.
519 4162 542 4203 ct
567 4154 705 4215 Seguouau.
757 4188 781 4228 a
798 4179 854 4229 edm
872 4173 1017 4252 upupam,

112 4215 262 4286 alapam.
298 4221 342 4270 Alii
362 4230 386 4269 et
403 4222 460 4270 editi
477 4223 585 4287 κτίσμα,
884 4272 888 4281 ,
1305 4268 1328 4277 ,,

151 4306 173 4340 c„
192 4289 293 4350 §.guen
318 4281 440 4336 {mapa
459 4281 492 4336 od
510 4299 554 4340 Μ,
591 4289 643 4338 „0¹
662 4289 705 4339 02.
790 4274 807 4348 s:
832 4271 961 4352 neptus).
987 4281 1010 4322 et
1036 4271 1139 4321 Felclcm.
1158 4269 1182 4319 2.
1201 4283 1257 4320 eum
1273 4267 1343 4318 editis

113 4359 166 4410 tob.
183 4350 214 4406 dx
230 4354 279 4416 τῆς
295 4349 443 4420 Αἰγύπτου.
755 4352 825 4408 '¹9⁰5
842 4353 948 4392 “⁰¹⁰²’ss

150 4427 174 4477 d.
199 4425 257 4487 Rea.
278 4425 299 4473 l.
323 4435 348 4475 et
365 4426 504 4488 Sagueriau.
521 4423 712 4492 παραιτεῖται,
790 4440 812 4487 a.
831 4425 887 4487 sag.
902 4426 923 4476 l.
942 4425 1042 4487 Seguer·
1061 4422 1132 4474 Goltl.
1150 4429 1174 4472 et
1192 4420 1296 4471 Felckm.
1319 4421 1341 4470 l.

113 4485 340 4561 Colleclelckm.
356 4494 377 4544 1.
397 4502 420 4544 et
438 4493 519 4546 ottob.
535 4492 705 4561 παραιτεῖται.
755 4482 877 4558 ἀγαγών.
1135 4527 1137 4531 «
1240 4534 1244 4545 ,
