2948 5092
466 250 575 303 omaro
591 253 613 296 1.
629 253 745 298 corrue
757 236 930 330 ammons
1236 246 1296 309 179

151 409 201 472 tu.
245 402 396 479 Quoniam
417 421 488 483 ergo
510 403 565 467 hus
588 404 751 468 sententias
772 404 918 470 absurdas
940 416 1028 488 atque
1049 409 1205 472 averitatc
1220 410 1382 474 alie-nm

71 527 120 572 nas
140 526 211 571 esse
232 505 356 569 evidens
380 514 440 580 est,
470 504 628 569 dicendum
649 515 697 568 est
717 509 906 582 necessario,
936 508 967 571 id
989 509 1069 588 quod
1091 519 1139 572 est
1161 531 1197 574 ex
1218 512 1295 577 sub·

68 610 171 674 stantia
193 607 308 683 Patris,
339 607 494 688 proprium
525 607 646 669 omnino
669 608 733 671 eius
756 627 825 673 esse
845 608 961 675 Filium.
1006 610 1099 674 ileum
1122 613 1201 676 enim
1222 632 1295 694 par·

66 711 179 794 ticipari
200 711 281 773 idem
300 727 429 791 prorsus
450 716 499 770 ost
519 727 554 770 ac
574 707 669 771 Deum
690 728 842 789 generare.
873 712 957 791 ¹Quid
972 731 1063 792 porro
1080 733 1137 776 vox
1152 733 1294 795 generare
1378 704 1385 719 ’

65 814 141 877 aliud
164 812 313 894 significat
333 829 422 892 quam
443 807 573 873 Filium?
614 809 717 890 ltaque
744 829 793 874 res
824 830 928 877 omnes
951 814 1017 877 Filii
1039 816 1114 877 liunt
1134 817 1294 898 participes

64 915 229 979 semndum
250 910 380 995 Spiritum
402 911 523 993 gratim
546 929 621 992 quae
643 911 680 974 ab
701 931 738 975 eo
760 914 862 987 daun,
890 914 979 995 idque
1008 916 1077 978 inde
1105 918 1138 979 lit
1166 919 1294 981 manile·

62 1029 160 1091 stum,
188 1016 269 1098 quod
291 1015 358 1096 ipse
380 1013 500 1095 quidem
522 1013 613 1076 Filius
634 1012 743 1076 nudius
766 1024 814 1076 est
836 1017 1000 1097 particeps3
1034 1020 1112 1098 quod
1136 1030 1233 1084 autem
1256 1040 1296 1085 ex

61 1121 149 1183 Patre
171 1118 248 1181 alios
269 1117 317 1180 sui
344 1114 504 1198 participes
525 1115 603 1191 lacit,
626 1116 685 1178 hoc
704 1116 804 1197 ipsum
827 1127 875 1179 est
896 1118 997 1183 Filius.
1039 1120 1102 1183 Nos
1124 1123 1204 1184 enim
1226 1143 1295 1188 cum

61 1221 157 1302 ipsius
184 1217 252 1281 lilii
278 1217 438 1299 participes
470 1217 629 1292 allicimur,
661 1216 718 1281 liei
745 1219 905 1299 participes
934 1240 1005 1284 esse
1032 1222 1174 1299 dicimur,
1187 1223 1295 1306 ···idque

61 1323 161 1404 ipsum
185 1329 248 1396 est,
276 1320 357 1401 quod
379 1318 476 1382 aiebat
497 1319 621 1382 Petrus:
648 1330 684 1384 ιιι
712 1321 891 1402 efficiamini
911 1325 1031 1387 divinoe
1054 1336 1211 1388 consortes
1233 1346 1294 1390 oo·

61 1437 168 1496 turca,
198 1421 446 1503 quemadmodum
469 1429 499 1483 et
518 1420 679 1502 Apostolus
701 1421 788 1484 dicit:
817 1422 947 1487 Nescitis
974 1428 1045 1507 quic
1074 1426 1217 1507 templum
1237 1428 1299 1493 Dei

61 1523 162 1589 estis?
184 1533 215 1586 ει
235 1522 300 1588 Noe
324 1517 401 1586 enen
423 1523 566 1606 templum
586 1524 647 1586 Ilei
665 1527 794 1588 uiuentis
817 1543 932 1588 sumus.
975 1526 1078 1606 lpsum
1093 1527 1229 1591 similiter
1242 1529 1295 1592 Fi-

60 1627 134 1690 lium
155 1625 310 1689 intuentes
332 1625 450 1688 Patrem
471 1625 639 1700 intuemur,
672 1625 801 1705 cognitio
825 1627 903 1688 enim
927 1635 957 1689 et
978 1628 1206 1709 comprehensio
1229 1630 1296 1695 Filii

60 1728 158 1793 Patris
182 1736 230 1791 est
250 1727 380 1807 agnitio,
402 1726 469 1806 quia
490 1725 632 1806 proprius
654 1735 702 1789 est
723 1746 759 1789 ex
781 1728 915 1791 eiusdem
935 1738 1041 1793 natura
1063 1728 1152 1794 letus.
1196 1732 1292 1797 Porro

61 1841 93 1894 ut
113 1848 206 1893 nemo
229 1838 362 1893 restrum
384 1829 442 1891 iam
465 1828 588 1904 dixerit,
615 1828 669 1891 [lei
690 1829 864 1910 participem
886 1830 952 1893 lieri
974 1850 1044 1894 esse
1066 1831 1182 1896 divinae
1205 1844 1294 1903 natus

61 1952 113 1995 rae
132 1931 310 2014 passionem
332 1939 363 2007 ει
385 1930 561 1993 divisionem
581 1932 663 2008 (nam
685 1942 840 1994 ostensum
871 1940 900 1994 et
927 1951 1101 1997 concessum
1131 1943 1179 1997 est
1199 1936 1380 2001 lleumruer.

60 2033 248 2116 participari,
277 2033 415 2113 idemque
443 2052 512 2095 esse
539 2032 622 2095 illum
649 2033 819 2114 participari
846 2053 880 2096 ac
908 2040 1079 2114 generare),
1108 2036 1148 2099 ita
1174 2055 1296 2117 quoque

63 2155 129 2199 uum
149 2136 285 2217 genitum
308 2153 325 2195 a
346 2133 409 2195 [leo
431 2133 538 2196 Filium
561 2134 699 2209 dicimus,
722 2153 777 2197 nec
798 2136 971 2215 passionem
993 2136 1081 2199 ullam
1097 2156 1152 2199 uec
1167 2138 1294 2201 divisio·

62 2256 129 2301 nem
157 2237 263 2301 bealae
294 2235 373 2298 illius
403 2244 526 2298 naturae
551 2234 761 2317 significamus.
810 2236 877 2297 Non
905 2237 1004 2318 itaque
1038 2237 1210 2302 incredibile
1238 2249 1294 2319 est,

62 2338 122 2401 lleo
145 2357 219 2401 esse
239 2338 357 2414 Filium,
381 2338 431 2418 qui
452 2337 593 2420 propriae
615 2337 680 2399 eius
702 2337 885 2401 naturae-sit
899 2339 989 2414 letus,
1011 2358 1108 2420 neque
1122 2342 1296 2421 passionem
1411 2388 1417 2399 .

61 2448 111 2503 aut
130 2439 313 2502 divisionem
335 2439 451 2502 divinae
471 2447 594 2502 naturae
608 2440 771 2512 innuimus,
794 2459 861 2502 cum
876 2440 981 2502 Filium
1000 2450 1031 2502 ει
1044 2444 1136 2504 letum
1151 2444 1294 2520 dicimus;

62 2542 114 2603 sed
135 2541 241 2622 potius
263 2542 304 2604 ito
326 2532 490 2616 credimus,
512 2541 580 2622 quia
602 2540 649 2615 id,
672 2541 752 2621 quod
776 2541 951 2620 genuinum,
980 2562 1082 2606 verum
1104 2552 1134 2605 et
1156 2545 1294 2622 unigeni*
1399 2580 1409 2594 -

62 2651 122 2705 tum
143 2643 201 2706 Dei
225 2651 286 2717 est,
316 2642 536 2722 cognoscimus.
581 2643 668 2716 Quod
697 2662 764 2703 cum
792 2642 850 2705 hoc
878 2644 968 2705 modo
991 2646 1160 2724 expositum
1182 2646 1294 2724 proha·

63 2756 185 2826 tumque
206 2744 306 2818 luerit,
329 2762 439 2824 nempe
460 2744 502 2818 id,
526 2744 605 2824 quod
627 2763 663 2805 ex
680 2744 776 2805 Patris
799 2752 904 2807 natura
926 2753 972 2805 est
994 2745 1136 2825 genitum,
1160 2746 1294 2809 eiusdem

63 2867 128 2910 esse
150 2846 277 2921 filium3
305 2845 416 2906 nemini
444 2844 502 2907 iam
524 2843 646 2907 dubium
668 2856 738 2907 esso
760 2844 849 2907 debet
871 2846 924 2907 sed
946 2846 1006 2907 imo
1028 2846 1148 2927 planum
1171 2854 1200 2908 et
1221 2866 1293 2928 per-

61 2951 216 3031 spicuum,
244 2947 325 3009 hunc
351 2947 449 3027 ipsum
478 2965 548 3011 esse
570 2947 750 3028 Sapientiam
773 2957 802 3008 et
823 2947 953 3010 Verbum
973 2948 1088 3022 Patris,
1117 2949 1148 3009 in
1178 2968 1235 3029 quo
1265 2957 1297 3012 et
1355 3005 1365 3025 ,

62 3071 114 3132 per
135 3050 221 3131 qnod
242 3049 340 3111 omnia
363 3057 444 3113 creat
464 3057 495 3111 et
515 3048 614 3111 elficit.
658 3048 713 3111 llic
740 3049 805 3128 ipse
835 3050 954 3129 inquam
986 3050 1050 3112 eius
1073 3049 1295 3130 splendorem,

63 3153 92 3214 in
113 3171 176 3234 qno
198 3151 300 3214 omnia
322 3150 467 3213 illuminat
488 3158 519 3213 ει
540 3150 647 3231 quibus
669 3150 796 3213 voluerit
816 3171 850 3214 sc
871 3152 1022 3232 patefacit,
1046 3152 1095 3214 hic
1116 3153 1181 3233 ipse
1202 3153 1296 3232 figura

63 3273 96 3316 ac
115 3256 217 3335 imago
240 3254 304 3316 eius
327 3262 383 3328 est,
406 3252 436 3315 in
458 3270 519 3333 quo
540 3252 723 3333 conspicitur
746 3261 776 3313 et
797 3253 997 3332 cognoscitur,
1020 3273 1108 3333 qnam
1123 3254 1161 3315 ob
1177 3272 1297 3317 causam

64 3357 181 3436 etipse
202 3355 342 3418 etPater
363 3372 456 3418 unum
478 3358 588 3417 sunt*:
619 3355 669 3416 laic
691 3354 756 3435 ipse
779 3355 907 3435 denique
929 3365 974 3418 est
995 3355 1149 3430 Christus,
1176 3355 1207 3417 in
1236 3373 1296 3436 quo

65 3459 163 3521 onnia
184 3458 320 3521 redemta
342 3464 424 3532 sunt,
446 3465 476 3518 et
497 3474 604 3518 novam
625 3474 731 3518 rursus
754 3456 880 3537 perlecit
901 3464 1074 3519 creaturam.
1113 3456 1186 3519 Cum
1206 3456 1298 3537 igitur

65 3559 235 3622 huiusmodi
256 3559 296 3622 sit
315 3558 424 3633 Filius,
451 3576 514 3621 nun
543 3558 696 3632 convenit,
724 3558 785 3619 imo
815 3558 897 3620 valde
919 3557 1120 3637 periculosum
1143 3566 1189 3620 est
1209 3576 1296 3623 asse·

67 3678 178 3735 venre,
201 3679 270 3722 eum
293 3680 330 3723 ex
350 3659 444 3723 nihilo
466 3676 535 3722 esse
557 3660 667 3722 lactum
687 3660 734 3721 rel
754 3677 816 3722 non
839 3659 932 3721 luisse
955 3667 1113 3738 antequam
1127 3667 1215 3721 natus
1238 3666 1295 3723 est.

68 3762 122 3836 Qui
145 3762 226 3825 enim
249 3763 290 3825 ita
311 3764 349 3825 de
371 3781 425 3855 ec,
452 3760 533 3842 quod
554 3762 651 3825 Patris
673 3769 794 3824 naturae
816 3761 972 3842 proprium
994 3770 1056 3835 est,
1084 3759 1230 3840 loquitur,
1265 3760 1297 3823 iu

130 3949 147 3982 ⁶
165 3947 258 4015 [Addet
277 3963 333 4000 nam
352 3951 395 4015 qui
414 3949 477 4000 huuc
494 3951 565 4009 uidet,
583 3949 646 4000 ridet
663 3957 688 3999 et
704 3944 821 4014 Patrem]

64 4086 162 4137 codices
179 4098 240 4137 mou
260 4087 315 4138 nori
333 4085 491 4137 lustumenti.
517 4086 656 4137 Gobleriau.
742 4085 760 4133 l.
779 4084 878 4146 Seguer.
897 4091 921 4134 et
939 4085 995 4148 lteg.
1013 4077 1043 4133 ἐκ
1060 4080 1110 4132 τοῦ
1126 4079 1202 4132 θεοῦ.

64 4154 280 4279 liidie?
298 4152 385 4272 tl
406 4167 462 4271 ts
487 4145 659 4289 illiti
707 4185 825 4303 ae
842 4185 1073 4314 teet-stlte.
1096 4185 1125 4301 t
1138 4163 1296 4313 allide

62 4283 339 4424 ‘'ffiffsmm.
360 4354 461 4411 Gomon
479 4365 503 4408 et
513 4356 620 4408 mem
634 4356 656 4407 1·
707 4317 790 4440 323⁴
817 4322 957 4385 Seguerian.
976 4313 1025 4370 ἐὰν
1042 4312 1129 4385 ἐθέλῃ.
1166 4318 1228 4368 Editi
1245 4309 1295 4367 tto

63 4426 126 4479 duct
148 4435 229 4507 ungoru
253 4426 347 4481 stolii
371 4418 509 4476 dedolatum
530 4418 586 4492 γὰρ
611 4417 657 4473 καὶ

62 4488 264 4565 mmm
742 4493 766 4543 h.
785 4492 842 4557 lteg.
860 4499 884 4543 et
901 4491 1006 4545 Feleltm.
1020 4491 1045 4543 5.
1062 4488 1143 4540 rodes
1158 4479 1229 4540 otuu.

1042 4573 1096 4627 12*
