2948 5092
473 262 580 308 omero
597 264 634 307 rr.
651 264 765 308 conam
782 264 916 310 sauros.
954 267 958 277 ·
1218 253 1281 318 629

57 421 122 482 Deo
146 437 206 482 non
230 425 329 490 esset,
353 416 430 478 baud
452 415 599 477 immerito
621 415 720 497 ipsum
734 415 840 479 Filium
861 435 930 481 εεεε
952 425 1103 499 negarent.
1146 420 1183 483 Αι
1204 421 1231 481 si
1246 435 1368 484 errore
1396 410 1400 416 ¹

56 523 121 583 Deo
144 528 205 593 εει,
229 538 281 582 eur
302 536 362 578 non
384 517 583 597 perspiciunt,
606 516 652 591 id,
681 506 759 597 quod
784 536 818 581 er
839 517 938 598 aliquo
961 519 1075 594 existit,
1104 520 1195 583 filium
1218 521 1281 585 eius

56 642 146 697 esse,
176 641 211 683 ex
233 631 291 700 quo
314 617 383 681 est?
425 618 537 680 Deinde
566 619 591 680 si
614 618 699 680 Verbi
723 619 802 680 Dens
825 629 909 699 pater
938 629 998 695 est,
1030 622 1131 702 quidni
1152 622 1282 686 Verbum

54 725 107 787 sui
127 723 223 805 patris
246 723 321 784 [iiius
344 720 455 783 fuerit?
478 721 625 800 siquidem
643 729 725 800 pater
740 720 788 782 ilie
803 716 851 783 Ιεει
865 730 895 782 ει
916 723 1022 784 dieitur
1044 724 1121 795 eius,
1143 726 1193 804 qui
1209 705 1282 788 suus

55 835 109 889 εει
128 824 217 898 fliius,
240 833 270 885 et
291 823 426 885 similiter
447 821 523 884 filius
546 823 594 883 ille
617 831 662 884 est
683 832 712 884 et
734 822 842 884 dieitur
864 825 938 897 eius,
962 826 1013 904 qui
1035 845 1107 887 suus
1126 836 1174 888 est
1187 836 1282 907 pater.

57 928 251 1008 Quapropter
279 926 305 986 si
327 925 406 986 Deus
435 943 494 985 non
524 931 570 985 est
597 923 707 986 Christi
735 933 848 1004 pater,·
867 945 923 987 nee
944 927 1070 989 Verbum
1103 929 1182 991 bbus
1215 949 1284 999 esse

57 1037 168 1110 potest
214 1028 272 1091 Sed
296 1028 323 1088 si
343 1036 428 1107 pater
449 1034 496 1087 est
517 1025 611 1099 Deus,
639 1045 709 1087 rere
737 1036 767 1088 ει
787 1028 914 1089 Verbum
943 1028 1020 1090 iilius
1048 1038 1103 1092 est
1148 1031 1283 1104 Quodsi

57 1139 165 1210 postea
187 1139 271 1210 pater
292 1149 359 1191 esse
381 1129 503 1202 dicatur,
526 1147 592 1190 curn
613 1128 741 1208 primum
756 1129 835 1192 Deus
857 1139 947 1204 esset,
970 1131 1043 1193 baeo
1056 1132 1121 1212 ipsa
1136 1141 1183 1194 est
1196 1133 1283 1196 bria-

57 1251 167 1295 norum
190 1232 332 1293 doctrina.
377 1230 436 1292 Sed
457 1240 610 1309 praeterea
638 1229 798 1295 absurdum
828 1240 874 1293 est
894 1232 987 1294 Deum
1010 1234 1132 1308 mutari,
1161 1252 1229 1296 uam
1251 1234 1284 1296 id

59 1353 241 1414 oorporeum
269 1342 323 1394 est.
378 1331 410 1392 Si
433 1351 502 1392 vero
532 1333 747 1412 respondeant,
781 1342 894 1412 patrem
916 1334 982 1396 Filii
1004 1337 1111 1397 fartum
1134 1355 1217 1410 esse,
1239 1336 1284 1397 uti

57 1444 165 1516 postea
187 1455 286 1497 rerum
308 1444 469 1496 creatarum
492 1435 585 1494 sactus
608 1443 655 1496 est
676 1435 793 1514 opifex,
826 1435 902 1498 scire
931 1454 1040 1516 operae
1066 1437 1194 1518 pretium
1227 1446 1283 1509 est,

56 1537 252 1600 mutationem
277 1556 336 1598 non
359 1537 394 1598 ad
417 1536 526 1610 deum,
561 1536 613 1596 sed
642 1536 678 1598 ad
706 1556 756 1610 ea,
790 1557 863 1617 quae
884 1547 988 1621 postea
1011 1539 1100 1612 bunt,
1123 1539 1283 1620 pertinere.

149 1642 196 1703 ib.
242 1640 431 1719 Quapropter
459 1637 484 1698 si
505 1637 598 1699 Filius
628 1648 708 1701 esset
736 1658 828 1718 opus,
860 1649 940 1703 recte
967 1660 1083 1721 quoqne
1111 1640 1199 1703 Pater
1219 1641 1283 1704 eius

54 1748 166 1823 postea
195 1741 369 1802 ediceretur.
413 1740 471 1801 Sed
500 1740 526 1800 si
549 1739 639 1802 Filius
666 1758 726 1802 non
756 1750 803 1802 εει
824 1761 917 1821 opus,
947 1760 1066 1822 semper
1093 1761 1163 1822 ergo
1186 1742 1283 1813 Pater,
1398 1736 1402 1743 ’

55 1860 181 1922 semper
203 1851 233 1903 et
254 1842 345 1904 Filius
368 1850 422 1904 εει.
468 1841 500 1902 Si
521 1860 612 1920 porro
636 1861 753 1922 semper
776 1853 824 1904 est
845 1844 953 1918 Filius,
982 1845 1078 1925 ipsum
1102 1863 1173 1906 sane
1195 1844 1285 1906 suerit

57 1944 201 2009 veroum.
245 1943 309 2005 ursi
331 1944 409 2005 enim
425 1942 551 2004 veroum
567 1943 659 2006 ninius
682 1945 779 2016 nera
803 1946 853 2024 qn
875 1946 905 2007 ra
925 1932 1176 2026 suasionem,
1199 1931 1283 2008 radii

57 2067 128 2111 euru
152 2065 277 2109 neeesse
298 2054 354 2117 εει,
377 2047 423 2106 εει
436 2044 564 2106 Verbum
580 2045 696 2107 Patrem
716 2066 794 2119 esse,
818 2047 863 2108 vel
878 2047 983 2110 Filium
999 2048 1096 2114 Verbo
1112 2066 1180 2110 esse
1193 2067 1282 2128 prae-

57 2149 244 2212 stantiorem.
288 2146 361 2208 Nam
384 2166 450 2208 oum
471 2146 562 2207 Filius
586 2147 678 2209 sitin
701 2147 767 2208 sinu
791 2147 898 2222 Patris,
925 2169 1048 2211 neeesse
1070 2158 1117 2210 est
1138 2149 1184 2211 rel
1206 2150 1281 2210 Ver-

55 2251 130 2314 bum
153 2259 220 2311 ante
243 2248 346 2310 Filium
369 2268 429 2309 non
452 2267 529 2322 esse,
553 2248 625 2309 nibil
648 2249 726 2310 enim
750 2258 883 2312 estante
905 2270 983 2324 eurn,
1006 2251 1055 2331 qui
1079 2252 1109 2312 in
1123 2250 1211 2311 Patro
1226 2259 1282 2322 εει,

57 2352 105 2413 rel
127 2351 155 2438 si
176 2349 303 2412 Verbum
326 2350 403 2411 alind
431 2357 478 2411 εει
498 2360 616 2428 praeter
637 2350 758 2423 Filium,
789 2351 923 2431 sequitur
949 2363 982 2414 ut
1002 2352 1129 2413 Verbum
1158 2351 1197 2414 sit
1217 2352 1283 2431 ipse

55 2453 162 2526 Pater,
196 2452 225 2512 in
248 2470 312 2530 quo
330 2461 377 2513 εει
397 2451 501 2513 Filius.
547 2452 634 2526 Quod
657 2453 682 2513 si
705 2453 832 2514 Verbum
856 2472 916 2515 non
939 2463 986 2514 est
1007 2454 1108 2525 Pater,
1132 2452 1185 2513 sed
1206 2452 1281 2512 Ver-

57 2555 140 2628 bum,
165 2553 254 2632 igitur
275 2552 402 2613 Verbum
425 2562 471 2614 est
493 2560 573 2613 extra
595 2553 723 2626 Patrem,
749 2555 857 2635 quippe
880 2574 945 2617 eum
967 2554 1059 2616 Filius
1082 2554 1111 2614 in
1133 2553 1201 2614 sinu
1222 2552 1282 2613 Pa-

56 2656 114 2719 tris
138 2656 187 2717 sit.
232 2655 293 2716 Nec
322 2655 400 2716 eninr
429 2654 530 2728 ambo,
561 2673 668 2734 nempe
690 2655 815 2717 Verbum
845 2665 874 2717 ει
898 2656 1006 2729 Filius,
1038 2656 1068 2716 in
1097 2655 1164 2716 sinu
1186 2653 1282 2714 Patris

56 2767 141 2832 sunt,
165 2758 217 2818 sed
240 2776 331 2819 unum
354 2776 421 2818 esse
438 2766 554 2836 oportet
576 2776 701 2836 eumque
723 2757 840 2832 Filium,
863 2759 912 2837 qui
928 2767 973 2820 εει
989 2757 1168 2837 unigenitae.
1202 2755 1281 2817 Rur-

56 2878 113 2923 sus
135 2859 162 2921 si
184 2859 262 2920 aliud
285 2868 330 2920 est
351 2858 477 2920 Verbum
502 2867 531 2919 et
553 2859 627 2921 alius
648 2859 750 2935 Filius,
773 2859 862 2922 Filius
878 2860 975 2922 Verbo
996 2857 1194 2939 praestantior
1215 2855 1282 2919 orit.

56 2962 155 3024 Nemo
183 2961 260 3022 enim
288 2961 404 3023 Patrem
433 2961 584 3039 cognoscit
611 2960 672 3023 nisi
700 2961 811 3035 Filius,
839 2981 898 3024 non
928 2971 1026 3025 autem
1047 2960 1186 3022 Verbum.
1230 2958 1282 3019 Vel
1367 3040 1373 3051 „

56 3064 150 3144 igitur
170 3063 288 3123 Patrem
311 3080 370 3123 non
393 3063 475 3124 novit
489 3062 627 3136 Verbum,
649 3061 742 3141 relsi
765 3064 855 3137 novit,
878 3064 950 3126 false
964 3064 1069 3126 dieitur
1083 3082 1169 3125 nemo
1186 3063 1281 3124 novit.
1382 3120 1386 3129 ,

57 3165 151 3240 Quod
173 3165 219 3225 ide
294 3164 435 3242 rgendurn
459 3173 506 3225 εει
527 3165 563 3225 de
585 3164 667 3227 hisee
679 3164 794 3227 verbis:
822 3166 883 3240 Qui
896 3169 971 3229 vidit
984 3186 1038 3238 me,
1061 3167 1135 3227 vidit
1150 3165 1368 3240 Patremon.

57 3277 89 3330 et
118 3267 180 3346 Epo
209 3183 351 3328 ewam
377 3285 473 3327 unum
493 3285 608 3328 sumus.
657 3265 789 3346 Namque
818 3267 873 3329 bae
900 3287 988 3330 voees
1010 3267 1075 3329 Filii
1104 3275 1192 3339 sunt,
1220 3283 1282 3326 non

56 3368 160 3442 Verbi,
182 3377 216 3430 ut
236 3375 340 3448 putant
360 3368 411 3440 iili,
434 3368 523 3447 idque
538 3388 574 3430 ex
587 3368 752 3451 Evangeliis
775 3370 933 3432 dilucidum
956 3378 1012 3432 εει.
1055 3368 1129 3430 Nam
1143 3366 1281 3438 Domino,

56 3480 94 3533 ut
115 3479 215 3532 narrat
235 3469 378 3540 loannes,
407 3470 536 3531 dicente:
571 3470 632 3551 Epo
655 3482 685 3533 ει
705 3465 798 3534 Peter
825 3491 919 3534 uuum
940 3490 1060 3543 sumus,
1089 3468 1283 3533 sustulerunt
1347 3494 1351 3504 ·

10 3626 15 3637 .
57 3573 177 3654 lapidas
199 3570 312 3642 Iudaei,
334 3581 369 3632 ut
385 3571 557 3651 lapidarent
575 3592 651 3635 eum.
695 3572 861 3654 Respondit
883 3577 924 3635 eir
941 3573 1045 3635 Iesus:
1069 3570 1168 3633 Multo
1190 3585 1284 3650 opero

57 3676 141 3737 bono
164 3674 283 3735 ostendi
302 3674 385 3734 vobis
408 3691 447 3734 ru
468 3672 568 3744 Putre,
588 3683 720 3755 propter
740 3676 819 3756 quod
834 3690 943 3737 eorum·
960 3692 1034 3753 opus
1049 3691 1095 3734 me
1117 3666 1284 3750 lepidum?

57 3775 294 3856 desponderunt
321 3778 350 3835 ei
376 3773 496 3836 Iudaei:
526 3773 571 3835 De
600 3770 678 3838 boire
705 3793 795 3856 opere
822 3794 885 3839 ooo
913 3775 1080 3856 lapidamus
1104 3783 1146 3843 ιε,
1176 3771 1227 3832 sed
1248 3769 1283 3830 de

56 3877 256 3957 blasphemio,
279 3885 308 3937 et
329 3879 398 3957 puin
421 3869 454 3936 t'u
477 3876 563 3937 bomo
588 3895 652 3938 eum
674 3880 717 3938 eis
737 3877 815 3957 [urie
838 3889 865 3940 te
890 3881 989 3958 ipsum
1002 3876 1109 3937 Deum.
1146 3871 1284 3951 Respon-

96 4031 112 4079 i.
132 4027 204 4078 Basti.
224 4036 247 4077 ει
264 4027 352 4090 bngiie.
372 4021 426 4106 πρὸ
444 4026 492 4105 rod
509 4021 577 4079 niori.
734 4031 749 4078 i.
771 4030 814 4106 Ιξίε
832 4030 888 4091 fleg.
907 4029 1004 4091 Sepoer.
1023 4027 1105 4107 3³?V2
1121 4034 1145 4076 et
1162 4027 1284 4091 Angiiean.

96 4113 118 4158 g,
139 4097 195 4158 Rog.
210 4097 337 4157 etSeguer.
349 4090 423 4143 ἐστιν
437 4105 554 4145 omittunt.
574 4097 648 4146 iidem
700 4098 726 4146 in
746 4097 799 4146 aius
818 4105 841 4146 et
859 4098 928 4147 editis
947 4098 1015 4146 deest
1032 4109 1130 4143 αυτων.

56 4166 153 4216 ibidem
171 4172 194 4213 et
212 4164 282 4212 basii.
302 4173 324 4212 ει
343 4166 409 4224 angl.
427 4158 472 4210 καὶ
490 4156 566 4217 duos
583 4157 648 4216 υἱός.
734 4166 756 4214 ιι.
775 4167 815 4214 Sic
832 4165 886 4227 Rep.
906 4172 929 4215 ει
946 4166 1044 4226 Seguer.
1082 4168 1110 4213 At
1128 4163 1167 4211 alii
1185 4172 1209 4211 et
1225 4162 1286 4214 editi

95 4235 118 4282 b.
139 4232 196 4292 Rea.
214 4233 312 4292 sepner.
332 4232 402 4280 Basti.
421 4233 650 4294 Angiiean.addont
699 4227 746 4280 roi
767 4234 885 4282 omittunt.
931 4235 996 4291 Quae
1025 4232 1113 4281 ibidem
1141 4239 1284 4294 sequuntur,

52 4295 131 4351 κατὰ
148 4294 203 4364 γὰρ
222 4293 271 4346 τὸν
286 4290 422 4357 Ἰωάννην,
443 4316 503 4364 quae
514 4301 601 4349 absunt
619 4302 648 4349 ab
700 4303 730 4350 itr
749 4309 841 4351 exstant
858 4302 881 4350 in
892 4302 948 4362 Reg.
959 4301 1056 4362 Seguer.
1067 4297 1138 4347 ΒεείΙ.
1148 4307 1172 4349 ει
1183 4299 1284 4360 Angue,

57 4371 115 4421 diis
141 4379 165 4418 et
188 4368 266 4416 editis.
310 4369 360 4416 bier
384 4370 440 4428 trag.
459 4370 557 4430 Seguer.
576 4369 648 4418 Basil.
699 4370 741 4419 sed
760 4368 1001 4431 inustioetilasil.
1019 4368 1087 4416 abest
1105 4357 1282 4432 b'rtuntedyo'r

56 4438 153 4517 duplic.
166 4428 322 4498 ἐβάστασαν
338 4430 438 4488 λίθους.
467 4437 545 4487 Ceteri
560 4445 583 4487 ει
595 4437 652 4489 editi
703 4423 772 4484 etna.
811 4437 888 4486 Ceteri
904 4444 928 4486 et
944 4436 1001 4486 editi
1017 4436 1054 4485 rie
1070 4435 1171 4484 babent:
1190 4425 1233 4483 dn
1248 4428 1285 4485 σὺ

52 4500 221 4571 inamoeno
236 4496 291 4568 γὰρ
309 4499 410 4591 Qus.
631 4558 640 4583 ι
704 4495 850 4595 ἄνθρηῃες
860 4494 909 4563 dr,
920 4495 1214 4559 murmuretur.
1237 4496 1287 4554 nd
