2948 5092
457 256 600 304 emmor.
616 256 879 303 aourmumuooo.
1222 242 1282 307 tot

56 425 88 479 ut
106 431 175 475 aun
196 410 320 493 [mlum
340 412 448 491 suerit,
471 410 612 473 oredoto'a.
654 409 698 471 llo
719 428 838 490 quoque
859 410 896 471 de
918 409 1007 471 rebus
1030 406 1388 488 montispessulanae(

57 515 203 576 lamonem
228 512 380 592 loquitur:
413 513 577 592 Antequam
604 523 720 573 terram
746 512 877 591 faceret,
910 523 939 573 et
966 520 1126 592 autequam
1158 511 1283 590 alposor
1320 524 1324 535 ’

55 617 253 697 produceret,
276 624 437 696 autequam
458 614 560 693 {autea
581 630 731 695 aquarum
753 624 960 693 erumperent,
990 626 1149 694 antequam
1168 621 1283 674 moutea

59 717 303 791 eolloenroutur3
328 728 400 780 oute
420 734 522 778 omues
545 714 636 778 oollae
657 718 752 795 qiquit
771 734 826 777 me.
870 715 922 776 Et:
945 716 1111 796 Antequam
1132 713 1287 789 lirnium

59 820 157 900 fieret,
188 836 242 897 eqo
265 835 343 878 aum.
387 816 429 878 lle
451 815 573 878 Ieremia
596 816 667 877 item
688 815 773 877 dicit:
803 816 984 898 Priusquam
1013 816 1230 894 reformarem
1251 819 1283 876 im

62 933 156 992 utero,
180 923 257 982 mooo'
278 930 316 981 te.
360 918 399 979 lit
420 917 509 980 David
531 918 579 979 his
601 917 701 980 verbis
722 918 835 998 psallit:
857 919 992 989 Domine,
1016 919 1168 997 rasaquom
1181 917 1283 995 [natus

61 1041 87 1083 u
107 1023 197 1084 uolie
218 1024 254 1082 iu
274 1025 467 1100 qeuerotioue
488 1032 518 1082 et
537 1025 741 1101 qeneroto'oue.
775 1020 955 1100 Priusquam
975 1032 1091 1082 montes
1113 1019 1232 1098 fierent,
1255 1027 1284 1080 et

61 1125 253 1201 tentantur
274 1132 413 1185 terreat
435 1121 528 1193 arlia,
551 1140 571 1182 a
591 1121 711 1184 oaeoulo
734 1132 763 1184 et
783 1140 877 1203 usque
900 1126 931 1182 iu
953 1120 1106 1182 soeculum
1121 1131 1154 1181 tu
1170 1139 1212 1181 eo.
1245 1118 1283 1179 tt

61 1225 132 1303 opnrl
142 1223 313 1286 Danielem:
336 1220 526 1284 Baelomooit
539 1241 610 1284 oooe
623 1241 731 1302 maqua
742 1220 887 1285 Suooama
901 1233 929 1284 et
944 1224 1036 1284 alsait:
1053 1221 1135 1284 Deus
1150 1232 1280 1292 aeterne,

61 1331 109 1407 quo·
126 1325 379 1388 abramitarum
400 1344 430 1387 eo
454 1327 601 1404 roquitor,
624 1328 677 1404 quo·
695 1327 779 1386 morti
798 1328 898 1386 omnia
918 1336 1076 1405 autequam
1096 1324 1184 1403 fiant.
1220 1322 1366 1382 ltu-rus

63 1443 113 1504 qne
134 1426 193 1488 hae
215 1425 363 1487 dictiones
386 1425 554 1505 Aliqmmdo
575 1443 638 1486 oou
660 1436 739 1496 erat,
766 1438 925 1505 autequam
946 1434 1139 1493 nasceretur,
1162 1424 1281 1505 quamam

64 1536 97 1594 el,
109 1527 224 1588 similes
247 1526 321 1588 aliae
343 1527 463 1588 voculae
484 1525 522 1587 (le
544 1525 633 1587 rebus
656 1526 739 1587 luctis
761 1545 796 1588 ae
817 1526 931 1599 creatis,
955 1545 1029 1605 quae
1052 1545 1086 1586 ex
1104 1525 1196 1586 nihilo
1213 1533 1283 1587 sunt

63 1629 159 1702 malae,
183 1627 340 1707 aptissime
362 1628 510 1700 dicuntur,
533 1627 587 1688 sed
609 1627 737 1688 aVerho
753 1629 873 1689 omuino
896 1637 966 1690 suut
987 1628 1109 1689 alienae.
1142 1626 1175 1688 Si
1190 1645 1281 1705 porro
1341 1633 1345 1640 '

63 1730 130 1792 liaeo
150 1729 191 1791 de
211 1728 304 1790 rebus
326 1728 433 1790 crealis
455 1728 565 1790 habent
586 1727 765 1815 Safl'pturae
788 1748 913 1809 cumque
935 1729 971 1791 de
991 1728 1066 1790 Filio
1088 1728 1203 1808 agitur,
1224 1746 1281 1788 vo-

63 1831 193 1893 aaloulum
216 1849 337 1911 semper
357 1829 512 1902 adhibent,
542 1848 600 1891 non
623 1829 729 1909 igitur,
753 1850 770 1891 o
792 1830 845 1891 Dei
868 1831 987 1898 hostes.
1016 1849 1052 1891 ex
1073 1831 1166 1892 nihilo
1188 1830 1282 1892 laetus

63 1942 106 1994 est
125 1932 232 2004 Filius,
254 1948 351 2010 neque
373 1929 433 1991 ullo
455 1931 545 1992 modo
567 1940 614 1992 est
635 1949 671 1993 ex
692 1930 782 1992 rebus
805 1932 899 2007 iactis,
926 1932 978 1993 seol
1000 1932 1097 1993 Patris
1119 1933 1215 2010 imago
1239 1938 1284 1991 est

63 2043 272 2112 aeternumque
293 2031 432 2106 Verbum,
455 2033 535 2111 quod
558 2050 630 2094 sane
652 2051 712 2093 nou
734 2033 890 2112 aliquando
912 2051 973 2094 non
994 2034 1065 2107 luit,
1089 2033 1142 2093 sed
1165 2050 1284 2111 semper

62 2134 127 2208 tuit,
155 2143 297 2213 tanquam
319 2141 456 2195 aeternae
478 2133 552 2195 lueis
574 2134 716 2212 splendor
736 2143 885 2196 aeternus.
931 2134 1009 2208 Quiol
1038 2134 1127 2214 igitur
1148 2142 1283 2212 tempora

63 2246 125 2297 onte
146 2235 256 2296 Filium
279 2234 546 2308 oomminiseimini‚
569 2235 614 2296 vel
636 2254 688 2297 our
702 2244 773 2315 post
787 2243 919 2315 tempora
935 2236 1026 2315 impie
1040 2235 1191 2297 affirmatis
1207 2234 1281 2295 Ver·

62 2337 128 2398 bnon
149 2337 301 2408 extitisse,
334 2354 389 2415 per
416 2337 494 2415 quod
522 2337 586 2416 ipss
617 2337 733 2399 saecula
760 2336 949 2399 factasunt?
992 2337 1064 2398 Nom
1087 2337 1138 2415 qui
1159 2354 1283 2415 prorsus

62 2438 120 2499 fieri
141 2445 248 2517 quent,
275 2446 309 2497 ut
337 2437 384 2498 vel
414 2444 529 2516 tempus
552 2439 697 2500 exstiterit
720 2441 764 2500 vel
792 2438 957 2510 saeculum,
986 2457 1052 2499 cum
1075 2438 1223 2511 nondum,
1250 2444 1284 2497 ut

61 2540 177 2617 quidem
198 2539 325 2618 putatis,
359 2549 492 2600 exortum
515 2540 605 2600 luerit
627 2540 769 2613 Verbum,
796 2559 852 2620 par
874 2542 953 2621 quod
975 2544 1074 2601 omuio
1096 2540 1180 2618 sacta
1201 2550 1282 2608 suut,

61 2646 175 2703 eluite
196 2659 255 2721 quo
277 2640 357 2701 m'loil
377 2643 497 2702 omuino
520 2640 725 2719 factumest?
767 2642 825 2702 Aul
845 2659 946 2720 quare,
969 2659 1035 2702 eum
1051 2648 1167 2719 tempus
1189 2639 1283 2719 signi·

61 2742 161 2815 titulis,
186 2758 248 2801 non
269 2751 371 2820 aperte
392 2740 504 2803 dicitis:
526 2742 594 2803 Fuit
615 2751 731 2822 tempus
746 2743 863 2822 quando
886 2761 946 2803 nou
963 2750 1026 2802 erat
1040 2739 1190 2801 verbum?
1224 2741 1282 2802 Ve-

60 2844 121 2904 rum
138 2860 257 2916 nomen
280 2843 398 2922 quidem
420 2842 517 2922 ipsum
540 2844 683 2922 temporis
710 2844 908 2922 simpliciores
935 2842 1099 2921 decipiendi
1122 2860 1210 2903 eausa
1231 2859 1282 2904 re-

59 2944 172 3016 ticetis,
206 2952 237 3004 at
257 2952 386 3004 mentem
408 2952 438 3005 et
460 2945 639 3006 sententiam
661 2954 787 3006 vestram
811 2946 904 3006 celare
931 2945 1050 3024 penitus
1079 2962 1140 3004 uon
1170 2942 1283 3019 valetis,

58 3053 236 3123 «quamquam
259 3043 284 3105 si
300 3045 472 3119 celaveritis,
494 3046 586 3106 latere
604 3054 684 3107 certe
699 3065 850 3125 nunquam
866 3046 1020 3125 poteritis;
1042 3045 1190 3124 siquidem
1205 3052 1282 3106 tem·
1298 3110 1302 3121 p

59 3164 129 3224 pora
153 3144 213 3223 ipsi
235 3163 341 3205 rursus
366 3146 552 3224 significatis,
583 3165 648 3208 eum
677 3147 791 3209 dicitis:
825 3148 893 3209 Fuit
919 3147 1091 3226 aliquando,
1126 3166 1192 3209 cum
1222 3164 1282 3206 non

58 3256 149 3318 esset,
174 3254 205 3305 et
224 3244 292 3305 Non
314 3255 378 3307 erat
397 3246 570 3326 priusquam
592 3256 677 3310 ortus
700 3257 755 3310 est.

144 3350 195 3409 14.
239 3347 349 3407 Verum
372 3347 418 3408 his
439 3347 509 3410 lieet
528 3349 568 3410 itu
590 3349 735 3429 probatis,
758 3368 794 3411 eo
817 3350 1018 3428 impudentius
1040 3349 1210 3411 huiusmodi
1233 3368 1282 3410 ar-

57 3449 147 3528 gutiis
171 3446 260 3508 nobis
282 3447 435 3510 insultant.
479 3449 511 3510 Si
534 3468 595 3511 non
616 3451 672 3511 luit
686 3450 852 3530 aliquando,
875 3451 1021 3530 inquiunt
1045 3470 1109 3512 oum
1127 3470 1188 3511 nou
1203 3457 1284 3512 esset

58 3550 167 3620 Filius,
197 3547 339 3628 seolipse
360 3559 499 3612 aeternus
522 3561 583 3625 est,
615 3570 732 3632 unaque
754 3571 821 3614 aum
841 3554 929 3614 Patre
958 3553 1074 3624 existit,
1104 3553 1196 3613 nolite
1225 3552 1283 3614 iam

56 3725 110 3781 int
128 3731 190 3781 τοῦ.
222 3726 401 3788 hildulfum
417 3735 467 3784 τοῦ
485 3730 585 3792 altres
603 3738 647 3791 (la-
700 3733 747 3796 ὤν,
769 3732 806 3792 ὥς
823 3731 914 3787 ἀϊδίου
933 3729 1012 3791 ὄντος
1029 3735 1125 3804 φωτός
1142 3749 1186 3790 eto.
1223 3740 1282 3790 totu.

56 3812 112 3850 sunt
130 3803 155 3850 in
177 3801 276 3861 Sequar.
302 3802 353 3851 llos
365 3804 462 3853 Gobler.
475 3812 499 3853 et
509 3804 612 3855 Felclm.
624 3806 646 3856 l.
699 3807 799 3868 Sequor.
815 3801 936 3871 χρόνους
952 3799 1006 3886 πρὸ
1025 3798 1093 3854 υἱοῦ.

55 3862 84 3916 ἐν
102 3864 133 3916 δὲ
151 3866 192 3932 aqi
203 3860 551 3948 Aquaqtlooaauuaelutu.
572 3873 644 3923 lidum
733 3876 749 3923 l.
776 3877 915 3935 Sequerinn.
930 3887 1058 3937 χρονους.

56 3946 78 3983 et
104 3937 207 3995 Sequer.
233 3949 248 4011 q
272 3931 338 3990 θεὸς
361 3930 511 3991 ὃαῖώνιος.
550 3933 644 3990 uouit
732 3956 753 4002 g.
773 3944 843 4003 Sequ.
863 3939 996 3990 σκέπτετε.
1026 3943 1075 3990 llos
1094 3944 1156 3991 idem
1176 3942 1281 3990 etGobl.

55 3998 120 4056 θεὸς
138 3996 154 4050 ὃ
174 3995 311 4080 nuperque.
347 4005 418 4056 ussit.
437 4008 528 4068 Anglie.
547 4008 603 4071 lleq.
622 4018 645 4057 et
697 4003 897 4060 stimulamini
906 4002 1038 4074 φρόνημα
1046 4003 1158 4076 attunt
1166 4003 1279 4058 ἑαυτῶν.

56 4071 171 4120 telchin.
189 4070 337 4119 tonuere.
731 4076 754 4123 h.
773 4080 871 4138 Sequar.
898 4079 995 4127 contu.
1021 4089 1043 4126 ot
1068 4080 1170 4127 l'elclon.
1191 4079 1211 4126 l.
1237 4089 1282 4139 γε·

88 4172 111 4220 o.
130 4171 174 4222 soc
191 4172 334 4233 sensuum.
353 4173 451 4224 euntes.
469 4182 493 4225 u
505 4175 608 4225 roseln.
626 4178 646 4226 1.
698 4142 771 4209 ”¹³25
790 4154 819 4223 ⁰²-
833 4160 885 4194 ¹⁰⁰¹
904 4138 1098 4224 {V‘ffl‘lm
1136 4146 1196 4195 ΕΜ
1208 4145 1282 4221 ‘³4¹⁸
1312 4152 1315 4157 ⁵

55 4240 116 4289 urs
134 4236 298 4306 πωμάτων
316 4234 346 4308 ⁸⁵.
361 4233 411 4288 u„
428 4232 525 4321 inu·
698 4210 1125 4338 lttllls‘ttlllltfflt.
1142 4211 1283 4327 ltta'l‘ssl

65 4401 76 4415 ι
88 4358 111 4390 e.
130 4342 274 4424 §mqqriqm
302 4333 376 4419 ideoq
397 4316 513 4421 etumex'
524 4333 595 4423 W,
605 4336 647 4393 lut
698 4340 935 4428 qoqaor'o'nuapor,
953 4342 978 4399 al
988 4341 1033 4397 καὶ
1046 4340 1185 4400 σσναΐδως
1197 4337 1281 4410 αὐτῷ,

56 4424 104 4464 ων,
123 4424 162 4462 ος
178 4406 271 4459 undeno
290 4423 389 4475 φυως
411 4405 504 4458 utitor
521 4424 646 4475 uuuoyu·
699 4411 747 4462 αλλ
779 4408 844 4468 υἷος,
881 4417 977 4468 idest:
997 4416 1073 4477 .ομοά
1096 4430 1144 4466 oon
1160 4417 1193 4464 eit
1210 4415 1284 4464 Patrio

55 4488 120 4540 «pa
159 4479 202 4529 utu
227 4487 251 4529 u
277 4479 337 4529 aaa
361 4468 646 4532 &mortuitatem
697 4489 776 4546 proter,
796 4485 850 4534 orsu
868 4482 1068 4549 amount
1083 4485 1123 4545 ru,
1142 4484 1184 4533 ua
1200 4483 1284 4532 riuos.
