2948 5092
522 227 630 272 omrro
645 228 684 271 rr.
701 228 818 271 conum
832 194 969 284 minor.
1128 207 1132 220 '
1291 221 1352 284 615
1468 271 1471 279 ,

123 379 219 442 rebus
241 379 326 441 iactis
348 378 574 458 appropinquat,
597 376 707 459 quippe
729 396 795 439 cum
817 377 884 439 illae
907 378 967 440 siut
989 379 1047 460 ipsi
1064 390 1212 457 externae,
1235 393 1264 446 at
1277 384 1352 449 Filio
1361 402 1438 449 naar.

122 491 231 562 utpote
252 481 375 561 proprio
398 498 460 541 non
481 477 715 559 appropinquat,
738 478 845 540 sedin
868 498 904 540 eo
928 490 990 554 est,
1014 500 1068 543 nec
1090 483 1229 546 adhaeret
1250 486 1354 561 Filius,

123 584 179 645 sed
204 601 264 644 una
285 600 352 643 cum
372 580 461 642 Patre
483 589 539 641 est.
583 578 667 640 Unde
688 597 793 641 rursus
808 578 927 658 Moyses
950 579 980 642 in
1002 582 1107 644 eodem
1121 584 1354 650 Deuteronomio

124 685 170 746 sic
191 683 342 763 loquitur:
370 681 470 745 Vocem
493 685 556 743 eiua
578 681 707 742 audietis
731 694 760 743 et
782 684 843 761 a'psi
863 701 916 744 uos
940 684 1151 764 udrunpemim'.
1198 686 1284 758 Quod
1299 706 1355 749 au·

126 794 188 847 tem
210 783 390 862 adiungitur,
413 782 598 844 extrinsecus
621 780 800 860 adiungitur.

210 889 242 950 6.
285 885 347 946 lam
376 883 455 963 quod
481 882 613 962 pertinet
640 882 677 943 ed
699 882 795 945 levem
818 891 847 945 et
868 885 1025 947 humanam
1047 885 1223 949 Arianorurn
1246 890 1384 968 opina-1

124 987 256 1060 tionem,
280 1003 337 1064 qua
358 1003 465 1065 nempe
486 983 646 1046 Dominum
669 1001 795 1062 egenum
816 985 910 1047 tuisse
933 1006 969 1048 ex
988 987 1037 1050 bis
1058 988 1155 1068 ipsius
1178 990 1275 1052 verbis
1297 1010 1352 1053 su-

124 1090 295 1169 spicantur:
327 1088 409 1149 Data
432 1100 477 1151 eat
498 1085 589 1161 mibi,
618 1088 750 1164 (accepi,⁸
769 1094 802 1147 ut
829 1095 859 1148 et
880 1105 917 1147 cx
937 1088 985 1149 bis
1007 1087 1090 1150 Pauli
1110 1088 1202 1151 loeis:
1234 1090 1354 1155 idat'reu

123 1189 276 1252 exultauit
297 1188 394 1258 iilum,
418 1195 448 1248 et
469 1186 554 1249 Sedit
575 1206 595 1247 α
618 1188 750 1258 dectra'a,
774 1186 899 1267 aliisque
921 1188 1085 1264 similibus,
1112 1191 1354 1270 respondendum
1390 1168 1395 1173 ’

123 1299 171 1353 εει
192 1289 351 1351 Dominum
379 1297 532 1361 nostrum,
562 1287 612 1366 qui
641 1287 721 1348 idem
742 1287 870 1350 Verbum
900 1297 931 1350 et
950 1289 1043 1351 Filius
1066 1291 1119 1351 Dei
1146 1299 1209 1367 εει,
1243 1311 1354 1372 corpus

124 1401 271 1471 gestasse,
294 1399 324 1451 et
344 1390 436 1452 fliium
459 1407 577 1469 quoque
598 1388 730 1450 bominis
752 1390 861 1450 iactum
883 1389 986 1465 tuisse,
1009 1399 1043 1452 ut
1062 1390 1179 1453 medius
1193 1391 1288 1454 Deum
1302 1392 1352 1454 in·

123 1501 172 1554 ter
202 1501 232 1552 et
258 1491 397 1552 homines
419 1493 560 1567 effectus,
589 1509 664 1569 quae
685 1489 739 1552 Dei
761 1498 845 1564 sunt,
879 1490 967 1553 uobis
988 1491 1244 1567 subministraret,
1277 1512 1354 1573 quae

122 1591 319 1666 nostri,.Deo
342 1594 474 1654 offerret.
521 1589 667 1664 thcirou
690 1609 757 1653 cum
779 1591 910 1666 esurire,
943 1594 1030 1667 ilere,
1063 1593 1216 1672 defatigari
1238 1602 1269 1656 et
1289 1595 1351 1658 cla·

124 1713 208 1756 mare
230 1694 302 1757 utor
323 1693 395 1757 b'iot'
415 1692 538 1765 dicitur,
566 1710 642 1772 quae
671 1692 791 1772 qmdem
814 1693 1101 1757 bumanaenostrae
1124 1702 1196 1756 aunt
1216 1695 1353 1757 effectio-
1383 1694 1388 1700 ’

123 1814 179 1858 nos
203 1804 234 1856 et
253 1795 408 1868 miseriae,
431 1812 482 1856 eas
504 1813 520 1854 a
542 1792 630 1855 nobis
653 1793 761 1874 accipit
781 1813 816 1855 ec
836 1793 917 1856 Patri
939 1795 1042 1868 offert,
1066 1803 1096 1856 et
1115 1814 1172 1876 pro
1194 1795 1282 1858 nobis
1305 1796 1353 1858 iu·

124 1896 266 1969 tercedit,
294 1902 329 1958 ut
354 1896 385 1961 iu
412 1895 480 1976 ipso
496 1895 629 1976 *penitus
651 1894 814 1957 deleantur.
858 1895 911 1957 His
934 1904 1031 1958 autam
1054 1896 1178 1978 Verbis}
1203 1896 1286 1959 Dato
1307 1906 1355 1962 eet

122 1998 201 2061 stibi
223 2007 374 2079 potestas,
403 2004 435 2058 et
457 2000 573 2076 accepi,
604 1997 767 2058 etidcirco
790 1996 938 2060 recitauit
959 2016 1027 2059 eum
1047 1997 1149 2069 Deus,
1176 2015 1300 2059 munera
1322 1996 1353 2058 iu

123 2118 181 2162 nos
215 2118 231 2160 a
258 2097 321 2159 Deo
354 2116 410 2178 per
441 2096 523 2158 illum
558 2096 660 2158 collata
690 2095 902 2175 significantur.
947 2097 1008 2159 Nec
1030 2097 1110 2159 enim
1131 2097 1268 2176 indigens
1291 2107 1437 2162 erutum.

122 2199 253 2262 Verbum
275 2200 322 2260 vel
344 2217 474 2278 unquam
495 2198 603 2258 iactum
627 2206 688 2271 est,
709 2215 766 2258 nec
787 2200 892 2259 rursus
913 2197 1051 2259 homines
1074 2199 1174 2260 idonei
1196 2207 1282 2261 erant
1302 2199 1355 2278 qui

122 2302 179 2363 iste
208 2301 266 2363 sibi
294 2307 516 2380 compararent3
546 2299 599 2359 sed
621 2317 676 2377 per
696 2298 826 2360 Verbum
849 2299 937 2360 nobis
959 2299 1067 2361 donata
1089 2308 1175 2373 suut,
1203 2300 1282 2363 unda
1304 2299 1355 2361 tua

124 2411 261 2482 tanquam
285 2402 340 2481 ipsi
364 2402 471 2462 donata
493 2398 581 2460 nobis
604 2398 822 2478 impertiuntur.
867 2399 1021 2479 Siquidem
1043 2417 1108 2460 eam
1127 2400 1166 2461 ob
1180 2419 1246 2462 rem
1259 2401 1352 2462 bomo

122 2505 219 2567 sactus
243 2514 311 2576 εει,
340 2512 373 2564 ut
401 2502 448 2563 illa
477 2501 557 2561 velut
588 2499 644 2561 sibi
675 2500 743 2562 data
770 2501 801 2562 iu
823 2519 879 2561 nos
902 2501 1145 2562 transferrentur.
1189 2500 1251 2563 Nec
1271 2499 1353 2562 enim

122 2624 218 2684 purus
240 2604 331 2665 bomo
355 2604 461 2682 dignus
484 2586 614 2680 unquam
635 2601 754 2675 suisset,
777 2602 827 2680 qui
849 2602 923 2664 baec
943 2601 1099 2681 acciperet,
1123 2620 1179 2662 uec
1199 2600 1270 2663 item
1291 2606 1370 2680 ltu-¹

121 2725 189 2774 rum
202 2705 330 2767 Verbum
352 2705 399 2766 bis
422 2713 528 2785 posset
549 2703 700 2781 indigere3
721 2701 913 2765 coniunctum
933 2702 1024 2782 igitur
1045 2701 1133 2763 uobis
1157 2675 1354 2774 estverbumJ

124 2818 252 2886 tuncque
273 2825 332 2868 nos
353 2806 512 2887 potestatis
533 2804 694 2883 participes
716 2803 848 2866 reddidit
868 2811 900 2866 et
920 2802 1065 2881 exaltavit
1110 2802 1240 2866 Verbum
1254 2801 1351 2881 siqui-

123 2911 192 2971 dem
213 2910 245 2971 in
267 2908 388 2970 bomine
411 2906 543 2968 existens
567 2905 719 2966 bominem
743 2904 889 2978 exaltavit,
911 2913 941 2966 at
962 2903 1060 2965 Verbo
1083 2904 1155 2965 item
1175 2903 1207 2965 in
1227 2902 1350 2965 bomine

123 3012 269 3072 existente
291 3009 404 3088 accepit
424 3008 527 3069 bomo.
573 3007 650 3079 Quia
674 3024 745 3086 ergo
769 3005 866 3066 Verbo
889 3004 920 3068 iu
943 3023 1031 3067 carue
1046 3004 1192 3068 existente
1207 3003 1350 3083 oudinum

119 3113 213 3173 bomo
243 3119 291 3172 εει
320 3118 557 3190 potestatemque
585 3108 712 3188 accepit,
740 3106 851 3168 idcirco
879 3107 939 3169 ista
960 3107 997 3169 ad
1019 3105 1147 3168 Verbum
1170 3106 1350 3178 reseruemus,
1378 3082 1387 3099 ⁸

120 3211 359 3293 qnandoquidem
389 3218 512 3290 propter
545 3209 645 3288 ipsum
676 3195 744 3270 data
775 3217 854 3269 sunt.
897 3208 979 3270 Haec
1006 3207 1085 3269 enim
1113 3207 1193 3268 dona
1223 3213 1348 3287 proptor

119 3312 249 3375 Verbum
272 3312 302 3373 in
323 3311 445 3373 bomine
468 3312 599 3372 existens
622 3326 767 3373 concessa
789 3316 868 3370 sunt.
912 3309 996 3395 Vnde
1011 3307 1259 3389 quemadmodum
1274 3307 1349 3367 Ver-

120 3414 192 3475 bum
221 3432 290 3474 cnro
319 3413 427 3474 iactum
450 3420 511 3484 est,
541 3413 581 3473 ita
603 3420 633 3474 et
654 3412 745 3472 bomo
769 3429 844 3490 quae
866 3411 980 3493 accepit
999 3427 1055 3491 per
1076 3409 1205 3472 Verbum
1226 3406 1350 3486 accepit.
1420 3389 1428 3398 ”

120 3513 229 3576 Omnia
250 3515 341 3587 enim,
363 3532 439 3592 quae
460 3512 551 3573 bomo
574 3513 696 3592 accepit,
718 3511 847 3573 Verbum
870 3510 1023 3607 accepiqe
1044 3508 1166 3584 dicitur,
1189 3516 1223 3570 ut
1242 3506 1350 3569 videti·
1390 3504 1394 3513 '

120 3625 169 3678 εει
198 3615 423 3687 ostenderetur,
453 3613 592 3692 quoniam
614 3615 706 3675 horno
728 3630 785 3692 pro
808 3631 882 3675 suae
903 3619 1027 3675 naturae
1048 3610 1221 3674 conditione
1243 3607 1351 3688 dignus

118 3734 182 3778 non
204 3724 296 3789 esset,
319 3715 369 3794 qui
391 3715 441 3775 illu
463 3716 617 3795 acciperet,
640 3732 696 3794 per
713 3712 842 3774 Verbum
865 3731 985 3775 carnem
1008 3714 1117 3774 iactum
1139 3731 1173 3772 er
1195 3709 1278 3772 ilium
1298 3727 1351 3771 ac·

119 3818 249 3898 cepisse.
294 3816 441 3889 Quocirca
471 3817 498 3878 si
531 3815 603 3896 quid
629 3812 760 3877 Domino
788 3813 888 3876 datum
917 3832 985 3876 asae
1008 3813 1053 3876 vel
1075 3810 1185 3893 aliquid
1206 3810 1351 3872 huiusce·
1441 3871 1448 3886 ,

154 4104 172 4152 t.
196 4103 237 4152 Sic
255 4103 311 4163 flea.
333 4101 437 4164 sepner
469 4108 493 4150 ει
518 4101 588 4149 basil.
631 4099 710 4150 Ceteri
762 4091 892 4154 ἐξουσίας.
923 4099 966 4148 etit
984 4108 1007 4148 et
1025 4099 1081 4147 editi
1099 4088 1161 4143 τότε
1180 4089 1193 4152 ἦ
1214 4091 1262 4153 τῆς
1279 4084 1352 4149 ἔξω·

118 4177 200 4221 autern
220 4178 244 4218 et
262 4168 319 4218 editi
335 4160 443 4217 taeter.
762 4161 833 4222 σίας,
853 4168 978 4217 mendose.

155 4253 177 4299 g.
196 4238 237 4288 Sic
256 4251 313 4285 mes.
330 4251 423 4285 omnes.
451 4235 512 4284 Editi
524 4248 579 4284 tero
591 4227 709 4282 ditarer.

118 4305 212 4354 ibidem
232 4305 289 4366 usa.
315 4312 339 4354 ct
357 4305 454 4366 Segner.
473 4297 520 4350 καὶ
536 4293 713 4367 &retribuimu-

118 4383 176 4423 σιν,
212 4372 241 4422 lu
261 4373 316 4423 abiis
334 4379 357 4420 ct
375 4373 446 4420 editis
464 4365 511 4417 καί
531 4371 607 4420 decet.

153 4443 179 4490 b.
198 4442 238 4490 Sic
255 4440 313 4502 Μ.-
328 4447 353 4491 et
370 4439 470 4501 Seguer.
513 4443 541 4487 bt
558 4437 632 4489 Basii.
651 4429 713 4485 τότε

797 4268 813 4316 i.
832 4266 874 4317 Sic
890 4267 946 4329 Rea.
966 4265 1030 4314 etSe
1049 4278 1099 4313 ner.
1130 4261 1193 4312 Editi
1211 4274 1268 4311 vero
1284 4252 1353 4319 ette-

764 4345 831 4400 φεν·
861 4326 914 4381 ὅσα
935 4325 996 4398 7γὰρ
1027 4280 1046 4378 ἕ
1069 4320 1218 4394 ἅνθρωπος
1245 4317 1351 4394 εἴληφε,
1458 4339 1462 4346 ’

762 4396 854 4451 πάντα
872 4393 886 4449 ὅ
904 4393 985 4465 λόγος
1003 4407 1048 4449 etc.
