2934 5078
439 242 891 295 aoumtrounurarumn
904 246 939 290 rr.
1232 238 1295 303 913

68 400 169 460 moria
191 401 263 457 erat.
305 393 467 474 Postquam
490 402 587 457 autem
609 393 664 459 net
683 395 855 459 mandatum
875 407 1083 477 transgressus
1105 410 1165 474 est,
1196 405 1227 466 iu
1250 405 1382 468 m-rou.

72 500 168 561 uosas
190 497 293 576 lapsus
316 507 364 558 est
386 497 591 576 cogitationes,
604 515 673 559 non
696 498 776 578 quod
798 497 878 560 lleus
898 498 964 560 illas
986 499 1200 579 cogitationes,
1223 524 1297 585 qnae

69 617 129 661 nos
151 598 182 659 in
204 597 399 677 captivitatem
422 599 568 678 redigunt,
591 598 766 672 condiderit,
790 598 843 660 sed
865 601 944 677 quod
966 600 1101 664 diabolus
1116 604 1218 666 lrautle
1232 606 1297 671 illas

68 697 261 762 inrationali
289 699 442 760 huminum
471 709 574 763 natura
602 701 634 762 ln
660 699 914 781 praevaricatione
942 702 1103 764 constituta
1132 713 1161 787 et
1189 724 1205 766 a
1232 705 1296 768 Deo

68 801 192 881 expulsa
213 799 297 880 quasi
321 800 449 862 alienum
471 820 573 863 semen
595 800 756 868 induxerit
778 801 819 863 ita
840 811 874 862 ut
894 801 1029 865 diabolus
1057 803 1154 883 legem
1167 809 1296 886 ,peoeau

67 902 102 964 in
124 911 227 965 natura
248 901 379 964 hominia
402 902 588 965 eonstituerit
609 922 727 984 unaque
750 909 887 977 mortem.
914 923 989 983 quae
1009 923 1065 985 per
1085 924 1162 985 opus
1183 910 1296 987 peooati

67 1003 101 1065 in
124 1003 172 1064 illa'
194 1003 376 1066 dominatum
399 1013 542 1067 exeroeat.
586 1004 733 1078 Quocirca
754 1007 835 1067 veuit
848 1005 941 1068 Filius
955 1005 1019 1078 uei,
1041 1015 1075 1069 ut
1095 1007 1192 1071 solvat
1206 1028 1297 1091 opera

68 1104 190 1167 diaboli.
234 1105 293 1167 Sed
315 1106 448 1168 instatis:
476 1107 560 1181 „lam
582 1106 686 1180 solvit,
709 1126 777 1169 oum
798 1125 860 1168 non
881 1109 1078 1187 peoearerit.“
1121 1113 1160 1171 At
1180 1129 1296 1191 nequa·

67 1224 158 1286 quam
180 1213 227 1268 eat
248 1205 319 1268 illud
340 1214 492 1286 peceatum
515 1208 643 1270 solvere.
686 1209 788 1289 Neque
811 1209 889 1271 enim
912 1208 948 1271 ab
970 1209 1056 1271 initio
1083 1220 1236 1289 peccatum
1264 1213 1296 1277 ln

67 1307 120 1370 illo
144 1316 282 1388 operatus
305 1316 351 1370 est
373 1308 518 1383 diabolus,
540 1317 573 1371 ut
594 1311 732 1373 veniente
754 1310 851 1373 Verbo
874 1311 1068 1373 inmundum
1091 1319 1120 1373 et
1141 1332 1201 1374 uon
1222 1332 1295 1394 peo-

67 1417 155 1471 canto
176 1410 341 1471 solveretur
362 1419 532 1490 peceatum,
561 1411 616 1474 sed
637 1411 669 1473 in
690 1412 827 1475 rationali
850 1420 880 1474 at
901 1412 1088 1476 intellectuali
1110 1421 1215 1476 natura
1235 1398 1295 1477 ho-

65 1510 160 1573 minia
182 1530 237 1590 per
256 1511 409 1573 inductum
432 1530 534 1574 semen
556 1512 692 1575 diabolus
714 1523 867 1592 peceatum
894 1524 940 1575 est
961 1522 1111 1593 operatus.
1155 1515 1295 1596 Quapro-

64 1620 137 1692 pter
158 1613 342 1693 impossibile
363 1613 419 1675 luit
441 1621 562 1677 naturae
584 1615 735 1691 rationali,
768 1633 844 1694 quae
866 1633 920 1676 aua
942 1624 1049 1694 sponte
1070 1625 1243 1695 peceaverat
1262 1636 1298 1682 ae

66 1713 177 1775 mortis
199 1715 379 1777 damnationi
409 1714 538 1777 subiecta
561 1725 642 1790 erat,
670 1734 740 1800 aeae
767 1715 797 1777 in
825 1715 991 1778 libertatem
1020 1734 1174 1791 revocare,
1203 1724 1236 1779 ut
1256 1717 1298 1781 ait

64 1815 245 1894 Apostolus:
268 1816 346 1878 Nom
367 1819 447 1898 quod
468 1817 654 1897 impossibile
674 1828 741 1880 ertu
765 1816 836 1897 legi,
865 1821 898 1879 ia
924 1837 982 1898 quo
1005 1817 1221 1898 infirmabatur
1239 1836 1298 1899 per

67 1936 202 1980 earnem.
246 1917 435 1998 Quapropter
456 1918 537 1981 venit
558 1919 624 1998 ipse
644 1917 699 1980 llei
720 1917 823 1993 Filius,
845 1927 879 1979 ut
901 1937 964 1980 eam
987 1918 1018 1979 in
1041 1926 1145 1981 natura
1168 1936 1298 1999 suaper

63 2036 175 2079 novam
198 2018 341 2098 originem
365 2029 395 2080 et
416 2019 580 2081 mirabilem
603 2020 824 2100 generationem
845 2027 1036 2082 restauraret.
1073 2019 1139 2081 Non
1155 2038 1215 2099 quo
1230 2039 1380 2087 earunou.

64 2137 144 2199 quae
165 2118 202 2180 ala
224 2119 308 2181 initio
330 2122 403 2182 lauta
426 2127 490 2183 orat
510 2119 754 2184 constitutionem
777 2120 941 2193 divideret,
964 2119 1016 2181 sed
1039 2138 1098 2199 quo
1121 2139 1295 2200 super-ae-

63 2219 208 2283 minatam
230 2221 452 2300 abrogationem
474 2222 641 2301 abrogaret,
661 2229 696 2283 ut
716 2228 840 2283 testatur
861 2221 1010 2300 Propheta
1033 2220 1151 2282 dioens:
1185 2221 1296 2286 Prina-

64 2340 156 2405 puom
179 2333 338 2403 cognorant
361 2322 517 2404 paruulus
547 2324 658 2386 bouum
678 2322 728 2384 uel
747 2322 875 2395 arulum,
908 2323 1055 2403 reprobat
1083 2321 1231 2384 molitiem
1258 2322 1298 2386 at

63 2424 236 2504 eligendam
258 2425 378 2487 ionum.
423 2423 510 2497 Quod
534 2425 560 2485 si
584 2424 614 2485 in
636 2430 750 2496 natura,
772 2442 848 2502 quae
862 2429 1043 2502 peccaverat,
1066 2422 1295 2502 impeccabilitas

63 2543 129 2586 non
151 2525 353 2604 apparuisset,
383 2544 436 2586 our
457 2534 611 2605 peceatum
633 2524 663 2586 in
685 2541 773 2587 earne
795 2525 964 2586 damnatum
986 2534 1081 2596 esset,
1111 2542 1178 2585 oum
1200 2540 1297 2602 neque

64 2644 138 2687 earo
160 2625 271 2704 peooati
292 2634 388 2687 actum
403 2626 521 2701 habeat,
543 2646 639 2707 neque
653 2627 685 2690 in
700 2625 884 2688 divinitatem
899 2634 1049 2704 peecatum
1065 2623 1173 2687 oadatl
1195 2623 1295 2697 Quare

62 2726 230 2805 Apostolus
252 2727 337 2788 dicit:
365 2727 421 2792 tlte·
432 2729 598 2791 abundavit
615 2738 782 2809 peceatum,
805 2729 848 2790 ibi
867 2727 1127 2808 superabundavit
1141 2711 1171 2788 ιε’
1183 2729 1295 2806 grotta,

63 2846 130 2891 non
151 2827 249 2889 locum
271 2829 421 2902 indimus,
444 2830 497 2891 sed
519 2837 656 2892 naturam
677 2825 871 2907 significans?
919 2827 957 2891 Ut
978 2831 1072 2898 siout,
1105 2824 1216 2905 inquit,
1234 2843 1297 2905 per

63 2947 165 2991 unum
186 2928 333 2991 homiuem
353 2942 509 3010 peceatum
529 2936 563 2994 ἐν
584 2932 663 2994 luno
683 2932 830 2992 mundum
850 2932 989 3004 introvit,
1015 2938 1043 2991 et
1061 2945 1120 3008 per
1136 2935 1296 3008 peecatum

64 3048 163 3101 mors,
186 3034 230 3092 ito
248 3049 307 3111 per
328 3049 424 3093 aanor
446 3031 714 3095 luminariorum
737 3031 892 3093 Clra'atum
916 3032 1020 3109 protr'o
1042 3037 1147 3107 regnet
1165 3046 1224 3108 per
1244 3030 1295 3091 iu-

63 3134 184 3194 stitium
204 3137 238 3194 r'a
259 3134 353 3193 uitam
375 3143 546 3208 oeternum,
568 3140 601 3193 ut
621 3148 677 3212 per
698 3149 785 3210 quam
807 3138 941 3191 naturam
962 3136 1115 3209 peecatum
1137 3127 1296 3208 prooessit,

62 3248 123 3311 per
145 3232 268 3294 eandem
290 3232 420 3294 iustitiae
442 3233 592 3312 specimen
615 3232 753 3305 daretur,
781 3240 811 3294 et
837 3231 882 3294 aio
908 3232 1035 3293 humana
1057 3238 1162 3293 natura
1183 3248 1201 3292 a
1221 3247 1294 3309 peo-

63 3339 134 3394 oato
156 3331 277 3394 liberata
299 3333 408 3395 diaboli
431 3353 521 3414 opera
543 3335 730 3397 solverentur
750 3334 872 3414 lleoqua
894 3332 989 3414 gloria
1009 3333 1140 3395 daretur.

156 3637 185 3698 7.
227 3638 267 3696 At
285 3654 406 3698 rursum
428 3636 540 3698 dicitis:
571 3636 627 3710 „Si
649 3637 740 3699 homo
763 3644 808 3699 est
830 3635 983 3708 Christus,
1005 3650 1076 3714 pars
1099 3632 1156 3717 eg‘t
1175 3601 1294 3708 mundi}

65 3754 166 3816 „pars
189 3744 287 3800 autem
310 3738 412 3800 mundi
433 3738 577 3800 mundum
599 3738 713 3805 salvum
735 3740 832 3800 lacere
853 3736 986 3816 nequit.“
1025 3731 1195 3796 Olallaoiae
1210 3750 1294 3794 oom-

102 3922 125 3972 a.
150 3922 190 3972 Sic
214 3922 312 3984 Segoer.
337 3923 434 3972 Gobler.
462 3931 486 3973 et
502 3923 609 3975 Felclrm.
634 3924 656 3973 l.
708 3914 972 3989 ὑπερεπερίσσευσεν.
1027 3919 1088 3967 Editi
1120 3931 1175 3966 raro
1206 3923 1230 3965 et
1254 3914 1294 3964 alil

62 3990 130 4040 Editi
141 3999 218 4039 antem
231 3983 277 4037 διὰ
290 3984 397 4057 σαρκὸς,
413 3983 459 4037 διὰ
468 3990 549 4038 τοῦτο
566 3976 655 4050 ἦλθεν.
707 3982 941 4054 ὕπεπερῖσσευσεν.
991 3985 1053 4063 llox³
1073 3982 1296 4062 Seguer.‘Gobler.

63 4057 140 4137 [ulra
152 4058 250 4108 Gohlar.
274 4066 299 4108 et
317 4059 420 4108 Felolm.
433 4059 455 4109 l.
474 4059 539 4109 eti.
557 4055 657 4127 receptis
707 4056 798 4118 lngllc.
818 4066 841 4107 et
858 4057 963 4107 Felrlrm.
983 4054 1005 4103 l.
1024 4067 1056 4101 ou
1073 4062 1160 4099 aanor
1175 4062 1296 4118 unoypn-

63 4138 162 4190 mut·
326 4164 344 4198 ι
709 4137 780 4190 φων.
845 4192 849 4201 .

101 4239 129 4304 ε..
142 4225 177 4275 a
196 4225 455 4287 so
474 4233 499 4277 a
515 4225 613 4276 no
633 4227 655 4276 ι·
708 4191 878 4318 ..σεεν
892 4184 1295 4307 natantaululat

61 4293 130 4344 Edm
148 4309 203 4343 '⁸¹⁰
222 4289 313 4349 ’mm'
334 4311 348 4354 ’ἶ
367 4288 456 4342 ’‘m'‘
708 4326 858 4405 paulopost
874 4327 974 4386 Seguer.
997 4315 1223 4390 ἔλευθερουμένης
1246 4316 1296 4380 τῆς

102 4396 118 4444 l.
137 4394 178 4445 Sio
196 4396 296 4457 Seguer.
331 4394 393 4445 Editi
411 4403 435 4446 et
453 4387 654 4461 ιΙίίἇμαρτίας.
708 4383 866 4458 ἄνθρωπον.
904 4390 1166 4443 contestaturum.
1187 4378 1297 4441 illeo-

62 4462 142 4514 Panlo
158 4471 218 4528 port
234 4465 334 4525 saguer.
352 4462 451 4517 Goblat.
475 4473 499 4514 at
515 4463 623 4516 Felsina.
634 4461 655 4513 l.
706 4456 877 4526 θερωθεὶσης
892 4457 940 4519 τῆς
957 4448 1142 4525 ἀνθρωπίνης.

100 4547 229 4593 lunum
240 4558 292 4593 oar.
301 4559 373 4594 noan.
385 4560 435 4594 ιιι.
573 4573 580 4588 ·
1057 4541 1091 4595 ⁶8
