2948 5092
426 269 568 314 urtsrouc
582 270 603 311 Ι.
618 271 654 311 uo
671 269 864 315 supersessa.
1193 257 1254 323 685

27 422 190 502 nostrique
212 421 422 493 initiationem,
456 421 487 481 in
515 440 571 499 qua
599 420 710 483 scilicet
737 440 793 482 nos
824 422 880 482 sibi
908 423 966 502 ipsi
995 432 1025 485 et
1045 441 1100 503 per
1122 425 1338 510 seipsurnreu.

27 525 113 587 Petri
136 523 298 594 coniunxit,
322 524 352 583 iu
376 522 481 583 eodem
503 523 654 600 complens
670 523 822 603 discipulis
842 524 916 585 baec
935 525 1147 604 praecipiebat:
1171 526 1256 588 dun-

28 638 76 690 tes
99 629 200 689 docete
223 644 323 686 omnes
346 635 457 703 gentes,
483 625 671 703 baptizantes
693 643 743 686 eos
765 629 798 685 in
820 630 939 687 nomine
960 626 1063 688 Patris
1086 638 1115 688 et
1137 627 1209 688 Filii
1228 639 1256 690 et
1306 612 1308 617 ’

26 728 170 809 Spiritus
193 732 300 789 sancti.
346 726 502 787 Praeterea
524 744 589 786 cum
612 743 645 786 se
660 723 717 786 illis
734 745 801 787 eum
816 727 977 788 missurum
991 728 1139 807 promisit,
1159 746 1255 808 prae-

28 836 110 911 cepit
133 831 169 891 ah
191 828 385 908 lerosolpmis
407 847 444 888 ue
467 829 658 899 discederent,
681 847 715 889 ac
736 828 836 906 paucis
859 828 963 889 diebus
986 829 1163 900 interiectis,
1189 849 1254 892 cum

26 932 234 1012 compleretur
256 931 317 991 dies
340 929 540 999 Pentecostes,
569 939 659 991 erant
680 948 781 991 omnes
800 935 922 1009 pariter
944 936 975 991 in
997 933 1096 993 eodem
1120 931 1202 1007 loco,·
1225 942 1254 993 et

24 1035 135 1114 suetus
158 1042 201 1094 est
223 1041 347 1112 repente
369 1032 402 1091 de
425 1030 506 1091 caelo
527 1048 621 1091 sonus
645 1041 786 1110 tunquam
808 1033 994 1094 advenientis
1012 1037 1141 1112 spiritus
1164 1032 1267 1111 veie<

24 1138 150 1205 mentre,
173 1145 205 1196 et
223 1133 350 1212 repleuit
372 1142 465 1193 totum
488 1133 614 1203 domurn,
636 1133 690 1194 ubi
709 1145 799 1196 erant
813 1134 964 1205 sedentes;
990 1144 1018 1195 et
1038 1145 1253 1214 apparuerunt

23 1236 94 1300 illis
127 1237 302 1316 dispertitae
333 1234 450 1317 liupuae
478 1245 617 1313 tanquam
638 1236 730 1314 ignis,
764 1236 963 1316 sederuntque
992 1254 1088 1314 supra
1116 1236 1252 1316 singulos

23 1356 153 1409 eorum;
178 1348 206 1399 et
228 1335 339 1415 repleti
359 1346 431 1397 suut
453 1331 551 1396 omues
574 1335 696 1414 Spiritu
717 1347 832 1411 sancto,
857 1346 885 1398 et
908 1348 1072 1416 coeperunt
1095 1336 1177 1417 loqui
1197 1357 1251 1398 ua-

22 1443 87 1501 riis
110 1439 236 1517 linguis,
262 1447 359 1517 prout
380 1436 515 1515 Spiritus
538 1448 661 1498 sauctus
692 1438 781 1499 dabat
809 1438 909 1518 eloqui
935 1438 1007 1500 illis.
1051 1438 1126 1499 Hinc
1147 1447 1251 1518 postea

21 1540 223 1620 impositione
245 1557 383 1599 manuum
405 1538 614 1616 Apostolorum
636 1538 765 1618 Spiritus
795 1549 914 1601 sanctus
943 1539 1167 1601 renascentibus
1196 1542 1250 1600 de·
1319 1519 1330 1541 ’

10 1642 126 1706 betur.
172 1641 297 1721 Quidam
320 1641 442 1719 insuper
458 1640 574 1718 Agabus
596 1640 627 1701 in
649 1641 753 1702 eodem
777 1641 948 1709 vaticinatus
971 1650 1027 1715 est,
1049 1642 1147 1703 aiens:
1170 1641 1251 1704 llaec

19 1747 102 1810 dicit
123 1743 259 1823 Spiritus
282 1753 415 1803 suiectus.
459 1742 495 1802 Et
515 1743 641 1803 Paulus:
674 1742 712 1805 ln
734 1762 790 1823 quo
813 1762 865 1805 uos
889 1743 1024 1823 Spiritus
1046 1753 1170 1805 sanstus
1190 1762 1250 1823 po-

18 1851 91 1911 suit
112 1849 282 1926 piscopos,
306 1862 410 1922 regere
432 1842 593 1905 Ecclesiam
613 1844 685 1915 liei,
719 1863 807 1924 quam
834 1850 993 1926 acquisivit
1016 1849 1148 1925 proprio
1176 1864 1250 1907 san-

16 1953 128 2030 grtine.
189 1947 226 2007 Et
259 1945 401 2006 Eunucho
433 1945 580 2025 baptizato
613 1947 748 2027 Spiritus
776 1947 901 2008 domini
931 1929 1044 2027 rapuit¹
1067 1946 1248 2026 Philippum.

16 2049 154 2130 Scripsit
175 2066 291 2126 quoquc
315 2047 435 2107 Petrus:
464 2047 665 2127 lleportaotes
693 2049 784 2128 finem
811 2050 885 2128 fidei
912 2048 1039 2110 salutem
1067 2052 1248 2109 animarum

15 2152 69 2216 De
94 2170 154 2231 gua
176 2149 274 2211 salute
296 2152 503 2230 exquisierunt
524 2160 614 2230 atque
635 2155 768 2212 scrutati
787 2162 860 2211 sunt
881 2149 1058 2229 Prophetae,
1082 2154 1133 2230 gui
1147 2150 1181 2210 ale
1195 2139 1250 2228 fu-

15 2264 100 2317 tura
123 2256 156 2312 iu
177 2252 260 2313 vobis
288 2254 389 2329 gratia
407 2251 684 2331 prophetaverunt,
718 2263 890 2314 scrutantes
919 2255 952 2312 in
981 2253 1059 2330 quod
1086 2250 1135 2311 vel
1162 2251 1249 2331 quale

15 2367 144 2433 tempus
167 2352 394 2432 significaretur
416 2356 448 2412 iu
470 2355 511 2413 eis
535 2351 670 2431 Spiritus
696 2352 822 2421 Christi,
842 2344 1070 2432 praenuncians
1100 2369 1151 2412 eas
1175 2366 1333 2431 quaesout.

13 2459 52 2518 in
80 2453 202 2516 Christo
225 2463 298 2514 stent
314 2457 474 2531 passiones
501 2463 528 2532 et
546 2459 737 2532 posteriores
759 2452 886 2532 glorias.
929 2453 1056 2513 loannes
1079 2452 1149 2513 item
1172 2453 1248 2513 scri·

11 2554 80 2619 bit:
112 2554 151 2616 ln
174 2554 226 2616 hoc
250 2558 469 2633 cognoscimus,
499 2559 640 2634 quoniam
668 2558 701 2615 in
728 2573 760 2616 eo
788 2573 940 2615 manemus
964 2565 992 2616 et
1014 2559 1077 2634 ipse
1099 2557 1131 2614 iu
1152 2554 1247 2626 nobit,

11 2660 166 2740 quoniam
188 2657 223 2716 de
244 2654 364 2733 Spiritu
385 2674 440 2717 suo
465 2657 543 2717 dedit
564 2657 660 2717 nohis.
701 2655 809 2716 Paulus
832 2655 967 2717 similiter
988 2656 1061 2716 hoec
1082 2654 1118 2715 od
1136 2655 1247 2715 Romo·

10 2778 78 2822 nos
102 2756 220 2819 scribit:
253 2756 307 2818 Vos
330 2762 481 2819 antemio
504 2761 785 2827 carneuouestis,
816 2760 868 2820 sed
889 2763 920 2819 in
943 2761 1054 2837 spiritu
1061 2777 1071 2829 ,·
1102 2761 1249 2818 ettamen

10 2861 160 2943 Spiritus
183 2859 241 2919 Dei
261 2858 375 2920 habitat
397 2863 429 2919 iu
450 2860 544 2920 vobis.
589 2858 626 2919 Si
652 2863 717 2940 guis
745 2871 844 2921 autem
866 2858 1015 2940 Spiritum
1046 2858 1169 2944 Christi
1187 2877 1269 2920 uon,

11 2964 120 3032 dubet,
146 2961 191 3021 hic
215 2971 342 3022 moreest
364 2965 437 3021 eius.
482 2959 519 3021 Si
538 2972 637 3021 autem
655 2960 793 3022 Christus
817 2965 849 3021 in
871 2962 954 3022 vohis
977 2969 1029 3029 est,
1053 2978 1164 3039 corpus
1180 2963 1247 3041 pui-

10 3067 88 3128 dem
108 3072 266 3123 mortuum
287 3073 332 3124 est
352 3074 482 3141 propter
499 3073 670 3140 peccatum,
705 3065 832 3139 spiritus
859 3080 931 3123 nero
960 3066 1024 3122 vita
1051 3072 1097 3122 est
1115 3073 1247 3141 propter

10 3168 179 3229 iustitiam.
228 3163 317 3235 Quod
349 3168 377 3224 si
401 3163 538 3243 Spiritus
567 3168 647 3234 eius,
682 3165 735 3241 qui
760 3166 887 3226 suscitat
917 3164 1070 3225 Christum
1097 3161 1198 3222 lesum
1228 3180 1248 3222 a

10 3268 169 3335 mortuis,
200 3264 314 3327 habitat
335 3269 368 3324 iu
390 3266 488 3333 nohis,
518 3269 571 3346 qui
591 3267 750 3326 suscitavit
771 3263 870 3325 lesum
895 3265 1046 3326 Christum
1068 3268 1246 3335 amortuis,

10 3367 188 3447 vivificabit
219 3375 247 3426 ct
267 3367 411 3428 mortalia
434 3385 566 3445 corporo
587 3378 690 3430 oestro
709 3376 839 3445 propter
860 3366 1075 3428 inhahitantem
1096 3365 1247 3446 Spiritum

10 3477 85 3535 eius
108 3472 143 3530 in
164 3469 256 3529 vohis.
301 3467 338 3527 Et
352 3468 388 3528 od
404 3467 591 3528 Corinthios:
614 3466 750 3548 Spiritus
766 3471 843 3529 euim
859 3471 957 3573 omnia
974 3479 1143 3541 scrutatur,
1159 3473 1247 3529 etrttm

48 3693 68 3741 Ι.
90 3683 122 3737 ἓν
140 3671 161 3751 ᾧ
178 3680 249 3752 ὑμᾶς
267 3689 378 3737 omittunt
396 3690 452 3750 ling.
471 3689 490 3737 Ι.
510 3689 609 3750 Seguer.
660 3683 820 3753 παθήματα.
838 3682 883 3734 itui
898 3678 1039 3746 Ἰωάννης
1054 3681 1083 3736 ἕν
1102 3681 1245 3753 conspreto.

10 3756 326 3812 continerentur.
502 3764 506 3779 ·
661 3758 718 3806 item
739 3757 795 3804 ibid
813 3756 884 3805 Bisil.
903 3749 1062 3804 ἐπέστελλεν.

47 3825 153 3890 gliog.
171 3819 310 3890 [κυρίου.
345 3826 491 3886 tltS‘eguer.
512 3824 609 3874 Gobler.
693 3824 710 3874 Ι.
729 3825 801 3872 linsil.
811 3824 910 3886 etdngl.
929 3816 1033 3872 iraenei.
1072 3826 1137 3882 Quae
1155 3824 1244 3873 ibidem

10 3905 35 3947 et
47 3843 169 3944 gSclclun.
191 3892 210 3939 Ι.
229 3890 361 3956 Χριστοῦ.
659 3901 791 3955 sequuntur
811 3907 885 3955 usque
903 3893 931 3940 cd
929 3884 1093 3963 Χριστὸς’
1081 3883 1184 3955 ονομῑν
1200 3893 1244 3939 ho-

47 3989 75 4037 h
96 3986 192 4049 κυρίου
210 3988 277 4035 abet
290 3984 408 4063 330εηῖ
445 3984 650 4034 Moxldeme,
644 3960 808 4020 bentllegii,
822 3960 920 4020 Seguer
929 3956 1007 4022 Angl.
1019 3960 1243 4010 Gobler.ctl·olcl-

659 4027 773 4075 mannil
793 4037 816 4076 et
833 4028 901 4076 vertit
918 4028 1033 4084 Nunnius,
1052 4028 1126 4077 ceteri
1144 4035 1168 4075 et
1186 4028 1242 4076 editi

10 4057 73 4118 neg
90 4055 113 4103 ¹
133 4062 156 4102 οι
174 4054 272 4114 chuer
288 4046 402 4118 ἔγραφε
658 4098 778 4144 omittunt.
812 4096 903 4151 lbidern
928 4111 982 4144 uror
1006 4097 1071 4156 liegii
1095 4105 1119 4144 et
1141 4096 1242 4173 Seguer.

47 4152 66 4200 Ι·
88 4147 157 4209 Reid
176 4156 199 4196 ΙΙ
217 4148 315 4209 S‘SW
335 4139 412 4211 '‘il‘ffss
657 4178 702 4212 nee
733 4178 780 4211 uon
808 4165 913 4213 Graecus
939 4166 1076 4240 Scriptores
1103 4172 1179 4211 testas
1207 4154 1240 4210 δι’

46 4235 72 4283 k.
92 4233 135 4281 Sic
158 4247 243 4282 omnes
268 4247 325 4281 mss.
350 4240 445 4294 praeter
462 4231 565 4279 Fslclm.
581 4230 605 4280 2.
656 4221 802 4295 ἁμαρτίαν.
821 4232 865 4280 hlu
876 4240 899 4280 et
911 4233 967 4281 editt
979 4224 1062 4279 dtu
1034 4245 1085 4288 την
1095 4244 1241 4296 αμαρτιαν

10 4312 32 4353 ΙΙ
54 4299 211 4378 Regium2,
236 4303 289 4378 qni
301 4307 325 4348 ut
344 4302 449 4348 Graecus
467 4301 604 4362 Scripturas
690 4300 780 4416 οὶὲΙο
797 4300 871 4360 llegii,
890 4300 988 4361 Segaer.
1008 4300 1079 4347 besil.
1089 4300 1178 4360 hogltc.
1198 4315 1242 4348 nec

10 4379 94 4422 textos
113 4360 209 4426 ἐδήλου
229 4362 258 4415 τὸ
277 4360 306 4415 ἐν
325 4358 425 4418 αὐτοῖς
460 4367 510 4415 ΙΙοΙ
530 4368 604 4427 liegii,
655 4381 703 4416 nnn
735 4370 1065 4430 raecusScriptnraetextns,
1085 4368 1240 4416 allioteditio

10 4441 117 4519 Seguer.
138 4437 235 4486 Gobler
252 4445 276 4484 et
294 4436 429 4485 folclind.
446 4448 603 4499 προμαρτο-
655 4435 771 4484 Commel.
789 4428 949 4500 ἐγείροντος.
981 4437 1040 4484 lbid
1051 4437 1122 4485 basil.
1133 4429 1237 4484 ἐνοικεῖ.

10 4503 161 4575 pou'pieror.
196 4503 288 4556 lbidem
306 4505 404 4555 Gobler.
423 4511 447 4552 et
463 4504 603 4554 ΙοΙοΙωηΙ
654 4503 706 4553 ΙΙοΙ
721 4494 827 4562 Ἰησοῦν
844 4505 912 4554 obest
929 4518 944 4555 ι
961 4504 1052 4567 lteg.l
1071 4513 1094 4554 st
1112 4505 1210 4566 Seguer.
