2948 5092
314 985 797 1064 SANC‘llPATlllS
833 989 1065 1068 Nostul

464 1143 914 1268 ATHANASII

365 1306 691 1362 nuctttttt’tscot’t
709 1310 1011 1365 Atnxnttontnu

125 1426 191 1489 All
227 1426 560 1491 EPlCl'ETUll
596 1429 924 1494 nrtsuoruu
961 1433 1281 1496 COlllNTlll-

438 1564 556 1615 courm
576 1564 765 1650 strumosos
783 1567 938 1619 cersrom.
1051 1527 1054 1536 ’
1144 1550 1146 1553 ’

231 1851 334 1900 llomino
353 1865 407 1901 meo
426 1851 514 1902 dilecto
530 1853 607 1902 Fratri
626 1861 650 1903 et
667 1855 819 1918 optatissimo
838 1856 1010 1906 comministro
1028 1855 1138 1921 Epicteto

466 1937 609 1988 Athanasius
627 1938 651 1987 in
670 1938 771 1988 domino
789 1939 900 1989 salntem.

158 2175 186 2235 1.
229 2169 401 2231 Arbitrabar
430 2172 565 2250 equidem
596 2173 727 2234 omnium
751 2173 949 2252 quiunquam
973 2177 1056 2236 lucre
1078 2176 1383 2247 haereticorump.oo1.

62 2291 172 2335 vanam
196 2272 400 2352 loquacitatem
424 2292 440 2333 a
461 2272 589 2335 Nicaena
613 2273 733 2354 Synodo
756 2292 960 2352 compressam
981 2275 1086 2338 luisse.
1130 2275 1203 2337 Nam
1223 2296 1299 2356 quse

64 2375 130 2439 illic
150 2393 167 2435 a
188 2373 327 2436 Patribus
350 2392 385 2434 ex
407 2373 514 2436 divinis
537 2373 699 2453 scriptoris
721 2374 905 2454 promulgata
927 2376 1002 2437 fides
1026 2385 1081 2450 est,
1105 2384 1166 2438 tum
1187 2378 1223 2438 ad
1238 2377 1297 2439 im-

62 2477 207 2560 pietatem
230 2494 349 2536 omnem
373 2475 576 2547 evertendam,
609 2482 670 2536 tum
692 2476 729 2536 ad
751 2475 829 2553 piam
852 2476 882 2536 in
905 2476 1024 2539 Christo
1047 2478 1134 2538 fidem
1157 2496 1298 2540 asseren-

64 2577 135 2639 dam
159 2577 278 2639 suflicit.
323 2576 523 2649 Quamobrem
552 2594 618 2636 cum
647 2576 706 2638 hoc
734 2585 867 2656 tempore
894 2579 992 2640 variae
1015 2578 1127 2658 Synodi
1149 2597 1204 2659 per
1227 2579 1297 2641 Gal·
1373 2584 1387 2598 ‘

62 2678 153 2752 liam,
186 2678 345 2757 Hispanias
385 2686 415 2738 et
452 2696 575 2756 magnae
607 2676 720 2738 Romae
759 2678 923 2740 celebratae
957 2680 1034 2753 sint,
1073 2687 1222 2760 quotquot
1261 2699 1297 2742 eo

64 2799 248 2853 convenere,
278 2798 349 2851 eos,
378 2778 427 2858 qui
458 2778 545 2840 etiam
575 2797 655 2840 nunc
681 2779 807 2841 latenter
835 2781 972 2842 haeresin
1002 2781 1123 2860 sapiunt
1148 2781 1297 2854 Arionem,

62 2882 241 2945 Auxentium
270 2900 377 2959 nempe
406 2880 671 2953 Mediolanensem,
702 2880 873 2955 Ursacium‚
903 2882 1054 2944 Valentem
1083 2890 1113 2942 et
1135 2883 1238 2944 Galum
1261 2900 1297 2944 ex

61 2983 235 3056 Pannonia,
269 2983 418 3044 communi
448 2982 558 3044 calculo
587 2979 672 3061 quasi
701 3001 761 3043 uno
791 2983 955 3061 eodemque
986 2984 1153 3045 concitante
1182 2974 1295 3063 Spiritu

62 3085 251 3148 anathemate
274 3082 459 3144 damnarunt
507 3083 636 3145 Litteras
665 3091 763 3144 autem
792 3083 902 3163 ubique
930 3085 1078 3145 miserunt
1100 3084 1191 3163 (quod
1209 3083 1293 3160 'rama

61 3187 115 3248 isti
138 3186 324 3264 synodorum
348 3185 468 3246 nomina
490 3185 809 3261 comminiscerentur),
833 3184 910 3246 milla
934 3194 965 3248 ut
988 3186 1128 3265 deinceps
1143 3186 1174 3247 in
1189 3184 1292 3247 noue·-

61 3288 108 3349 sia
130 3285 279 3348 Catholica
301 3286 507 3348 nominaretur
528 3285 665 3364 Synodus
687 3293 806 3365 praetor
827 3304 915 3348 unam
937 3286 1106 3360 Nicaonam
1130 3305 1206 3367 quae
1227 3303 1296 3347 om·

60 3388 111 3450 nis
133 3388 268 3449 haeresis
291 3388 465 3467 trophaeum
490 3396 545 3459 est,
568 3396 656 3465 atque
671 3386 702 3447 in
717 3387 822 3465 primis
838 3389 973 3461 Arianae,
997 3388 1081 3450 cuius
1103 3387 1295 3468 potissimum

62 3507 153 3552 musa
176 3497 247 3549 tuno
269 3498 368 3550 coacta
391 3490 455 3550 luit
501 3490 555 3551 His
579 3497 623 3551 tot
645 3490 794 3568 tantisque
817 3490 909 3569 gestis
931 3490 1021 3552 rebus
1044 3490 1114 3569 qnid
1136 3497 1192 3562 est,
1216 3484 1296 3567 quod

59 3676 170 3728 Deinde:
188 3677 342 3725 dilectissimo
360 3677 437 3724 Fratri
455 3684 476 3725 et
490 3678 586 3726 amoliti
599 3692 655 3726 con·
706 3674 765 3723 lllod
784 3666 839 3722 ant
859 3670 996 3728 Πανονίας
1013 3675 1154 3733 intelligitur
1172 3674 1202 3722 de
1221 3674 1296 3722 Ursa·

59 3745 180 3796 oocoedoti
196 3744 315 3806 Epicteto,
339 3745 480 3792 Athanasius
506 3747 530 3792 iu
558 3745 653 3793 Domino
706 3743 752 3799 cio,
771 3742 867 3791 Valente
886 3752 913 3792 et
928 3744 995 3794 Gaio.
1041 3742 1100 3790 lbid.
1119 3741 1205 3804 Eplplr.
1223 3752 1296 3803 παμ·

59 3814 168 3864 satutem.
704 3803 801 3874 ψηφί,
821 3811 920 3872 Sequor.
938 3803 1118 3874 παμψῆφως,
1139 3809 1162 3856 io
1182 3821 1230 3870 qno
1248 3806 1295 3856 ibi·

95 3895 117 3929 o.
135 3878 176 3927 Sic
194 3877 507 3941 uppustgnenoobter.
526 3885 549 3925 et
568 3875 654 3926 rotat·
705 3877 759 3925 dem
779 3869 816 3930 olo
832 3878 908 3926 deest.
951 3878 1087 3928 Goblerion.
1113 3883 1136 3922 et
1154 3873 1294 3923 Felelml.

59 3945 187 4004 mannil,
207 3947 229 3993 in
247 3946 320 4012 *editis
338 3960 393 3994 vero
412 3953 435 3994 et
453 3947 476 3994 in
496 3946 549 3994 aliis
568 3958 654 3993 monu—
704 3937 886 4008 παμψήφους.
931 3945 983 3993 llox
1001 3943 1089 4007 Epiph.
1108 3934 1237 4008 ἔγραψαν
1254 3933 1292 3988 δέ.

58 4015 160 4077 mim
176 4005 330 4090 πρόςιᾱεεὸι
360 4013 425 4061 lum
435 4013 535 4095 ἄξω
548 4012 653 4090 mund!
739 4062 760 4094 o.
779 4037 898 4093 σύνοδον
915 4046 983 4094 deest
994 4046 1017 4093 in
1028 4043 1058 4092 Se
1077 4058 1127 4092 uer.
1139 4041 1284 4094 Goblertmo

58 4080 275 4157 manulonooqtq.
305 4080 402 4130 Gobler.
422 4088 446 4129 et
464 4080 650 4158 lplolmdap
703 4113 799 4163 felem
830 4112 840 4163 ¹
870 4113 988 4163 ΜΗ]
1060 4058 1074 4104 ⁸
1286 4077 1295 4102 θ

58 4143 353 4212 ΙσπανίᾳκαιῬῶμη.
398 4149 450 4196 llox
476 4160 517 4195 on
541 4148 610 4195 deest
626 4147 651 4196 in
803 4149 809 4163 '
845 4149 851 4161 ’
931 4129 945 4176 Ρ
957 4128 971 4176 ¹³
992 4152 997 4162 ‘
1294 4178 1301 4191 ,

55 4219 149 4282 Epiplr.
168 4218 207 4280 qni
227 4217 299 4265 habet
316 4195 569 4282 ἓνικρωττομένους.
646 4267 648 4273 ,
738 4215 754 4263 l.
771 4215 812 4263 Sic
829 4214 968 4275 Sequerian.
982 4211 1086 4290 ,Goblen
1105 4210 1209 4261 Felclrm.
1230 4209 1251 4257 l„
1270 4216 1294 4258 ot

93 4287 117 4334 d.
136 4286 236 4348 Sequor.
257 4284 329 4332 uisu.
348 4294 371 4332 st
389 4285 486 4334 Gobler.
503 4276 648 4334 Πανονὶας.
703 4281 789 4344 Epiph.
815 4279 945 4332 Editimdc
962 4292 1011 4326 ουν
1027 4270 1104 4343 μετά.
1132 4275 1293 4339 lntrallpipb.

55 4354 168 4404 Nunnius
193 4353 256 4400 mola
280 4359 384 4400 verterat
411 4353 491 4400 Gaium
513 4353 650 4410 Poouonem,
703 4342 765 4395 καθ’
790 4341 895 4395 ἑαυτῶν
917 4342 1072 4412 γραφέντα.
1116 4346 1168 4394 ldox
1193 4346 1293 4406 Sequor.

57 4436 114 4472 oum
133 4420 272 4479 vertendum
294 4420 379 4467 luisset
397 4434 425 4468 ex
437 4421 563 4469 Pannonio.
592 4417 652 4465 Nam
704 4407 790 4480 ὥςπερ
808 4410 862 4463 καί.
