2934 5078
230 992 1049 1094 'smmrnmrmsnomnr

448 1174 900 1294 ATHANASH

348 1320 996 1392 ancnrnrrscorrsnsx'rrrnnrrn
1067 1348 1070 1353 ·

190 1418 249 1514 us*
263 1452 545 1519 rnctnmrrons
567 1455 703 1521 nuntttt
724 1457 867 1523 ttusttu
888 1459 974 1523 lESU
997 1460 1152 1526 CHRISTI

490 1591 610 1643 conans
628 1593 860 1646 tonsuramus.

564 1898 647 1942 ttustt
663 1897 773 1945 smnus,

143 2000 172 2058 1.
216 1995 272 2057 Hic
293 1996 336 2076 pii
356 1997 412 2058 riri
434 2015 502 2060 mos
523 2006 570 2059 est
591 1997 771 2072 indefessus,
794 1998 901 2063 dilente
922 2002 973 2074 mi,
997 2010 1031 2064 ut
1051 2003 1170 2066 silentio
1191 2017 1370 2066 rone-rnre.

91 2107 139 2159 tur
159 2093 199 2160 τὸ
221 2098 291 2162 πᾶν
314 2098 356 2171 (id
379 2108 427 2161 est
448 2100 643 2176 universum),
667 2109 784 2162 etcum
806 2101 965 2179 gratiarum
988 2103 1208 2167 aetionebemn
1230 2103 1286 2167 be-

94 2201 237 2262 taetorem
259 2201 315 2262 alta
337 2218 410 2262 rone
432 2199 628 2273 oonrelebret
651 2201 738 2263 iuxta
753 2201 925 2281 Scripturas
947 2205 1136 2291 sententiam,
1159 2223 1216 2285 qna
1237 2205 1286 2266 di-

91 2319 111 2363 ·.:
146 2302 266 2365 Sedebit
298 2302 459 2366 solitarius
489 2312 519 2364 et
548 2303 657 2365 tacebit
684 2312 713 2365 et
738 2307 904 2385 requiesset
932 2311 1057 2386 et'quaa
1075 2310 1209 2386 proprio
1228 2307 1289 2369 sibi

91 2404 253 2482 arefaciet.
297 2404 371 2466 ittud
395 2413 491 2466 antem
515 2404 676 2467 solitarius
699 2411 729 2467 et
750 2404 825 2466 illud
841 2409 984 2486 proprio,
1006 2406 1035 2468 id
1060 2414 1108 2468 est
1129 2406 1284 2486 proprium

91 2513 134 2566 tae
162 2506 332 2568 institutum
361 2505 549 2568 considerate
578 2515 609 2568 et
629 2524 697 2569 eum
719 2505 829 2569 iudicio
852 2507 1012 2586 disponere
1034 2515 1064 2570 et
1084 2506 1139 2569 Dei
1160 2507 1284 2571 monda-

91 2625 120 2668 m
138 2626 257 2669 eurare.
301 2608 359 2670 Sed
383 2609 452 2688 quir
473 2610 623 2689 ingentem
645 2608 723 2689 apud
746 2626 801 2671 eos
824 2608 1061 2689 defatigationem
1084 2607 1284 2689 conspicatus,

91 2708 111 2769 ri
131 2708 205 2771 baeo
226 2710 289 2789 ipsa
313 2711 412 2779 disere
433 2729 494 2772 non
518 2710 663 2783 dubitant,
686 2711 723 2772 de
744 2719 849 2773 nostra
870 2730 918 2773 me
939 2711 999 2774 tide
1013 2719 1225 2792 percunctatus
1238 2729 1285 2784 es,

115 2829 191 2890 qrrae
219 2813 260 2873 sit
280 2812 364 2892 eulpa
387 2813 498 2893 rogasti
523 2831 646 2885 eorum,
676 2811 727 2891 qui
750 2831 785 2873 se
806 2812 901 2892 probe
922 2811 1034 2874 sentire
1056 2814 1112 2874 rati
1135 2811 1208 2875 nibit
1230 2832 1284 2875 ve-

91 2923 162 2974 ntur
194 2923 292 2976 tamen
323 2933 378 2995 pro
413 2932 552 2994 suprema
581 2914 672 2976 animi
701 2913 749 2977 sui
775 2913 1002 2994 intemperantia
1030 2915 1121 2995 impia
1149 2916 1285 2994 proferre

91 3015 157 3087 rba,
180 3016 287 3094 quibus
310 3016 424 3079 sednrti
446 3009 495 3096 qui
517 3017 673 3079 instabiles
695 3014 819 3079 suntin
841 3017 899 3077 tide
922 3034 957 3077 se
978 3033 1078 3078 errare
1093 3035 1154 3079 non
1170 3017 1285 3079 intetti-
1309 3070 1316 3075 .

91 3124 149 3191 mt3
178 3137 246 3179 nam
273 3120 299 3180 si
323 3119 445 3182 stabiles
467 3118 497 3180 in
519 3118 578 3180 fide
600 3127 720 3193 essent,
747 3118 835 3179 dietis
858 3117 1030 3181 huiusmodi
1053 3136 1203 3199 nunqnam
1226 3117 1284 3180 ob-

91 3229 285 3299 mperassent.
329 3221 404 3282 Dum
434 3227 531 3291 autern
552 3239 639 3282 mens
662 3237 766 3281 eorum
789 3219 850 3280 otio
874 3226 1023 3299 torperet,
1052 3219 1199 3281 eiusmodi
1222 3228 1285 3283 tra·

91 3320 221 3381 tionibus
251 3321 449 3403 suscipiendis
479 3322 580 3385 idonei
607 3322 708 3396 tuere,
737 3340 773 3385 ex
803 3320 910 3400 quibus
938 3321 1043 3401 ingens
1066 3321 1233 3400 arrogantia
1256 3332 1286 3384 et

91 3420 149 3484 ulta
182 3423 291 3485 matitia
323 3423 466 3486 exoritur.
509 3424 584 3486 Prae
620 3424 690 3485 odio
718 3431 817 3485 nutem
846 3423 1041 3485 eaeorrtientes
1069 3423 1286 3503 Prophetarum

91 3523 237 3597 dimonia,
260 3525 472 3604 Apostolorum
495 3525 682 3597 documenta,
703 3524 825 3587 Petrum
847 3533 1005 3605 praesepta
1026 3525 1167 3604 ipsasque
1188 3523 1285 3585 mani·
1385 3559 1392 3569 .

91 3635 149 3687 stas
171 3625 288 3687 Donrini
311 3645 397 3689 voces
421 3627 450 3688 in
473 3644 596 3706 pravum
621 3644 744 3689 sensum
767 3626 957 3706 detorquent.
1003 3627 1086 3699 Quos
1101 3643 1158 3703 pro
1173 3623 1285 3686 viribus

94 3728 211 3789 niutare
233 3745 341 3806 operae
363 3729 490 3807 pretium
513 3729 611 3802 tuerit,
634 3738 669 3791 ut
689 3728 732 3821 ita¹
751 3728 869 3808 quidam
892 3728 998 3790 saltem
1020 3744 1124 3788 eorum
1146 3725 1192 3786 vet
1206 3726 1285 3787 resi·
1320 3755 1324 3764 ¹

99 3913 157 3964 edit.
177 3914 230 3963 Pura
249 3910 358 3967 σκοπός.
396 3917 461 3965 intra
480 3916 579 3977 Sessnrr.
598 3917 647 3967 Go-
733 3915 757 3966 d.
775 3915 848 3965 basii.
872 3915 942 3965 sotus
968 3913 1038 3962 babet
1063 3904 1097 3959 τὰ
1120 3900 1211 3958 ἄτοπα
1229 3909 1282 3976 md.

91 3998 118 4032 er.
139 3981 311 4032 erraterrat.
330 3975 489 4040 καθήσεται.
519 3984 646 4033 Editirero
699 3980 751 4033 idox
769 3984 868 4045 Soprrer.
888 3983 956 4032 sotns
974 3973 1147 4045 trapetum.

98 4049 141 4098 atii
158 4045 310 4098 sationes.
349 4053 439 4100 ibidem
459 4053 482 4101 in
501 4053 556 4100 edit.
572 4053 645 4102 t'nris.
732 4067 753 4101 e.
772 4053 869 4103 Gubter.
893 4050 1000 4100 Fetrtm.
1014 4049 1031 4097 t.
1052 4048 1153 4110 Segner.
1171 4036 1286 4108 drapte-

91 4119 150 4168 ritnr
166 4110 292 4182 πράσσει,
313 4120 336 4168 in
355 4120 473 4169 Commet.
493 4113 644 4184 ἡσυχάζειν,
699 4116 761 4182 πᾷ,
782 4120 853 4169 iidem
871 4113 965 4170 κακίας
981 4114 1071 4181 μῖσος.
1181 4171 1226 4192 ‚ae

92 4177 276 4250 ἰπράσσειν,
304 4197 405 4251 utraque
432 4188 502 4236 mate.
547 4190 645 4239 Gobter.
734 4188 749 4237 i.
769 4189 867 4246 segnes.
895 4201 986 4235 omrssn
1003 4184 1051 4230 καί
1068 4183 1140 4231 irabrt
1157 4194 1241 4234 αυτας
1258 4194 1288 4231 τε

91 4254 164 4303 teitu.
187 4255 206 4302 l.
227 4264 251 4304 et
269 4256 368 4317 Sernes.
386 4248 490 4322 πράξει.
696 4246 754 4309 τάς.
792 4256 843 4304 btox
861 4247 1066 4303 ivanedeixzouc
1083 4265 1169 4300 omnes
1187 4263 1245 4299 mss.
1264 4256 1288 4301 et

93 4337 114 4371 e.
133 4320 275 4384 Separentur.
293 4318 412 4371 συνιδών
428 4317 458 4371 ἐν
475 4321 533 4375 τοῖς
551 4321 645 4372 ταῦτα.
698 4323 754 4374 edit
774 4323 890 4374 commui.
929 4323 953 4370 tn
970 4320 1100 4369 Parisii-nsi
1119 4318 1234 4368 mendose
1253 4319 1290 4368 ir-'

92 4390 133 4439 uto
152 4400 206 4452 post
225 4391 325 4451 Septies.
344 4393 441 4442 Gobter.
461 4401 484 4440 et
502 4392 607 4441 Peirtrnr.
624 4392 645 4441 l.
698 4400 808 4456 repserat
826 4382 1044 4439 ἀναποδείκτους.

91 4450 121 4525 pt
138 4448 298 4525 roirdptuic
309 4467 354 4510 etc.
378 4461 405 4510 tn
416 4460 486 4511 editis
495 4453 559 4526 nupt
569 4459 647 4511 deest.
731 4473 755 4522 r.
773 4458 873 4522 Seguer.
890 4459 971 4515 ¹babet
988 4448 1015 4505 εἴ
1030 4468 1100 4509 τινες
1117 4456 1210 4506 omisso
1229 4443 1285 4510 ἵνα,
