2948 5092
457 281 565 325 ουτω
581 283 600 325 ι.
618 283 734 327 conrm
747 281 883 327 rennos.
1216 272 1277 335 abt

55 454 213 501 occurrere.
257 433 372 512 Nempe
393 432 421 492 si
441 440 578 511 parentes
600 433 729 495 delibo
752 432 842 495 velint
863 451 988 511 prorsus
1010 434 1205 515 interrogare,
1227 439 1277 499 in·
1287 453 1363 500 nato.

56 540 176 618 tebigant
198 535 275 616 ipsi,
304 533 384 596 unde
410 532 450 594 sit
471 533 565 609 lilius,
594 535 643 614 qni
673 534 813 614 gignitur.
857 533 922 595 Etsi
946 536 1025 596 enim
1047 537 1164 616 genitor
1186 539 1277 601 tilium

54 659 106 703 non
126 638 229 711 babet,
252 644 411 715 antequam
426 653 493 697 eum
513 637 658 714 genuerit,
680 644 778 697 tamen
793 644 948 715 postquam
966 656 1032 699 euni
1049 639 1194 714 babuerit,
1217 655 1364 705 nonnam.

53 743 126 804 illum
149 749 231 802 certe
253 736 440 800 extrinsecus
463 754 519 815 nec
539 737 683 811 alienum,
714 738 767 798 sed
790 757 825 799 ex
848 739 949 817 seipso
972 741 1183 820 propriumque
1205 761 1278 805 suae

53 853 168 905 naturae
189 851 278 921 atque
301 839 347 900 soi
369 838 549 901 simillimam
570 839 726 918 imaginem
751 839 865 916 babuit,
902 840 940 901 ita
971 849 1003 902 nt
1030 843 1079 902 ille
1106 843 1225 923 inipso
1249 852 1280 906 et

53 946 162 1025 ipsein
185 943 238 1004 illo
261 940 405 1003 videatur.
449 941 481 1001 Si
503 940 594 1019 igitur
615 941 752 1002 hontonis
774 941 918 1019 exemplis
946 950 1063 1021 tempus
1096 943 1279 1023 gignentium

53 1047 202 1118 deliniunt,
225 1061 280 1104 cnr
301 1061 362 1104 non
384 1062 418 1103 ex
441 1042 548 1104 iisdem
571 1043 712 1122 exemplis
727 1043 807 1103 lilios
823 1051 926 1103 natura
951 1044 1063 1105 similes
1080 1048 1279 1127 propriosque

53 1166 169 1210 suorum
192 1154 351 1226 parentum
373 1164 441 1206 esse
463 1145 642 1224 percipiunt,
668 1146 720 1206 sed
738 1155 908 1225 serpentum
925 1164 1009 1206 more
1024 1146 1053 1207 id
1070 1149 1176 1221 solnm,
1200 1149 1279 1228 qnod

52 1269 159 1311 reneno
181 1257 286 1328 aptum
308 1257 366 1320 est,
389 1266 405 1308 e
428 1256 505 1308 terra
529 1245 680 1326 seligunt?
725 1250 802 1308 Sane
826 1267 892 1309 cum
915 1246 954 1308 illi
978 1259 1114 1327 parentes
1136 1251 1184 1310 bis
1208 1269 1278 1312 ver-

52 1352 90 1413 bin
112 1349 355 1429 interrogabant:
380 1347 576 1421 „Habuistine
594 1349 684 1409 lilium
701 1359 856 1428 antequam
879 1348 1067 1428 gigneres?“
1092 1351 1164 1412 baec
1186 1371 1278 1432 opor-

54 1462 143 1514 tuerat
165 1452 292 1514 addere:
322 1450 376 1523 „Si
405 1450 497 1511 babes
526 1450 633 1523 lilium,
662 1469 732 1511 num
761 1451 945 1512 extrinsecus
974 1451 1053 1513 velut
1081 1452 1200 1513 domum
1229 1462 1281 1515 ant

55 1554 186 1633 „aliquid
209 1552 290 1614 alind
314 1550 443 1613 emis?“
467 1559 499 1612 nt
521 1551 635 1613 scilicet
655 1552 708 1613 tibi
731 1553 939 1630 responderet:
974 1554 1062 1626 „Non
1085 1555 1278 1625 extrinsecus.

55 1656 128 1729 „sed
151 1675 189 1717 ex
213 1673 261 1715 me
282 1662 340 1715 est.
386 1654 469 1727 Quae
492 1653 569 1715 enim
586 1654 770 1715 extrinsecus
788 1654 942 1728 habentur,
965 1656 1176 1734 possessiones
1197 1665 1278 1730 sunt,

56 1768 162 1836 „atque
183 1756 222 1817 ab
244 1756 301 1817 alio
325 1754 471 1818 adolium
495 1763 665 1828 transeunt;
699 1756 827 1816 attilius
851 1776 887 1817 ex
910 1776 957 1817 me
980 1767 1035 1828 est,
1060 1775 1200 1836 meaeque
1222 1777 1277 1820 na-

58 1869 161 1930 „turae
183 1859 326 1938 proprius
349 1867 397 1919 est
417 1876 452 1919 ao
474 1857 597 1931 similis,
619 1875 680 1918 noo
703 1876 738 1917 ex
760 1858 818 1918 alio
842 1858 872 1918 in
895 1877 942 1919 me
965 1859 1074 1933 lactus,
1099 1860 1151 1919 sed
1174 1879 1209 1920 ex
1231 1877 1279 1922 me

59 1961 209 2039 „genitns3
232 1960 311 2021 unde
334 1968 413 2019 totns
436 1968 466 2020 et
486 1959 600 2037 integer
621 1961 652 2021 in
674 1959 724 2019 illo
748 1978 825 2032 sum,
849 1978 971 2020 inaneos
992 1959 1056 2038 ipse
1079 1961 1157 2039 quod
1180 1965 1279 2021 snm.“

59 2062 160 2142 Nempe
182 2063 223 2123 ita
244 2080 278 2122 se
300 2079 349 2122 res
372 2060 476 2132 babet;
499 2061 615 2122 tametsi
639 2061 754 2140 genitor
776 2071 910 2140 tempore
932 2081 947 2120 a
966 2061 1026 2122 lilio
1043 2061 1150 2134 dillort,
1175 2070 1207 2122 nt
1220 2062 1279 2122 bo·

59 2183 113 2234 no,
143 2165 193 2243 qui
219 2170 249 2224 et
270 2163 334 2242 ipse
357 2181 477 2242 quoqne
498 2162 529 2222 in
554 2171 686 2241 tempore
716 2172 802 2224 natus
826 2172 887 2235 est3
918 2163 1005 2224 simul
1034 2172 1132 2223 tamen
1160 2181 1280 2242 semper

60 2284 150 2326 seeum
172 2265 350 2326 existentem
370 2263 464 2324 filium
487 2263 574 2324 etiarn
597 2264 662 2343 ipse
685 2265 826 2338 baberet,
850 2265 908 2325 nisi
931 2265 1062 2326 obstaret
1083 2273 1279 2344 repugnaret-

60 2384 106 2443 qne
127 2375 250 2427 naturae
274 2364 467 2426 imbecillitas.
512 2365 589 2426 Hinc
603 2365 673 2427 Levi
696 2374 758 2427 tum
774 2366 893 2445 quidem
916 2367 945 2426 in
963 2366 1070 2427 lumbis
1087 2366 1190 2445 proavi
1206 2376 1279 2439 erat,

61 2487 114 2528 corn
141 2467 275 2529 nondum
306 2466 372 2546 ipse
401 2476 480 2527 esset
502 2468 635 2545 genitus,
668 2486 794 2545 eumque
823 2487 894 2530 avus
924 2467 1085 2547 genuisset.
1131 2468 1279 2539 Quocirca

63 2587 117 2629 urm
139 2571 230 2630 bomo
252 2549 283 2628 id
306 2568 411 2629 aetatis
434 2568 573 2646 attigerit,
596 2568 626 2629 in
649 2588 705 2647 qua
728 2570 887 2646 generandi
910 2570 1076 2631 facultatem
1099 2568 1201 2629 tribuit
1224 2586 1278 2629 na-

64 2680 125 2740 tura,
148 2670 249 2731 statim
271 2670 363 2730 homo
386 2679 490 2730 natura
512 2669 549 2730 ab
573 2669 653 2731 omni
676 2671 733 2730 iam
756 2670 847 2730 libera
864 2670 1074 2749 impedimento
1098 2668 1158 2742 filii,
1182 2670 1280 2748 quiex

65 2773 117 2848 ipso
141 2782 198 2844 est,
221 2772 255 2831 bt
275 2779 368 2850 pater.

133 2876 183 2936 27.
228 2873 330 2950 ltaque
353 2872 378 2932 si
402 2880 538 2950 parentes
567 2872 603 2933 de
632 2872 762 2951 propriis
794 2872 1038 2950 interrogaverint
1070 2870 1171 2932 liberis
1195 2891 1267 2932 eom·

66 2976 251 3054 pererintque,
274 2973 351 3034 tilios
374 2973 520 3035 naturales
543 2992 604 3035 non
627 2974 810 3034 extrinsecus
835 2973 926 3045 nasci,
955 2974 1007 3034 sed
1032 2992 1066 3034 en
1088 2973 1280 3053 parentibns;

67 3077 196 3136 limantur
218 3094 336 3155 quoque
359 3075 448 3153 igitur
471 3076 598 3137 Verbum
620 3075 674 3136 Ilei
697 3085 791 3152 totum
815 3094 885 3136 esse
908 3094 941 3135 ex
965 3075 1061 3136 Patre.
1092 3075 1178 3148 Quod
1194 3074 1228 3135 -si
1244 3075 1281 3136 de

10 3240 12 3249 ,
67 3183 183 3255 tempore
204 3186 326 3238 movent
347 3176 564 3250 difficultatem,
593 3178 806 3255 respondeant,
841 3176 981 3255 quidnam
1002 3177 1064 3238 Deo
1093 3177 1191 3256 possit
1213 3195 1281 3238 esse

10 3300 19 3329 r
67 3275 272 3355 inpedimento.
316 3278 374 3339 Par
397 3279 476 3339 enim
500 3288 555 3352 est,
579 3297 631 3340 eos
655 3297 689 3338 er
712 3278 758 3339 his
782 3277 866 3356 ipsis,
890 3297 965 3356 quae
983 3279 1109 3339 ridendo
1125 3287 1279 3356 quaerunt,

69 3377 212 3457 inpietatis
234 3377 379 3440 convinci.
423 3377 528 3457 Dicant
548 3379 653 3458 igitur,
682 3378 751 3458 quid
774 3378 929 3458 impediat,
958 3380 1117 3458 quominus
1141 3380 1281 3441 [inussit

70 3494 169 3558 semper
190 3479 257 3541 l'ilii
278 3478 393 3542 Pater?
438 3480 510 3541 Naar
534 3498 709 3542 concessum
733 3489 788 3553 est,
813 3481 852 3553 id,
877 3481 955 3560 qnod
978 3481 1117 3559 gignitur,
1141 3500 1174 3541 ex
1197 3490 1281 3559 patre

71 3596 132 3640 esse
174 3581 213 3642 Ut
234 3590 333 3642 autem
354 3580 396 3654 bi,
420 3581 471 3658 qui
493 3581 552 3642 ista
573 3583 610 3643 de
632 3582 694 3643 [teo
719 3583 858 3661 cogitant,
881 3583 911 3643 in
935 3602 969 3644 se
990 3583 1075 3662 ipsos
1091 3584 1186 3644 lerant
1208 3601 1280 3644 sen·

72 3681 181 3755 tentiam,
205 3681 453 3760 quemadmodum
477 3682 533 3762 ipsi
557 3683 695 3745 mulieres
711 3684 747 3745 de
764 3695 897 3763 ternpore
914 3685 1145 3762 interrogavere,
1169 3684 1212 3744 sic
1227 3703 1280 3744 so-

93 3847 111 3909 g.
127 3835 225 3910 Segogr.
250 3825 266 3880 t
288 3824 368 3912 ᾼευῒς
389 3825 433 3910 {rt
455 3825 486 3912 {a
499 3833 536 3911 ’τῇ
555 3825 644 3899 trudi·
727 3837 742 3886 i.
762 3839 861 3899 Seguer.
886 3835 934 3884 τοῦ
960 3829 989 3892 ἐξ
1006 3827 1098 3916 adgeri.
1134 3837 1185 3885 blnx
1210 3837 1282 3896 idern,

72 3909 336 3980 tmpponprqnepqv,
354 3915 422 3979 apag
439 3916 522 3980 nvqpc
537 3917 641 3983 yeygr-
695 3906 800 3980 Gobler3
821 3913 842 3954 et
867 3904 1012 3982 Petelini.
1038 3904 1184 3982 enodqyro.
1201 3964 1207 3980 1
1222 3905 1284 3980 Editi

62 3969 132 4034 subp,
149 3984 194 4018 και
213 3982 349 4024 οπαππος
356 3982 467 4034 yerqnet
481 3983 551 4019 οταν
562 3986 639 4036 your.
694 3964 891 4020 ἒπυνθανοντο.
923 3973 980 4020 ibid.
1000 3974 1099 4034 Segoer.
1119 3984 1161 4018 ort
1179 3984 1213 4018 τα
1232 3985 1283 4037 φυ-

93 4036 112 4084 i.
128 4040 167 4089 Sic
189 4042 291 4099 Segner.
317 4038 416 4088 Gobler.
448 4047 470 4087 et
495 4038 598 4089 Felekro.
620 4041 641 4088 l.
694 4052 735 4088 ott
754 4035 833 4088 τέκνα
851 4030 898 4088 οὐκ
915 4033 1026 4094 ἔξωθεν,
1046 4029 1105 4086 ἀλλ’
1124 4031 1153 4087 ἐκ
1170 4036 1227 4086 τῶν
1236 4052 1284 4103 ye-

67 4103 235 4168 attimttrg.
255 4103 383 4167 etbnglic
397 4095 546 4171 &reperior
564 4098 579 4165 ri
596 4100 643 4155 καὶ
692 4104 769 4156 νέων.
807 4108 868 4156 Editi
894 4115 918 4156 et
940 4108 980 4157 alii
1006 4098 1049 4154 ltu
1067 4099 1101 4154 τὰ
1119 4099 1223 4172 φυσικὰ
1240 4100 1282 4154 τέ-

65 4162 89 4215 u'
102 4182 143 4222 ete
179 4174 241 4224 Editi
260 4165 327 4239 ἔλθῃ
344 4165 360 4219 ὅ
378 4164 535 4239 ἄνθρωπος,
552 4167 600 4223 καὶ
611 4167 641 4222 τὸ
693 4187 745 4223 xre
762 4165 809 4223 oba
825 4165 928 4231 ἔξωθεν
945 4164 1004 4222 ἀλλ’
1024 4166 1052 4222 tx
1070 4171 1118 4221 τοῦ
1135 4168 1246 4237 γονέως.

63 4232 174 4292 δίκην.
206 4242 268 4292 ibid.
282 4243 384 4303 Segner.
401 4236 526 4308 παρέχοι.
545 4242 641 4292 Goblur.
728 4276 751 4324 k.
769 4276 869 4336 &mm¹
888 4275 944 4336 neg.
964 4273 1178 4325 Gobpgrgpgchm,
1192 4273 1212 4322 ι,
1223 4280 1246 4323 01
1259 4272 1283 4325 5,

61 4304 186 4359 Petelini.
206 4310 307 4390 ‚⁶¹‚¹³⁰8;
324 4303 445 4393 uagique.
482 4309 543 4358 Edita
561 4303 643 4374 nupi-
695 4333 771 4395 pm
806 4343 867 4392 ΕΜ
885 4332 955 4395 ὅλος.

54 4387 94 4438 15·
129 4379 187 4427 lter!
204 4378 265 4427 ibid.
284 4377 495 4437 saginabantur.
515 4384 539 4426 et
557 4377 642 4426 Felcli·

56 4456 113 4494 nn.
126 4447 147 4496 l.
169 4436 370 4512 ἇνιμποδίσιφ
394 4442 428 4502 τῆ
449 4435 543 4508 φύσει.
579 4443 642 4494 stin
729 4443 745 4492 l.
765 4443 804 4492 Sic
823 4443 962 4505 Seguerinn.
982 4441 1078 4491 Gobler.
1097 4449 1121 4491 et
1139 4441 1244 4491 Felcbm.
1261 4443 1283 4491 l.

56 4500 265 4577 &padus-5.
314 4535 331 4561 .·
694 4510 738 4560 tbi
757 4517 836 4560 antem
854 4517 878 4560 et
895 4510 952 4560 editi
970 4501 999 4559 ἐκ
1017 4504 1066 4557 τοῦ
1081 4499 1195 4574 πατρός.
