<?xml version="1.0" encoding="UTF-8"?>
<!DOCTYPE html PUBLIC "-//W3C//DTD XHTML 1.0 Transitional//EN"
    "http://www.w3.org/TR/xhtml1/DTD/xhtml1-transitional.dtd">
<html xmlns="http://www.w3.org/1999/xhtml" xml:lang="en" lang="en">
 <head>
  <title>
</title>
<meta http-equiv="Content-Type" content="text/html;charset=utf-8" />
  <meta name='ocr-system' content='tesseract 3.04.00' />
  <meta name='ocr-capabilities' content='ocr_page ocr_carea ocr_par ocr_line ocrx_word'/>
</head>
<body>
  <div class='ocr_page' id='page_1' title='image "./sanctiathanasii02athagoog_0945.png"; bbox 0 0 2934 5078; ppageno 0'>
   <div class='ocr_carea' id='block_1_1' title="bbox 451 250 1283 315">
    <p class='ocr_par' dir='ltr' id='par_1_1' title="bbox 451 250 1283 315">
     <span class='ocr_line' id='line_1_1' title="bbox 451 250 1283 315; baseline 0.012 -12"><span class='ocrx_word' id='word_1_1' title='bbox 451 258 597 304; x_wconf 73' lang='lat' dir='ltr'><strong>serarum</strong></span> <span class='ocrx_word' id='word_1_2' title='bbox 610 260 648 305; x_wconf 86' lang='lat' dir='ltr'><strong>rr.</strong></span> <span class='ocrx_word' id='word_1_3' title='bbox 663 261 700 303; x_wconf 82' lang='lat' dir='ltr'><strong>io</strong></span> <span class='ocrx_word' id='word_1_4' title='bbox 715 260 911 307; x_wconf 74' lang='lat' dir='ltr'><strong>susurronum</strong></span> <span class='ocrx_word' id='word_1_5' title='bbox 1201 286 1203 291; x_wconf 95' lang='lat'>·</span> <span class='ocrx_word' id='word_1_6' title='bbox 1224 250 1283 315; x_wconf 82' lang='lat'><strong>811</strong></span> 
     </span>
    </p>
   </div>
   <div class='ocr_carea' id='block_1_2' title="bbox 11 410 1390 2015">
    <p class='ocr_par' dir='ltr' id='par_1_2' title="bbox 56 410 1390 1814">
     <span class='ocr_line' id='line_1_2' title="bbox 65 410 1369 492; baseline 0.008 -20"><span class='ocrx_word' id='word_1_7' title='bbox 65 410 239 491; x_wconf 79' lang='lat' dir='ltr'><strong>spiritualia.</strong></span> <span class='ocrx_word' id='word_1_8' title='bbox 284 410 364 483; x_wconf 85' lang='lat' dir='ltr'><strong>Quot</strong></span> <span class='ocrx_word' id='word_1_9' title='bbox 385 411 463 472; x_wconf 91' lang='lat' dir='ltr'><strong>enirn</strong></span> <span class='ocrx_word' id='word_1_10' title='bbox 484 411 656 475; x_wconf 88' lang='lat' dir='ltr'><strong>bominibus</strong></span> <span class='ocrx_word' id='word_1_11' title='bbox 677 430 785 492; x_wconf 84' lang='lat' dir='ltr'><strong>eorpus</strong></span> <span class='ocrx_word' id='word_1_12' title='bbox 807 413 880 474; x_wconf 89' lang='lat' dir='ltr'><strong>satis</strong></span> <span class='ocrx_word' id='word_1_13' title='bbox 903 422 984 476; x_wconf 90' lang='lat' dir='ltr'><strong>esset</strong></span> <span class='ocrx_word' id='word_1_14' title='bbox 997 414 1033 477; x_wconf 93' lang='lat' dir='ltr'><strong>ad</strong></span> <span class='ocrx_word' id='word_1_15' title='bbox 1049 432 1144 489; x_wconf 88' lang='lat' dir='ltr'><strong>esum,</strong></span> <span class='ocrx_word' id='word_1_16' title='bbox 1167 425 1200 477; x_wconf 92' lang='lat' dir='ltr'><strong>ut</strong></span> <span class='ocrx_word' id='word_1_17' title='bbox 1213 416 1369 482; x_wconf 78' lang='lat' dir='ltr'><strong>illudnua.</strong></span> 
     </span>
     <span class='ocr_line' id='line_1_3' title="bbox 66 510 1284 579; baseline 0.006 -7"><span class='ocrx_word' id='word_1_18' title='bbox 66 513 160 575; x_wconf 88' lang='lat' dir='ltr'><strong>totius</strong></span> <span class='ocrx_word' id='word_1_19' title='bbox 181 512 284 575; x_wconf 91' lang='lat' dir='ltr'><strong>mundi</strong></span> <span class='ocrx_word' id='word_1_20' title='bbox 304 513 389 574; x_wconf 89' lang='lat' dir='ltr'><strong>lieret</strong></span> <span class='ocrx_word' id='word_1_21' title='bbox 409 510 602 575; x_wconf 81' lang='lat' dir='ltr'><strong>alimentum?</strong></span> <span class='ocrx_word' id='word_1_22' title='bbox 631 513 689 575; x_wconf 88' lang='lat' dir='ltr'><strong>Sed</strong></span> <span class='ocrx_word' id='word_1_23' title='bbox 711 513 779 574; x_wconf 92' lang='lat' dir='ltr'><strong>ideo</strong></span> <span class='ocrx_word' id='word_1_24' title='bbox 802 515 936 577; x_wconf 78' lang='lat' dir='ltr'><strong>meminit</strong></span> <span class='ocrx_word' id='word_1_25' title='bbox 948 516 1132 578; x_wconf 79' lang='lat' dir='ltr'><strong>ascensionis</strong></span> <span class='ocrx_word' id='word_1_26' title='bbox 1147 516 1211 579; x_wconf 86' lang='lat' dir='ltr'><strong>Filii</strong></span> <span class='ocrx_word' id='word_1_27' title='bbox 1227 518 1284 579; x_wconf 91' lang='lat' dir='ltr'><strong>bo·</strong></span> 
     </span>
     <span class='ocr_line' id='line_1_4' title="bbox 64 614 1286 698; baseline 0.005 -22"><span class='ocrx_word' id='word_1_28' title='bbox 64 614 157 676; x_wconf 89' lang='lat' dir='ltr'><strong>minis</strong></span> <span class='ocrx_word' id='word_1_29' title='bbox 178 614 210 674; x_wconf 92' lang='lat' dir='ltr'><strong>in</strong></span> <span class='ocrx_word' id='word_1_30' title='bbox 231 614 353 686; x_wconf 86' lang='lat' dir='ltr'><strong>caelum,</strong></span> <span class='ocrx_word' id='word_1_31' title='bbox 376 622 407 675; x_wconf 90' lang='lat' dir='ltr'><strong>ut</strong></span> <span class='ocrx_word' id='word_1_32' title='bbox 427 632 444 675; x_wconf 92' lang='lat' dir='ltr'><strong>a</strong></span> <span class='ocrx_word' id='word_1_33' title='bbox 465 614 612 694; x_wconf 91' lang='lat' dir='ltr'><strong>corporali</strong></span> <span class='ocrx_word' id='word_1_34' title='bbox 633 614 810 695; x_wconf 74' lang='lat' dir='ltr'><strong>cogitatione</strong></span> <span class='ocrx_word' id='word_1_35' title='bbox 824 616 909 696; x_wconf 90' lang='lat' dir='ltr'><strong>ipsos</strong></span> <span class='ocrx_word' id='word_1_36' title='bbox 923 619 1095 691; x_wconf 82' lang='lat' dir='ltr'><strong>retraheret,</strong></span> <span class='ocrx_word' id='word_1_37' title='bbox 1117 627 1202 698; x_wconf 88' lang='lat' dir='ltr'><strong>atque</strong></span> <span class='ocrx_word' id='word_1_38' title='bbox 1216 619 1286 682; x_wconf 87' lang='lat' dir='ltr'><strong>binc</strong></span> 
     </span>
     <span class='ocr_line' id='line_1_5' title="bbox 66 712 1285 800; baseline 0.006 -24"><span class='ocrx_word' id='word_1_39' title='bbox 66 716 252 789; x_wconf 86' lang='lat' dir='ltr'><strong>ediscerent,</strong></span> <span class='ocrx_word' id='word_1_40' title='bbox 284 734 401 778; x_wconf 88' lang='lat' dir='ltr'><strong>carnem</strong></span> <span class='ocrx_word' id='word_1_41' title='bbox 423 716 460 778; x_wconf 92' lang='lat' dir='ltr'><strong>de</strong></span> <span class='ocrx_word' id='word_1_42' title='bbox 481 734 538 794; x_wconf 80' lang='lat' dir='ltr'><strong>qua</strong></span> <span class='ocrx_word' id='word_1_43' title='bbox 559 716 699 796; x_wconf 82' lang='lat' dir='ltr'><strong>loquutus</strong></span> <span class='ocrx_word' id='word_1_44' title='bbox 722 718 832 789; x_wconf 89' lang='lat' dir='ltr'><strong>luerat,</strong></span> <span class='ocrx_word' id='word_1_45' title='bbox 863 712 960 781; x_wconf 88' lang='lat' dir='ltr'><strong>cibum</strong></span> <span class='ocrx_word' id='word_1_46' title='bbox 991 718 1167 800; x_wconf 84' lang='lat' dir='ltr'><strong>esnpernie</strong></span> <span class='ocrx_word' id='word_1_47' title='bbox 1189 720 1285 783; x_wconf 87' lang='lat' dir='ltr'><strong>caele·</strong></span> 
     </span>
     <span class='ocr_line' id='line_1_6' title="bbox 64 816 1286 902; baseline 0.003 -22"><span class='ocrx_word' id='word_1_48' title='bbox 64 827 143 880; x_wconf 90' lang='lat' dir='ltr'><strong>stem</strong></span> <span class='ocrx_word' id='word_1_49' title='bbox 166 826 196 879; x_wconf 91' lang='lat' dir='ltr'><strong>et</strong></span> <span class='ocrx_word' id='word_1_50' title='bbox 216 817 398 897; x_wconf 88' lang='lat' dir='ltr'><strong>spiritualem</strong></span> <span class='ocrx_word' id='word_1_51' title='bbox 421 816 588 880; x_wconf 89' lang='lat' dir='ltr'><strong>alimoniam</strong></span> <span class='ocrx_word' id='word_1_52' title='bbox 609 817 646 879; x_wconf 90' lang='lat' dir='ltr'><strong>ab</strong></span> <span class='ocrx_word' id='word_1_53' title='bbox 668 817 734 898; x_wconf 87' lang='lat' dir='ltr'><strong>ipso</strong></span> <span class='ocrx_word' id='word_1_54' title='bbox 756 818 830 881; x_wconf 89' lang='lat' dir='ltr'><strong>dari.</strong></span> <span class='ocrx_word' id='word_1_55' title='bbox 874 819 946 890; x_wconf 89' lang='lat' dir='ltr'><strong>Nam</strong></span> <span class='ocrx_word' id='word_1_56' title='bbox 967 841 1043 902; x_wconf 81' lang='lat' dir='ltr'><strong>quoe</strong></span> <span class='ocrx_word' id='word_1_57' title='bbox 1060 822 1203 902; x_wconf 77' lang='lat' dir='ltr'><strong>loquutus</strong></span> <span class='ocrx_word' id='word_1_58' title='bbox 1218 841 1286 884; x_wconf 86' lang='lat' dir='ltr'><strong>auos</strong></span> 
     </span>
     <span class='ocr_line' id='line_1_7' title="bbox 63 919 1284 1001; baseline 0.002 -19"><span class='ocrx_word' id='word_1_59' title='bbox 63 921 160 991; x_wconf 82' lang='lat' dir='ltr'><strong>vobis,</strong></span> <span class='ocrx_word' id='word_1_60' title='bbox 184 919 287 1000; x_wconf 91' lang='lat' dir='ltr'><strong>iuquit,</strong></span> <span class='ocrx_word' id='word_1_61' title='bbox 311 923 438 1001; x_wconf 85' lang='lat' dir='ltr'><strong>spiritua</strong></span> <span class='ocrx_word' id='word_1_62' title='bbox 462 931 490 982; x_wconf 88' lang='lat' dir='ltr'><strong>et</strong></span> <span class='ocrx_word' id='word_1_63' title='bbox 511 924 574 982; x_wconf 80' lang='lat' dir='ltr'><strong>aito</strong></span> <span class='ocrx_word' id='word_1_64' title='bbox 597 930 677 982; x_wconf 84' lang='lat' dir='ltr'><strong>suut.</strong></span> <span class='ocrx_word' id='word_1_65' title='bbox 722 920 809 992; x_wconf 81' lang='lat' dir='ltr'><strong>Quod</strong></span> <span class='ocrx_word' id='word_1_66' title='bbox 831 919 954 1000; x_wconf 85' lang='lat' dir='ltr'><strong>perinde</strong></span> <span class='ocrx_word' id='word_1_67' title='bbox 976 930 1023 983; x_wconf 88' lang='lat' dir='ltr'><strong>est</strong></span> <span class='ocrx_word' id='word_1_68' title='bbox 1049 941 1083 984; x_wconf 90' lang='lat' dir='ltr'><strong>ac</strong></span> <span class='ocrx_word' id='word_1_69' title='bbox 1111 923 1137 984; x_wconf 92' lang='lat' dir='ltr'><strong>si</strong></span> <span class='ocrx_word' id='word_1_70' title='bbox 1158 923 1284 985; x_wconf 88' lang='lat' dir='ltr'><strong>diceret:</strong></span> 
     </span>
     <span class='ocr_line' id='line_1_8' title="bbox 64 1008 1282 1104; baseline 0.003 -22"><span class='ocrx_word' id='word_1_71' title='bbox 64 1023 172 1101; x_wconf 87' lang='lat' dir='ltr'><strong>„quod</strong></span> <span class='ocrx_word' id='word_1_72' title='bbox 195 1021 362 1083; x_wconf 85' lang='lat' dir='ltr'><strong>ostenditur</strong></span> <span class='ocrx_word' id='word_1_73' title='bbox 383 1029 414 1083; x_wconf 89' lang='lat' dir='ltr'><strong>et</strong></span> <span class='ocrx_word' id='word_1_74' title='bbox 434 1021 521 1083; x_wconf 91' lang='lat' dir='ltr'><strong>datur</strong></span> <span class='ocrx_word' id='word_1_75' title='bbox 542 1039 596 1100; x_wconf 90' lang='lat' dir='ltr'><strong>pro</strong></span> <span class='ocrx_word' id='word_1_76' title='bbox 619 1008 719 1084; x_wconf 88' lang='lat' dir='ltr'><strong>mundi</strong></span> <span class='ocrx_word' id='word_1_77' title='bbox 742 1022 847 1096; x_wconf 88' lang='lat' dir='ltr'><strong>salute,</strong></span> <span class='ocrx_word' id='word_1_78' title='bbox 869 1040 938 1083; x_wconf 90' lang='lat' dir='ltr'><strong>caro</strong></span> <span class='ocrx_word' id='word_1_79' title='bbox 961 1030 1022 1097; x_wconf 87' lang='lat' dir='ltr'><strong>est,</strong></span> <span class='ocrx_word' id='word_1_80' title='bbox 1045 1042 1208 1103; x_wconf 78' lang='lat' dir='ltr'><strong>quamego</strong></span> <span class='ocrx_word' id='word_1_81' title='bbox 1229 1043 1282 1104; x_wconf 88' lang='lat' dir='ltr'><strong>gc-</strong></span> 
     </span>
     <span class='ocr_line' id='line_1_9' title="bbox 64 1114 1356 1208; baseline 0.002 -24"><span class='ocrx_word' id='word_1_82' title='bbox 64 1133 159 1198; x_wconf 81' lang='lat' dir='ltr'><strong>„sto;</strong></span> <span class='ocrx_word' id='word_1_83' title='bbox 190 1124 242 1186; x_wconf 91' lang='lat' dir='ltr'><strong>sed</strong></span> <span class='ocrx_word' id='word_1_84' title='bbox 273 1114 347 1185; x_wconf 82' lang='lat' dir='ltr'><strong>bae&#39;c</strong></span> <span class='ocrx_word' id='word_1_85' title='bbox 366 1123 452 1185; x_wconf 82' lang='lat' dir='ltr'><strong>robis</strong></span> <span class='ocrx_word' id='word_1_86' title='bbox 474 1141 541 1185; x_wconf 92' lang='lat' dir='ltr'><strong>cum</strong></span> <span class='ocrx_word' id='word_1_87' title='bbox 563 1122 628 1184; x_wconf 89' lang='lat' dir='ltr'><strong>eius</strong></span> <span class='ocrx_word' id='word_1_88' title='bbox 650 1123 795 1202; x_wconf 88' lang='lat' dir='ltr'><strong>sanguine</strong></span> <span class='ocrx_word' id='word_1_89' title='bbox 816 1143 833 1186; x_wconf 92' lang='lat' dir='ltr'><strong>a</strong></span> <span class='ocrx_word' id='word_1_90' title='bbox 853 1142 901 1186; x_wconf 93' lang='lat' dir='ltr'><strong>me</strong></span> <span class='ocrx_word' id='word_1_91' title='bbox 924 1123 1117 1203; x_wconf 83' lang='lat' dir='ltr'><strong>spiritualiter</strong></span> <span class='ocrx_word' id='word_1_92' title='bbox 1138 1144 1206 1187; x_wconf 89' lang='lat' dir='ltr'><strong>esca</strong></span> <span class='ocrx_word' id='word_1_93' title='bbox 1228 1125 1282 1188; x_wconf 88' lang='lat' dir='ltr'><strong>da·</strong></span> <span class='ocrx_word' id='word_1_94' title='bbox 1351 1200 1356 1208; x_wconf 26' lang='lat'>¹</span> 
     </span>
     <span class='ocr_line' id='line_1_10' title="bbox 61 1224 1281 1307; baseline 0.003 -22"><span class='ocrx_word' id='word_1_95' title='bbox 61 1270 82 1299; x_wconf 92' lang='lat'>„</span> <span class='ocrx_word' id='word_1_96' title='bbox 91 1224 188 1297; x_wconf 91' lang='lat' dir='ltr'><strong>bitur,</strong></span> <span class='ocrx_word' id='word_1_97' title='bbox 222 1226 262 1286; x_wconf 88' lang='lat' dir='ltr'><strong>ita</strong></span> <span class='ocrx_word' id='word_1_98' title='bbox 288 1234 320 1287; x_wconf 93' lang='lat' dir='ltr'><strong>ut</strong></span> <span class='ocrx_word' id='word_1_99' title='bbox 347 1225 421 1287; x_wconf 87' lang='lat' dir='ltr'><strong>baec</strong></span> <span class='ocrx_word' id='word_1_100' title='bbox 440 1224 632 1304; x_wconf 87' lang='lat' dir='ltr'><strong>spiritualiter</strong></span> <span class='ocrx_word' id='word_1_101' title='bbox 653 1224 809 1304; x_wconf 89' lang='lat' dir='ltr'><strong>uuicuique</strong></span> <span class='ocrx_word' id='word_1_102' title='bbox 831 1225 1004 1299; x_wconf 81' lang='lat' dir='ltr'><strong>tribuatur,</strong></span> <span class='ocrx_word' id='word_1_103' title='bbox 1025 1235 1055 1288; x_wconf 94' lang='lat' dir='ltr'><strong>et</strong></span> <span class='ocrx_word' id='word_1_104' title='bbox 1082 1227 1131 1288; x_wconf 84' lang='lat' dir='ltr'><strong>liat</strong></span> <span class='ocrx_word' id='word_1_105' title='bbox 1158 1226 1281 1307; x_wconf 88' lang='lat' dir='ltr'><strong>siugulis</strong></span> 
     </span>
     <span class='ocr_line' id='line_1_11' title="bbox 64 1325 1282 1399; baseline 0.003 -12"><span class='ocrx_word' id='word_1_106' title='bbox 64 1333 225 1399; x_wconf 89' lang='lat' dir='ltr'><strong>„tutamen</strong></span> <span class='ocrx_word' id='word_1_107' title='bbox 247 1327 278 1387; x_wconf 91' lang='lat' dir='ltr'><strong>in</strong></span> <span class='ocrx_word' id='word_1_108' title='bbox 299 1328 547 1389; x_wconf 88' lang='lat' dir='ltr'><strong>resurrectionem</strong></span> <span class='ocrx_word' id='word_1_109' title='bbox 568 1327 646 1389; x_wconf 88' lang='lat' dir='ltr'><strong>ritae</strong></span> <span class='ocrx_word' id='word_1_110' title='bbox 665 1332 835 1388; x_wconf 88' lang='lat' dir='ltr'><strong>aeternae.“</strong></span> <span class='ocrx_word' id='word_1_111' title='bbox 878 1325 928 1388; x_wconf 90' lang='lat' dir='ltr'><strong>Sic</strong></span> <span class='ocrx_word' id='word_1_112' title='bbox 949 1336 978 1388; x_wconf 91' lang='lat' dir='ltr'><strong>et</strong></span> <span class='ocrx_word' id='word_1_113' title='bbox 993 1326 1205 1390; x_wconf 79' lang='lat' dir='ltr'><strong>Samaritarum</strong></span> <span class='ocrx_word' id='word_1_114' title='bbox 1220 1329 1282 1391; x_wconf 87' lang='lat' dir='ltr'><strong>llo-</strong></span> 
     </span>
     <span class='ocr_line' id='line_1_12' title="bbox 60 1426 1390 1508; baseline 0.003 -20"><span class='ocrx_word' id='word_1_115' title='bbox 60 1426 161 1488; x_wconf 88' lang='lat' dir='ltr'><strong>minus</strong></span> <span class='ocrx_word' id='word_1_116' title='bbox 185 1427 360 1490; x_wconf 86' lang='lat' dir='ltr'><strong>abstrahens</strong></span> <span class='ocrx_word' id='word_1_117' title='bbox 388 1447 405 1489; x_wconf 93' lang='lat' dir='ltr'><strong>a</strong></span> <span class='ocrx_word' id='word_1_118' title='bbox 432 1427 621 1490; x_wconf 89' lang='lat' dir='ltr'><strong>sensibilibus</strong></span> <span class='ocrx_word' id='word_1_119' title='bbox 644 1427 738 1489; x_wconf 85' lang='lat' dir='ltr'><strong>Deum</strong></span> <span class='ocrx_word' id='word_1_120' title='bbox 759 1428 833 1490; x_wconf 82' lang='lat' dir='ltr'><strong>dixit</strong></span> <span class='ocrx_word' id='word_1_121' title='bbox 854 1446 922 1490; x_wconf 89' lang='lat' dir='ltr'><strong>ease</strong></span> <span class='ocrx_word' id='word_1_122' title='bbox 943 1428 1101 1508; x_wconf 89' lang='lat' dir='ltr'><strong>Spiritum,</strong></span> <span class='ocrx_word' id='word_1_123' title='bbox 1134 1437 1167 1491; x_wconf 88' lang='lat' dir='ltr'><strong>ut</strong></span> <span class='ocrx_word' id='word_1_124' title='bbox 1194 1431 1281 1492; x_wconf 87' lang='lat' dir='ltr'><strong>dain-</strong></span> <span class='ocrx_word' id='word_1_125' title='bbox 1385 1426 1390 1435; x_wconf 91' lang='lat'>&#39;</span> 
     </span>
     <span class='ocr_line' id='line_1_13' title="bbox 58 1527 1280 1611; baseline 0.002 -20"><span class='ocrx_word' id='word_1_126' title='bbox 58 1547 131 1609; x_wconf 85' lang='lat' dir='ltr'><strong>ceps</strong></span> <span class='ocrx_word' id='word_1_127' title='bbox 154 1529 203 1591; x_wconf 88' lang='lat' dir='ltr'><strong>illa</strong></span> <span class='ocrx_word' id='word_1_128' title='bbox 224 1547 285 1590; x_wconf 91' lang='lat' dir='ltr'><strong>non</strong></span> <span class='ocrx_word' id='word_1_129' title='bbox 307 1529 499 1608; x_wconf 88' lang='lat' dir='ltr'><strong>corporaliter</strong></span> <span class='ocrx_word' id='word_1_130' title='bbox 521 1529 574 1591; x_wconf 89' lang='lat' dir='ltr'><strong>sed</strong></span> <span class='ocrx_word' id='word_1_131' title='bbox 596 1527 787 1608; x_wconf 87' lang='lat' dir='ltr'><strong>spiritualiter</strong></span> <span class='ocrx_word' id='word_1_132' title='bbox 814 1529 852 1591; x_wconf 94' lang='lat' dir='ltr'><strong>de</strong></span> <span class='ocrx_word' id='word_1_133' title='bbox 874 1529 936 1592; x_wconf 82' lang='lat' dir='ltr'><strong>lleo</strong></span> <span class='ocrx_word' id='word_1_134' title='bbox 965 1530 1115 1611; x_wconf 80' lang='lat' dir='ltr'><strong>cogitaret</strong></span> <span class='ocrx_word' id='word_1_135' title='bbox 1159 1533 1209 1594; x_wconf 90' lang='lat' dir='ltr'><strong>Sic</strong></span> <span class='ocrx_word' id='word_1_136' title='bbox 1228 1532 1280 1593; x_wconf 92' lang='lat' dir='ltr'><strong>iti·</strong></span> 
     </span>
     <span class='ocr_line' id='line_1_14' title="bbox 58 1629 1281 1713; baseline 0.002 -21"><span class='ocrx_word' id='word_1_137' title='bbox 58 1629 77 1692; x_wconf 91' lang='lat' dir='ltr'><strong>d</strong></span> <span class='ocrx_word' id='word_1_138' title='bbox 151 1630 299 1711; x_wconf 86' lang='lat' dir='ltr'><strong>Propheta</strong></span> <span class='ocrx_word' id='word_1_139' title='bbox 321 1649 387 1692; x_wconf 91' lang='lat' dir='ltr'><strong>cum</strong></span> <span class='ocrx_word' id='word_1_140' title='bbox 409 1631 502 1692; x_wconf 85' lang='lat' dir='ltr'><strong>Deum</strong></span> <span class='ocrx_word' id='word_1_141' title='bbox 525 1647 644 1691; x_wconf 88' lang='lat' dir='ltr'><strong>caruem</strong></span> <span class='ocrx_word' id='word_1_142' title='bbox 663 1631 771 1692; x_wconf 90' lang='lat' dir='ltr'><strong>lactum</strong></span> <span class='ocrx_word' id='word_1_143' title='bbox 786 1630 1043 1712; x_wconf 88' lang='lat' dir='ltr'><strong>contemplaretur,</strong></span> <span class='ocrx_word' id='word_1_144' title='bbox 1066 1633 1121 1694; x_wconf 89' lang='lat' dir='ltr'><strong>ait:</strong></span> <span class='ocrx_word' id='word_1_145' title='bbox 1144 1633 1281 1713; x_wconf 82' lang='lat' dir='ltr'><strong>Spiritus</strong></span> 
     </span>
     <span class='ocr_line' id='line_1_15' title="bbox 56 1648 1302 1814; baseline 0 -19"><span class='ocrx_word' id='word_1_146' title='bbox 56 1648 154 1810; x_wconf 44' lang='grc' dir='ltr'><strong>ὦ(</strong></span> <span class='ocrx_word' id='word_1_147' title='bbox 172 1746 297 1796; x_wconf 83' lang='lat' dir='ltr'><strong>nostroe</strong></span> <span class='ocrx_word' id='word_1_148' title='bbox 313 1733 451 1796; x_wconf 76' lang='lat' dir='ltr'><strong>Christus</strong></span> <span class='ocrx_word' id='word_1_149' title='bbox 471 1732 629 1807; x_wconf 69' lang='lat' dir='ltr'><strong>llomious,</strong></span> <span class='ocrx_word' id='word_1_150' title='bbox 651 1750 690 1793; x_wconf 90' lang='lat' dir='ltr'><strong>ne</strong></span> <span class='ocrx_word' id='word_1_151' title='bbox 712 1731 778 1811; x_wconf 86' lang='lat' dir='ltr'><strong>quis</strong></span> <span class='ocrx_word' id='word_1_152' title='bbox 801 1751 835 1794; x_wconf 80' lang='lat' dir='ltr'><strong>ex</strong></span> <span class='ocrx_word' id='word_1_153' title='bbox 858 1752 904 1807; x_wconf 91' lang='lat' dir='ltr'><strong>eo,</strong></span> <span class='ocrx_word' id='word_1_154' title='bbox 927 1733 1006 1811; x_wconf 90' lang='lat' dir='ltr'><strong>quod</strong></span> <span class='ocrx_word' id='word_1_155' title='bbox 1028 1734 1196 1814; x_wconf 90' lang='lat' dir='ltr'><strong>apparebat,</strong></span> <span class='ocrx_word' id='word_1_156' title='bbox 1218 1732 1302 1795; x_wconf 85' lang='lat' dir='ltr'><strong>llo--</strong></span> 
     </span>
    </p>

    <p class='ocr_par' dir='ltr' id='par_1_3' title="bbox 11 1832 1279 2015">
     <span class='ocr_line' id='line_1_16' title="bbox 55 1832 1279 1917; baseline 0.002 -24"><span class='ocrx_word' id='word_1_157' title='bbox 55 1833 171 1895; x_wconf 91' lang='lat' dir='ltr'><strong>minum</strong></span> <span class='ocrx_word' id='word_1_158' title='bbox 195 1852 262 1896; x_wconf 88' lang='lat' dir='ltr'><strong>esse</strong></span> <span class='ocrx_word' id='word_1_159' title='bbox 283 1852 399 1895; x_wconf 89' lang='lat' dir='ltr'><strong>merum</strong></span> <span class='ocrx_word' id='word_1_160' title='bbox 420 1833 570 1897; x_wconf 91' lang='lat' dir='ltr'><strong>bominem</strong></span> <span class='ocrx_word' id='word_1_161' title='bbox 592 1832 788 1905; x_wconf 82' lang='lat' dir='ltr'><strong>existimaret,</strong></span> <span class='ocrx_word' id='word_1_162' title='bbox 821 1833 874 1895; x_wconf 91' lang='lat' dir='ltr'><strong>sed</strong></span> <span class='ocrx_word' id='word_1_163' title='bbox 896 1833 967 1897; x_wconf 91' lang='lat' dir='ltr'><strong>dum</strong></span> <span class='ocrx_word' id='word_1_164' title='bbox 989 1834 1133 1917; x_wconf 86' lang='lat' dir='ltr'><strong>Spiritum</strong></span> <span class='ocrx_word' id='word_1_165' title='bbox 1154 1836 1279 1910; x_wconf 78' lang='lat' dir='ltr'><strong>audrei,</strong></span> 
     </span>
     <span class='ocr_line' id='line_1_17' title="bbox 11 1916 920 2015; baseline 0.003 -20"><span class='ocrx_word' id='word_1_166' title='bbox 11 1916 16 1923; x_wconf 62' lang='grc'>’</span> <span class='ocrx_word' id='word_1_167' title='bbox 55 1932 152 1997; x_wconf 86' lang='lat' dir='ltr'><strong>Deum</strong></span> <span class='ocrx_word' id='word_1_168' title='bbox 174 1944 349 2014; x_wconf 88' lang='lat' dir='ltr'><strong>agnosceret</strong></span> <span class='ocrx_word' id='word_1_169' title='bbox 370 1952 437 1997; x_wconf 88' lang='lat' dir='ltr'><strong>essa</strong></span> <span class='ocrx_word' id='word_1_170' title='bbox 459 1953 536 2006; x_wconf 90' lang='lat' dir='ltr'><strong>eurn,</strong></span> <span class='ocrx_word' id='word_1_171' title='bbox 560 1933 608 2013; x_wconf 88' lang='lat' dir='ltr'><strong>qui</strong></span> <span class='ocrx_word' id='word_1_172' title='bbox 630 1934 662 1996; x_wconf 94' lang='lat' dir='ltr'><strong>in</strong></span> <span class='ocrx_word' id='word_1_173' title='bbox 680 1953 809 2015; x_wconf 89' lang='lat' dir='ltr'><strong>corpore</strong></span> <span class='ocrx_word' id='word_1_174' title='bbox 831 1944 920 1998; x_wconf 84' lang='lat' dir='ltr'><strong>esset</strong></span> 
     </span>
    </p>
   </div>
   <div class='ocr_carea' id='block_1_3' title="bbox 54 2223 1361 2529">
    <p class='ocr_par' dir='ltr' id='par_1_4' title="bbox 54 2223 1361 2529">
     <span class='ocr_line' id='line_1_18' title="bbox 142 2223 1361 2321; baseline 0.004 -20"><span class='ocrx_word' id='word_1_175' title='bbox 142 2239 194 2301; x_wconf 77' lang='lat'><strong>20.</strong></span> <span class='ocrx_word' id='word_1_176' title='bbox 238 2223 359 2301; x_wconf 84' lang='lat' dir='ltr'><strong>Planum</strong></span> <span class='ocrx_word' id='word_1_177' title='bbox 380 2240 479 2317; x_wconf 79' lang='lat' dir='ltr'><strong>itaque</strong></span> <span class='ocrx_word' id='word_1_178' title='bbox 502 2248 660 2317; x_wconf 89' lang='lat' dir='ltr'><strong>utrumque</strong></span> <span class='ocrx_word' id='word_1_179' title='bbox 680 2239 778 2311; x_wconf 86' lang='lat' dir='ltr'><strong>luerit,</strong></span> <span class='ocrx_word' id='word_1_180' title='bbox 800 2259 878 2316; x_wconf 91' lang='lat' dir='ltr'><strong>eum,</strong></span> <span class='ocrx_word' id='word_1_181' title='bbox 901 2245 950 2321; x_wconf 87' lang='lat' dir='ltr'><strong>qui</strong></span> <span class='ocrx_word' id='word_1_182' title='bbox 965 2244 1122 2304; x_wconf 86' lang='lat' dir='ltr'><strong>Dominum</strong></span> <span class='ocrx_word' id='word_1_183' title='bbox 1144 2242 1223 2304; x_wconf 89' lang='lat' dir='ltr'><strong>videt</strong></span> <span class='ocrx_word' id='word_1_184' title='bbox 1239 2242 1361 2306; x_wconf 77' lang='lat' dir='ltr'><strong>acuar.</strong></span> 
     </span>
     <span class='ocr_line' id='line_1_19' title="bbox 54 2338 1277 2420; baseline 0.004 -21"><span class='ocrx_word' id='word_1_185' title='bbox 54 2356 89 2400; x_wconf 91' lang='lat' dir='ltr'><strong>se</strong></span> <span class='ocrx_word' id='word_1_186' title='bbox 113 2338 329 2413; x_wconf 82' lang='lat' dir='ltr'><strong>disserentem,</strong></span> <span class='ocrx_word' id='word_1_187' title='bbox 359 2341 384 2403; x_wconf 92' lang='lat' dir='ltr'><strong>si</strong></span> <span class='ocrx_word' id='word_1_188' title='bbox 408 2347 519 2401; x_wconf 88' lang='lat' dir='ltr'><strong>tautum</strong></span> <span class='ocrx_word' id='word_1_189' title='bbox 542 2338 707 2420; x_wconf 88' lang='lat' dir='ltr'><strong>corporalia</strong></span> <span class='ocrx_word' id='word_1_190' title='bbox 730 2341 793 2403; x_wconf 90' lang='lat' dir='ltr'><strong>eius</strong></span> <span class='ocrx_word' id='word_1_191' title='bbox 815 2351 929 2420; x_wconf 89' lang='lat' dir='ltr'><strong>spectet</strong></span> <span class='ocrx_word' id='word_1_192' title='bbox 950 2352 981 2404; x_wconf 90' lang='lat' dir='ltr'><strong>et</strong></span> <span class='ocrx_word' id='word_1_193' title='bbox 1001 2361 1062 2405; x_wconf 92' lang='lat' dir='ltr'><strong>non</strong></span> <span class='ocrx_word' id='word_1_194' title='bbox 1083 2343 1208 2405; x_wconf 88' lang='lat' dir='ltr'><strong>credens</strong></span> <span class='ocrx_word' id='word_1_195' title='bbox 1230 2343 1277 2404; x_wconf 90' lang='lat' dir='ltr'><strong>di-</strong></span> 
     </span>
     <span class='ocr_line' id='line_1_20' title="bbox 54 2439 1279 2529; baseline 0.005 -28"><span class='ocrx_word' id='word_1_196' title='bbox 54 2447 118 2502; x_wconf 91' lang='lat' dir='ltr'><strong>eat:</strong></span> <span class='ocrx_word' id='word_1_197' title='bbox 146 2440 227 2504; x_wconf 81' lang='lat' dir='ltr'><strong>Uada</strong></span> <span class='ocrx_word' id='word_1_198' title='bbox 250 2442 319 2504; x_wconf 81' lang='lat' dir='ltr'><strong>buit</strong></span> <span class='ocrx_word' id='word_1_199' title='bbox 339 2446 399 2504; x_wconf 82' lang='lat' dir='ltr'><strong>isto</strong></span> <span class='ocrx_word' id='word_1_200' title='bbox 420 2439 593 2523; x_wconf 72' lang='lat' dir='ltr'><strong>sapientiai!</strong></span> <span class='ocrx_word' id='word_1_201' title='bbox 620 2458 744 2529; x_wconf 67' lang='lat' dir='ltr'><strong>peorgra</strong></span> <span class='ocrx_word' id='word_1_202' title='bbox 771 2442 889 2521; x_wconf 86' lang='lat' dir='ltr'><strong>quidem</strong></span> <span class='ocrx_word' id='word_1_203' title='bbox 911 2452 941 2505; x_wconf 91' lang='lat' dir='ltr'><strong>et</strong></span> <span class='ocrx_word' id='word_1_204' title='bbox 961 2454 1099 2524; x_wconf 86' lang='lat' dir='ltr'><strong>tanquam</strong></span> <span class='ocrx_word' id='word_1_205' title='bbox 1121 2445 1153 2506; x_wconf 92' lang='lat' dir='ltr'><strong>in</strong></span> <span class='ocrx_word' id='word_1_206' title='bbox 1173 2443 1279 2507; x_wconf 84' lang='lat' dir='ltr'><strong>Filium</strong></span> 
     </span>
    </p>
   </div>
   <div class='ocr_carea' id='block_1_4' title="bbox 30 2708 1277 4575">
    <p class='ocr_par' dir='ltr' id='par_1_5' title="bbox 42 2708 1277 3883">
     <span class='ocr_line' id='line_1_21' title="bbox 51 2708 1277 2803; baseline 0.003 -24"><span class='ocrx_word' id='word_1_207' title='bbox 51 2729 114 2780; x_wconf 82' lang='lat' dir='ltr'><strong>basii</strong></span> <span class='ocrx_word' id='word_1_208' title='bbox 133 2730 164 2779; x_wconf 86' lang='lat' dir='ltr'><strong>ad</strong></span> <span class='ocrx_word' id='word_1_209' title='bbox 186 2745 257 2780; x_wconf 89' lang='lat' dir='ltr'><strong>suum</strong></span> <span class='ocrx_word' id='word_1_210' title='bbox 284 2745 366 2781; x_wconf 84' lang='lat' dir='ltr'><strong>aerum</strong></span> <span class='ocrx_word' id='word_1_211' title='bbox 383 2732 539 2795; x_wconf 76' lang='lat' dir='ltr'><strong>Aegyptiacae</strong></span> <span class='ocrx_word' id='word_1_212' title='bbox 554 2729 640 2780; x_wconf 85' lang='lat' dir='ltr'><strong>Eccle·</strong></span> <span class='ocrx_word' id='word_1_213' title='bbox 667 2708 742 2781; x_wconf 55' lang='lat' dir='ltr'><strong>‘tam</strong></span> <span class='ocrx_word' id='word_1_214' title='bbox 766 2731 902 2782; x_wconf 83' lang='lat' dir='ltr'><strong>Editiouem</strong></span> <span class='ocrx_word' id='word_1_215' title='bbox 925 2726 983 2798; x_wconf 86' lang='lat' dir='ltr'><strong>[llil.</strong></span> <span class='ocrx_word' id='word_1_216' title='bbox 1003 2732 1090 2783; x_wconf 81' lang='lat' dir='ltr'><strong>Pictas.</strong></span> <span class='ocrx_word' id='word_1_217' title='bbox 1115 2733 1178 2798; x_wconf 86' lang='lat' dir='ltr'><strong>Opp.</strong></span> <span class='ocrx_word' id='word_1_218' title='bbox 1201 2733 1277 2803; x_wconf 51' lang='lat' dir='ltr'><strong>Paris,</strong></span> 
     </span>
     <span class='ocr_line' id='line_1_22' title="bbox 50 2796 1160 2862; baseline 0.005 -16"><span class='ocrx_word' id='word_1_219' title='bbox 50 2797 103 2847; x_wconf 85' lang='lat' dir='ltr'><strong>aiae</strong></span> <span class='ocrx_word' id='word_1_220' title='bbox 122 2798 245 2848; x_wconf 87' lang='lat' dir='ltr'><strong>immutata</strong></span> <span class='ocrx_word' id='word_1_221' title='bbox 261 2800 329 2849; x_wconf 79' lang='lat' dir='ltr'><strong>tides</strong></span> <span class='ocrx_word' id='word_1_222' title='bbox 355 2807 398 2848; x_wconf 86' lang='lat' dir='ltr'><strong>est.</strong></span> <span class='ocrx_word' id='word_1_223' title='bbox 434 2799 519 2848; x_wconf 85' lang='lat' dir='ltr'><strong>Verum</strong></span> <span class='ocrx_word' id='word_1_224' title='bbox 544 2813 597 2848; x_wconf 85' lang='lat' dir='ltr'><strong>cum</strong></span> <span class='ocrx_word' id='word_1_225' title='bbox 615 2796 639 2849; x_wconf 93' lang='lat' dir='ltr'><strong>id</strong></span> <span class='ocrx_word' id='word_1_226' title='bbox 693 2797 779 2862; x_wconf 70' lang='grc'>1693]</span> <span class='ocrx_word' id='word_1_227' title='bbox 797 2814 862 2850; x_wconf 89' lang='lat' dir='ltr'><strong>nom.</strong></span> <span class='ocrx_word' id='word_1_228' title='bbox 877 2799 918 2849; x_wconf 78' lang='lat' dir='ltr'><strong>bl.</strong></span> <span class='ocrx_word' id='word_1_229' title='bbox 936 2807 960 2850; x_wconf 84' lang='lat' dir='ltr'><strong>et</strong></span> <span class='ocrx_word' id='word_1_230' title='bbox 976 2814 1003 2855; x_wconf 79' lang='lat' dir='ltr'><strong>se</strong></span> <span class='ocrx_word' id='word_1_231' title='bbox 1021 2799 1160 2857; x_wconf 64' lang='lat' dir='ltr'><strong>usuum,</strong></span> 
     </span>
     <span class='ocr_line' id='line_1_23' title="bbox 49 2856 1180 2937; baseline 0.001 -24"><span class='ocrx_word' id='word_1_232' title='bbox 49 2873 164 2914; x_wconf 84' lang='lat' dir='ltr'><strong>acturum</strong></span> <span class='ocrx_word' id='word_1_233' title='bbox 183 2866 297 2917; x_wconf 85' lang='lat' dir='ltr'><strong>barumcs</strong></span> <span class='ocrx_word' id='word_1_234' title='bbox 315 2869 416 2917; x_wconf 79' lang='lat' dir='ltr'><strong>brevitas</strong></span> <span class='ocrx_word' id='word_1_235' title='bbox 439 2881 488 2917; x_wconf 87' lang='lat' dir='ltr'><strong>non</strong></span> <span class='ocrx_word' id='word_1_236' title='bbox 514 2869 589 2925; x_wconf 85' lang='lat' dir='ltr'><strong>lsrat,</strong></span> <span class='ocrx_word' id='word_1_237' title='bbox 616 2874 640 2917; x_wconf 88' lang='lat' dir='ltr'><strong>et</strong></span> <span class='ocrx_word' id='word_1_238' title='bbox 724 2883 744 2917; x_wconf 91' lang='lat' dir='ltr'><strong>a.</strong></span> <span class='ocrx_word' id='word_1_239' title='bbox 764 2868 821 2930; x_wconf 84' lang='lat' dir='ltr'><strong>lleg.</strong></span> <span class='ocrx_word' id='word_1_240' title='bbox 839 2875 864 2918; x_wconf 87' lang='lat' dir='ltr'><strong>at</strong></span> <span class='ocrx_word' id='word_1_241' title='bbox 880 2869 1011 2931; x_wconf 66' lang='lat' dir='ltr'><strong>sigaeas</strong></span> <span class='ocrx_word' id='word_1_242' title='bbox 1052 2856 1180 2937; x_wconf 55' lang='lat' dir='ltr'><strong>Quia.</strong></span> 
     </span>
     <span class='ocr_line' id='line_1_24' title="bbox 48 2932 1276 3000; baseline 0.002 -18"><span class='ocrx_word' id='word_1_243' title='bbox 48 2932 141 2997; x_wconf 85' lang='lat' dir='ltr'><strong>alioqui</strong></span> <span class='ocrx_word' id='word_1_244' title='bbox 159 2937 302 2998; x_wconf 87' lang='lat' dir='ltr'><strong>saepissime</strong></span> <span class='ocrx_word' id='word_1_245' title='bbox 312 2950 351 2985; x_wconf 89' lang='lat' dir='ltr'><strong>res</strong></span> <span class='ocrx_word' id='word_1_246' title='bbox 366 2936 453 2996; x_wconf 87' lang='lat' dir='ltr'><strong>agitatu</strong></span> <span class='ocrx_word' id='word_1_247' title='bbox 466 2936 545 2994; x_wconf 82' lang='lat' dir='ltr'><strong>luerit,</strong></span> <span class='ocrx_word' id='word_1_248' title='bbox 564 2949 638 2985; x_wconf 85' lang='lat' dir='ltr'><strong>unuin</strong></span> <span class='ocrx_word' id='word_1_249' title='bbox 723 2937 746 2984; x_wconf 94' lang='lat' dir='ltr'><strong>b.</strong></span> <span class='ocrx_word' id='word_1_250' title='bbox 765 2937 806 2986; x_wconf 88' lang='lat' dir='ltr'><strong>Sic</strong></span> <span class='ocrx_word' id='word_1_251' title='bbox 818 2936 851 2985; x_wconf 83' lang='lat' dir='ltr'><strong>lla</strong></span> <span class='ocrx_word' id='word_1_252' title='bbox 868 2937 984 3000; x_wconf 81' lang='lat' dir='ltr'><strong>.Seguer.</strong></span> <span class='ocrx_word' id='word_1_253' title='bbox 997 2934 1095 2987; x_wconf 83' lang='lat' dir='ltr'><strong>Goblsr.</strong></span> <span class='ocrx_word' id='word_1_254' title='bbox 1104 2935 1241 2986; x_wconf 84' lang='lat' dir='ltr'><strong>etFelcltm.</strong></span> <span class='ocrx_word' id='word_1_255' title='bbox 1253 2935 1276 2985; x_wconf 92' lang='lat' dir='ltr'><strong>l.</strong></span> 
     </span>
     <span class='ocr_line' id='line_1_25' title="bbox 48 2994 1275 3120; baseline 0.001 -70"><span class='ocrx_word' id='word_1_256' title='bbox 48 2999 181 3050; x_wconf 77' lang='lat' dir='ltr'><strong>alterumve</strong></span> <span class='ocrx_word' id='word_1_257' title='bbox 205 3003 309 3053; x_wconf 81' lang='lat' dir='ltr'><strong>sufficiat</strong></span> <span class='ocrx_word' id='word_1_258' title='bbox 338 3017 365 3052; x_wconf 83' lang='lat' dir='ltr'><strong>ar</strong></span> <span class='ocrx_word' id='word_1_259' title='bbox 388 3003 481 3053; x_wconf 88' lang='lat' dir='ltr'><strong>lsidoro</strong></span> <span class='ocrx_word' id='word_1_260' title='bbox 506 3017 637 3120; x_wconf 82' lang='lat' dir='ltr'><strong>apponere.</strong></span> <span class='ocrx_word' id='word_1_261' title='bbox 687 3002 749 3052; x_wconf 84' lang='lat' dir='ltr'><strong>Editi</strong></span> <span class='ocrx_word' id='word_1_262' title='bbox 768 3018 824 3053; x_wconf 89' lang='lat' dir='ltr'><strong>reru</strong></span> <span class='ocrx_word' id='word_1_263' title='bbox 846 2996 913 3071; x_wconf 75' lang='lat' dir='ltr'><strong>vulp</strong></span> <span class='ocrx_word' id='word_1_264' title='bbox 938 2997 1107 3070; x_wconf 64' lang='lat' dir='ltr'><strong>scindapsus</strong></span> <span class='ocrx_word' id='word_1_265' title='bbox 1125 2994 1275 3063; x_wconf 70' lang='grc' dir='ltr'><em>δοθήσεται</em></span> 
     </span>
     <span class='ocr_line' id='line_1_26' title="bbox 47 3064 1245 3135; baseline 0.001 -17"><span class='ocrx_word' id='word_1_266' title='bbox 47 3067 157 3118; x_wconf 80' lang='lat' dir='ltr'><strong>Primuan</strong></span> <span class='ocrx_word' id='word_1_267' title='bbox 176 3084 203 3118; x_wconf 81' lang='lat' dir='ltr'><strong>ax</strong></span> <span class='ocrx_word' id='word_1_268' title='bbox 222 3070 262 3119; x_wconf 89' lang='lat' dir='ltr'><strong>lib.</strong></span> <span class='ocrx_word' id='word_1_269' title='bbox 276 3071 297 3120; x_wconf 92' lang='lat' dir='ltr'><strong>l.</strong></span> <span class='ocrx_word' id='word_1_270' title='bbox 315 3072 391 3135; x_wconf 82' lang='lat' dir='ltr'><strong>Epist.</strong></span> <span class='ocrx_word' id='word_1_271' title='bbox 407 3072 460 3121; x_wconf 84' lang='lat'>109.</span> <span class='ocrx_word' id='word_1_272' title='bbox 471 3064 516 3119; x_wconf 79' lang='grc' dir='ltr'><strong>καὶ</strong></span> <span class='ocrx_word' id='word_1_273' title='bbox 546 3065 577 3118; x_wconf 80' lang='grc' dir='ltr'><strong>πὶ</strong></span> <span class='ocrx_word' id='word_1_274' title='bbox 589 3068 638 3129; x_wconf 77' lang='grc' dir='ltr'><strong>τῆς</strong></span> <span class='ocrx_word' id='word_1_275' title='bbox 686 3065 781 3135; x_wconf 76' lang='grc' dir='ltr'><strong><em>τροφή</em></strong></span> <span class='ocrx_word' id='word_1_276' title='bbox 798 3073 896 3122; x_wconf 87' lang='lat' dir='ltr'><strong>omissis</strong></span> <span class='ocrx_word' id='word_1_277' title='bbox 914 3071 1005 3121; x_wconf 88' lang='lat' dir='ltr'><strong>multia.</strong></span> <span class='ocrx_word' id='word_1_278' title='bbox 1242 3110 1245 3119; x_wconf 94' lang='lat'>.</span> 
     </span>
     <span class='ocr_line' id='line_1_27' title="bbox 46 3130 1272 3218; baseline 0.001 -35"><span class='ocrx_word' id='word_1_279' title='bbox 46 3130 183 3201; x_wconf 63' lang='grc' dir='ltr'><strong>τραπέζης</strong></span> <span class='ocrx_word' id='word_1_280' title='bbox 205 3136 400 3203; x_wconf 63' lang='lat' dir='ltr'><strong>virgiacensis</strong></span> <span class='ocrx_word' id='word_1_281' title='bbox 417 3133 467 3186; x_wconf 83' lang='grc' dir='ltr'><strong>τὸν</strong></span> <span class='ocrx_word' id='word_1_282' title='bbox 484 3131 570 3218; x_wconf 74' lang='lat' dir='ltr'><strong>ripuar</strong></span> <span class='ocrx_word' id='word_1_283' title='bbox 588 3133 638 3187; x_wconf 83' lang='grc' dir='ltr'><strong>τὸν</strong></span> <span class='ocrx_word' id='word_1_284' title='bbox 720 3155 742 3189; x_wconf 86' lang='lat' dir='ltr'><strong>c.</strong></span> <span class='ocrx_word' id='word_1_285' title='bbox 762 3140 860 3191; x_wconf 84' lang='lat' dir='ltr'><strong>Gobler.</strong></span> <span class='ocrx_word' id='word_1_286' title='bbox 878 3148 902 3190; x_wconf 86' lang='lat' dir='ltr'><strong>et</strong></span> <span class='ocrx_word' id='word_1_287' title='bbox 919 3139 1024 3190; x_wconf 80' lang='lat' dir='ltr'><strong>l&#39;eleltm.</strong></span> <span class='ocrx_word' id='word_1_288' title='bbox 1036 3139 1059 3189; x_wconf 88' lang='lat' dir='ltr'><strong>i.</strong></span> <span class='ocrx_word' id='word_1_289' title='bbox 1075 3151 1113 3186; x_wconf 78' lang='grc' dir='ltr'><strong>πν</strong></span> <span class='ocrx_word' id='word_1_290' title='bbox 1200 3136 1272 3192; x_wconf 74' lang='lat' dir='ltr'><strong>ude.</strong></span> 
     </span>
     <span class='ocr_line' id='line_1_28' title="bbox 45 3196 1275 3273; baseline 0.004 -22"><span class='ocrx_word' id='word_1_291' title='bbox 45 3196 152 3258; x_wconf 73' lang='grc' dir='ltr'><strong>κοινὸν,</strong></span> <span class='ocrx_word' id='word_1_292' title='bbox 173 3202 253 3270; x_wconf 77' lang='grc' dir='ltr'><strong>σῶμα</strong></span> <span class='ocrx_word' id='word_1_293' title='bbox 273 3198 360 3255; x_wconf 78' lang='grc' dir='ltr'><em>ἰδικὸν</em></span> <span class='ocrx_word' id='word_1_294' title='bbox 377 3205 425 3265; x_wconf 71' lang='grc' dir='ltr'><strong>τῆς</strong></span> <span class='ocrx_word' id='word_1_295' title='bbox 437 3198 520 3254; x_wconf 77' lang='lat' dir='ltr'><strong>odron</strong></span> <span class='ocrx_word' id='word_1_296' title='bbox 533 3198 637 3273; x_wconf 71' lang='lat' dir='ltr'><strong>capad—</strong></span> <span class='ocrx_word' id='word_1_297' title='bbox 687 3207 742 3269; x_wconf 84' lang='lat' dir='ltr'><strong>lleg.</strong></span> <span class='ocrx_word' id='word_1_298' title='bbox 756 3214 779 3256; x_wconf 85' lang='lat' dir='ltr'><strong>et</strong></span> <span class='ocrx_word' id='word_1_299' title='bbox 788 3208 888 3270; x_wconf 83' lang='lat' dir='ltr'><strong>Seguer.</strong></span> <span class='ocrx_word' id='word_1_300' title='bbox 897 3203 1097 3273; x_wconf 77' lang='grc' dir='ltr'><strong>πνευματικῶν,</strong></span> <span class='ocrx_word' id='word_1_301' title='bbox 1117 3220 1140 3257; x_wconf 84' lang='lat' dir='ltr'><strong>m</strong></span> <span class='ocrx_word' id='word_1_302' title='bbox 1151 3221 1196 3257; x_wconf 87' lang='lat' dir='ltr'><strong>uus</strong></span> <span class='ocrx_word' id='word_1_303' title='bbox 1209 3215 1275 3257; x_wconf 85' lang='lat' dir='ltr'><strong>recte</strong></span> 
     </span>
     <span class='ocr_line' id='line_1_29' title="bbox 47 3264 1275 3339; baseline 0.007 -21"><span class='ocrx_word' id='word_1_304' title='bbox 47 3282 120 3324; x_wconf 74' lang='grc' dir='ltr'><strong><em>σεως</em></strong></span> <span class='ocrx_word' id='word_1_305' title='bbox 136 3264 303 3337; x_wconf 73' lang='grc' dir='ltr'><em>ἀποφαῖνον.</em></span> <span class='ocrx_word' id='word_1_306' title='bbox 347 3277 375 3324; x_wconf 76' lang='lat' dir='ltr'><strong>Et</strong></span> <span class='ocrx_word' id='word_1_307' title='bbox 398 3278 423 3324; x_wconf 86' lang='lat' dir='ltr'><strong>io</strong></span> <span class='ocrx_word' id='word_1_308' title='bbox 439 3276 535 3337; x_wconf 73' lang='lat' dir='ltr'><strong>Mystico</strong></span> <span class='ocrx_word' id='word_1_309' title='bbox 558 3290 638 3325; x_wconf 79' lang='lat' dir='ltr'><strong>messa</strong></span> <span class='ocrx_word' id='word_1_310' title='bbox 686 3275 709 3324; x_wconf 91' lang='lat' dir='ltr'><strong>ni</strong></span> <span class='ocrx_word' id='word_1_311' title='bbox 730 3275 809 3325; x_wconf 85' lang='lat' dir='ltr'><strong>lallor.</strong></span> <span class='ocrx_word' id='word_1_312' title='bbox 849 3275 910 3327; x_wconf 88' lang='lat' dir='ltr'><strong>lbld.</strong></span> <span class='ocrx_word' id='word_1_313' title='bbox 929 3276 986 3339; x_wconf 83' lang='lat' dir='ltr'><strong>lieg.</strong></span> <span class='ocrx_word' id='word_1_314' title='bbox 1010 3276 1110 3338; x_wconf 86' lang='lat' dir='ltr'><strong>Segoer.</strong></span> <span class='ocrx_word' id='word_1_315' title='bbox 1135 3275 1232 3326; x_wconf 83' lang='lat' dir='ltr'><strong>Gobler.</strong></span> <span class='ocrx_word' id='word_1_316' title='bbox 1250 3282 1275 3326; x_wconf 88' lang='lat' dir='ltr'><strong>et</strong></span> 
     </span>
     <span class='ocr_line' id='line_1_30' title="bbox 45 3334 1221 3421; baseline 0.001 -32"><span class='ocrx_word' id='word_1_317' title='bbox 45 3344 189 3391; x_wconf 74' lang='lat' dir='ltr'><strong>commoneris</strong></span> <span class='ocrx_word' id='word_1_318' title='bbox 219 3359 301 3406; x_wconf 83' lang='lat' dir='ltr'><strong>praem</strong></span> <span class='ocrx_word' id='word_1_319' title='bbox 325 3345 444 3408; x_wconf 83' lang='lat' dir='ltr'><strong>proprium</strong></span> <span class='ocrx_word' id='word_1_320' title='bbox 468 3344 636 3421; x_wconf 80' lang='lat' dir='ltr'><strong>lacuscutioais</strong></span> <span class='ocrx_word' id='word_1_321' title='bbox 686 3342 792 3393; x_wconf 80' lang='lat' dir='ltr'><strong>Felelrm.</strong></span> <span class='ocrx_word' id='word_1_322' title='bbox 808 3343 830 3393; x_wconf 93' lang='lat' dir='ltr'><strong>l.</strong></span> <span class='ocrx_word' id='word_1_323' title='bbox 849 3334 922 3397; x_wconf 74' lang='lat' dir='ltr'><strong>aicta.</strong></span> <span class='ocrx_word' id='word_1_324' title='bbox 965 3344 1027 3393; x_wconf 81' lang='lat' dir='ltr'><strong>Edlti</strong></span> <span class='ocrx_word' id='word_1_325' title='bbox 1045 3351 1069 3393; x_wconf 87' lang='lat' dir='ltr'><strong>et</strong></span> <span class='ocrx_word' id='word_1_326' title='bbox 1085 3344 1160 3401; x_wconf 80' lang='lat' dir='ltr'><strong>ceteri</strong></span> <span class='ocrx_word' id='word_1_327' title='bbox 1176 3334 1221 3396; x_wconf 73' lang='lat' dir='ltr'><strong>uic.</strong></span> 
     </span>
     <span class='ocr_line' id='line_1_31' title="bbox 44 3402 1226 3545; baseline 0.002 -19"><span class='ocrx_word' id='word_1_328' title='bbox 44 3409 637 3545; x_wconf 71' lang='grc'>333333333333</span> <span class='ocrx_word' id='word_1_329' title='bbox 720 3410 1066 3543; x_wconf 53' lang='lat' dir='ltr'><strong>assultuum·</strong></span> <span class='ocrx_word' id='word_1_330' title='bbox 1083 3402 1226 3531; x_wconf 75' lang='grc'><strong>333</strong></span> 
     </span>
     <span class='ocr_line' id='line_1_32' title="bbox 43 3538 1274 3683; baseline 0.003 -24"><span class='ocrx_word' id='word_1_331' title='bbox 43 3538 401 3682; x_wconf 59' lang='lat' dir='ltr'><strong>tttltttlttitttta</strong></span> <span class='ocrx_word' id='word_1_332' title='bbox 423 3544 636 3681; x_wconf 53' lang='lat' dir='ltr'><strong>“bilbili</strong></span> <span class='ocrx_word' id='word_1_333' title='bbox 685 3544 799 3682; x_wconf 63' lang='lat' dir='ltr'><strong>{litt</strong></span> <span class='ocrx_word' id='word_1_334' title='bbox 815 3547 879 3681; x_wconf 68' lang='lat' dir='ltr'><strong>lli·</strong></span> <span class='ocrx_word' id='word_1_335' title='bbox 893 3546 1274 3683; x_wconf 67' lang='lat' dir='ltr'><strong>,ltbtt‘ltttlitt‘t</strong></span> 
     </span>
     <span class='ocr_line' id='line_1_33' title="bbox 42 3674 1273 3749; baseline -0.002 -19"><span class='ocrx_word' id='word_1_336' title='bbox 42 3682 533 3746; x_wconf 69' lang='lat' dir='ltr'><strong>tionispuseoaiosiodooesooetifieootes,</strong></span> <span class='ocrx_word' id='word_1_337' title='bbox 551 3684 637 3734; x_wconf 75' lang='lat' dir='ltr'><strong>Gloriata&#39;</strong></span> <span class='ocrx_word' id='word_1_338' title='bbox 684 3681 792 3749; x_wconf 72' lang='lat' dir='ltr'><strong>metipsos</strong></span> <span class='ocrx_word' id='word_1_339' title='bbox 808 3674 970 3747; x_wconf 69' lang='grc' dir='ltr'><em>προσώπων.</em></span> <span class='ocrx_word' id='word_1_340' title='bbox 998 3683 1060 3734; x_wconf 86' lang='lat' dir='ltr'><strong>Editi</strong></span> <span class='ocrx_word' id='word_1_341' title='bbox 1073 3691 1097 3733; x_wconf 89' lang='lat' dir='ltr'><strong>et</strong></span> <span class='ocrx_word' id='word_1_342' title='bbox 1111 3684 1151 3733; x_wconf 85' lang='lat' dir='ltr'><strong>alli</strong></span> <span class='ocrx_word' id='word_1_343' title='bbox 1164 3680 1273 3747; x_wconf 78' lang='grc' dir='ltr'><em>πνεῦμα</em></span> 
     </span>
     <span class='ocr_line' id='line_1_34' title="bbox 43 3743 1273 3818; baseline -0.002 -19"><span class='ocrx_word' id='word_1_344' title='bbox 43 3763 131 3812; x_wconf 77' lang='lat' dir='ltr'><strong>eorpus</strong></span> <span class='ocrx_word' id='word_1_345' title='bbox 149 3750 199 3798; x_wconf 84' lang='lat' dir='ltr'><strong>siue</strong></span> <span class='ocrx_word' id='word_1_346' title='bbox 216 3751 359 3801; x_wconf 82' lang='lat' dir='ltr'><strong>dubitatione</strong></span> <span class='ocrx_word' id='word_1_347' title='bbox 373 3754 506 3815; x_wconf 79' lang='lat' dir='ltr'><strong>reperimus.</strong></span> <span class='ocrx_word' id='word_1_348' title='bbox 542 3753 635 3811; x_wconf 82' lang='lat' dir='ltr'><strong>Quibus</strong></span> <span class='ocrx_word' id='word_1_349' title='bbox 685 3743 831 3818; x_wconf 73' lang='lat' dir='ltr'><strong>npocuinoo</strong></span> <span class='ocrx_word' id='word_1_350' title='bbox 849 3760 872 3801; x_wconf 89' lang='lat' dir='ltr'><strong>et</strong></span> <span class='ocrx_word' id='word_1_351' title='bbox 883 3751 1032 3803; x_wconf 80' lang='lat' dir='ltr'><strong>sicdraecos</strong></span> <span class='ocrx_word' id='word_1_352' title='bbox 1043 3751 1273 3801; x_wconf 77' lang='lat' dir='ltr'><strong>llicremiaetsstua.</strong></span> 
     </span>
     <span class='ocr_line' id='line_1_35' title="bbox 42 3814 1272 3883; baseline -0.002 -16"><span class='ocrx_word' id='word_1_353' title='bbox 42 3817 104 3880; x_wconf 87' lang='lat' dir='ltr'><strong>quid</strong></span> <span class='ocrx_word' id='word_1_354' title='bbox 123 3814 252 3880; x_wconf 73' lang='lat' dir='ltr'><strong>apertius?</strong></span> <span class='ocrx_word' id='word_1_355' title='bbox 720 3820 737 3868; x_wconf 86' lang='lat' dir='ltr'><strong>l.</strong></span> <span class='ocrx_word' id='word_1_356' title='bbox 755 3820 796 3868; x_wconf 86' lang='lat' dir='ltr'><strong>Sic</strong></span> <span class='ocrx_word' id='word_1_357' title='bbox 813 3818 870 3868; x_wconf 88' lang='lat' dir='ltr'><strong>editi</strong></span> <span class='ocrx_word' id='word_1_358' title='bbox 888 3826 914 3869; x_wconf 90' lang='lat' dir='ltr'><strong>st</strong></span> <span class='ocrx_word' id='word_1_359' title='bbox 929 3819 1025 3883; x_wconf 88' lang='lat' dir='ltr'><strong>quidam</strong></span> <span class='ocrx_word' id='word_1_360' title='bbox 1044 3816 1234 3878; x_wconf 81' lang='lat' dir='ltr'><strong>codd.rscta,lt</strong></span> <span class='ocrx_word' id='word_1_361' title='bbox 1265 3851 1272 3864; x_wconf 91' lang='lat'><strong>.</strong></span> 
     </span>
    </p>

    <p class='ocr_par' dir='ltr' id='par_1_6' title="bbox 40 3874 1274 4225">
     <span class='ocr_line' id='line_1_36' title="bbox 78 3874 1272 3947; baseline 0.002 -15"><span class='ocrx_word' id='word_1_362' title='bbox 78 3884 156 3933; x_wconf 81' lang='lat' dir='ltr'><strong>Porro</strong></span> <span class='ocrx_word' id='word_1_363' title='bbox 176 3886 255 3936; x_wconf 88' lang='lat' dir='ltr'><strong>minus</strong></span> <span class='ocrx_word' id='word_1_364' title='bbox 272 3893 338 3936; x_wconf 84' lang='lat' dir='ltr'><strong>recte</strong></span> <span class='ocrx_word' id='word_1_365' title='bbox 351 3886 419 3935; x_wconf 83' lang='lat' dir='ltr'><strong>Card.</strong></span> <span class='ocrx_word' id='word_1_366' title='bbox 432 3882 560 3936; x_wconf 70' lang='lat' dir='ltr'><strong>Peirouius</strong></span> <span class='ocrx_word' id='word_1_367' title='bbox 571 3887 636 3936; x_wconf 84' lang='lat' dir='ltr'><strong>bunc</strong></span> <span class='ocrx_word' id='word_1_368' title='bbox 685 3901 741 3936; x_wconf 81' lang='lat' dir='ltr'><strong>raro</strong></span> <span class='ocrx_word' id='word_1_369' title='bbox 760 3887 859 3947; x_wconf 84' lang='lat' dir='ltr'><strong>Segoer.</strong></span> <span class='ocrx_word' id='word_1_370' title='bbox 877 3887 974 3937; x_wconf 84' lang='lat' dir='ltr'><strong>(loblar.</strong></span> <span class='ocrx_word' id='word_1_371' title='bbox 994 3895 1018 3936; x_wconf 89' lang='lat' dir='ltr'><strong>at</strong></span> <span class='ocrx_word' id='word_1_372' title='bbox 1035 3886 1141 3935; x_wconf 72' lang='lat' dir='ltr'><strong>aetatu.</strong></span> <span class='ocrx_word' id='word_1_373' title='bbox 1159 3885 1180 3934; x_wconf 88' lang='lat' dir='ltr'><strong>l.</strong></span> <span class='ocrx_word' id='word_1_374' title='bbox 1196 3874 1228 3933; x_wconf 74' lang='lat' dir='ltr'><strong>ln</strong></span> <span class='ocrx_word' id='word_1_375' title='bbox 1254 3898 1272 3942; x_wconf 77' lang='lat' dir='ltr'><strong>ra</strong></span> 
     </span>
     <span class='ocr_line' id='line_1_37' title="bbox 41 3944 1274 4013; baseline -0.001 -13"><span class='ocrx_word' id='word_1_376' title='bbox 41 3950 184 4001; x_wconf 72' lang='lat' dir='ltr'><strong>Tractatum</strong></span> <span class='ocrx_word' id='word_1_377' title='bbox 208 3954 336 4004; x_wconf 82' lang='lat' dir='ltr'><strong>ltbaoasio</strong></span> <span class='ocrx_word' id='word_1_378' title='bbox 362 3954 516 4003; x_wconf 83' lang='lat' dir='ltr'><strong>abiudicavit:</strong></span> <span class='ocrx_word' id='word_1_379' title='bbox 546 3968 573 4003; x_wconf 85' lang='lat' dir='ltr'><strong>er</strong></span> <span class='ocrx_word' id='word_1_380' title='bbox 597 3956 634 4003; x_wconf 86' lang='lat' dir='ltr'><strong>bis</strong></span> <span class='ocrx_word' id='word_1_381' title='bbox 684 3947 784 4002; x_wconf 77' lang='lat' dir='ltr'><strong>radron</strong></span> <span class='ocrx_word' id='word_1_382' title='bbox 810 3947 893 4013; x_wconf 72' lang='grc' dir='ltr'><strong><em>δῆλον</em></strong></span> <span class='ocrx_word' id='word_1_383' title='bbox 915 3945 950 4002; x_wconf 78' lang='grc' dir='ltr'><strong>ἂν</strong></span> <span class='ocrx_word' id='word_1_384' title='bbox 972 3945 1012 4013; x_wconf 76' lang='grc' dir='ltr'><strong>εἴη</strong></span> <span class='ocrx_word' id='word_1_385' title='bbox 1042 3945 1139 4001; x_wconf 75' lang='grc' dir='ltr'><strong><em>λοιπὸν</em></strong></span> <span class='ocrx_word' id='word_1_386' title='bbox 1166 3944 1274 4011; x_wconf 64' lang='grc' dir='ltr'><strong>(λοιπήν</strong></span> 
     </span>
     <span class='ocr_line' id='line_1_38' title="bbox 41 4016 1272 4083; baseline -0.002 -15"><span class='ocrx_word' id='word_1_387' title='bbox 41 4019 126 4079; x_wconf 79' lang='lat' dir='ltr'><strong>enim,</strong></span> <span class='ocrx_word' id='word_1_388' title='bbox 153 4035 215 4083; x_wconf 80' lang='lat' dir='ltr'><strong>quae</strong></span> <span class='ocrx_word' id='word_1_389' title='bbox 238 4021 260 4070; x_wconf 88' lang='lat' dir='ltr'><strong>ln</strong></span> <span class='ocrx_word' id='word_1_390' title='bbox 284 4022 374 4072; x_wconf 88' lang='lat' dir='ltr'><strong>llooito</strong></span> <span class='ocrx_word' id='word_1_391' title='bbox 397 4023 512 4080; x_wconf 83' lang='lat' dir='ltr'><strong>diximus,</strong></span> <span class='ocrx_word' id='word_1_392' title='bbox 541 4029 636 4072; x_wconf 72' lang='lat' dir='ltr'><strong>roosut</strong></span> <span class='ocrx_word' id='word_1_393' title='bbox 686 4024 754 4073; x_wconf 85' lang='lat' dir='ltr'><strong>deest</strong></span> <span class='ocrx_word' id='word_1_394' title='bbox 772 4022 795 4071; x_wconf 93' lang='lat' dir='ltr'><strong>in</strong></span> <span class='ocrx_word' id='word_1_395' title='bbox 815 4022 912 4072; x_wconf 81' lang='lat' dir='ltr'><strong>Gobler.</strong></span> <span class='ocrx_word' id='word_1_396' title='bbox 929 4021 1114 4081; x_wconf 63' lang='lat' dir='ltr'><strong>aldelmi.)</strong></span> <span class='ocrx_word' id='word_1_397' title='bbox 1131 4018 1190 4072; x_wconf 74' lang='lat' dir='ltr'><strong>sols</strong></span> <span class='ocrx_word' id='word_1_398' title='bbox 1204 4016 1272 4066; x_wconf 76' lang='grc' dir='ltr'><strong>πᾶσι</strong></span> 
     </span>
     <span class='ocr_line' id='line_1_39' title="bbox 40 4079 1272 4206; baseline -0.002 -71"><span class='ocrx_word' id='word_1_399' title='bbox 40 4087 97 4136; x_wconf 81' lang='lat' dir='ltr'><strong>siaa</strong></span> <span class='ocrx_word' id='word_1_400' title='bbox 123 4101 177 4137; x_wconf 83' lang='lat' dir='ltr'><strong>esso</strong></span> <span class='ocrx_word' id='word_1_401' title='bbox 201 4103 341 4150; x_wconf 87' lang='lat' dir='ltr'><strong>germanum</strong></span> <span class='ocrx_word' id='word_1_402' title='bbox 365 4093 448 4140; x_wconf 79' lang='lat' dir='ltr'><strong>return.</strong></span> <span class='ocrx_word' id='word_1_403' title='bbox 465 4090 536 4148; x_wconf 57' lang='grc' dir='ltr'><strong>«θυι</strong></span> <span class='ocrx_word' id='word_1_404' title='bbox 560 4090 590 4140; x_wconf 90' lang='lat' dir='ltr'><strong>de</strong></span> <span class='ocrx_word' id='word_1_405' title='bbox 607 4103 634 4139; x_wconf 87' lang='lat' dir='ltr'><strong>ra</strong></span> <span class='ocrx_word' id='word_1_406' title='bbox 685 4084 717 4138; x_wconf 79' lang='lat' dir='ltr'><strong>ad</strong></span> <span class='ocrx_word' id='word_1_407' title='bbox 735 4082 1026 4206; x_wconf 39' lang='lat' dir='ltr'><strong>sdupyaludr&#39;ppriv·</strong></span> <span class='ocrx_word' id='word_1_408' title='bbox 1050 4079 1095 4136; x_wconf 68' lang='lat' dir='ltr'><strong>dra</strong></span> <span class='ocrx_word' id='word_1_409' title='bbox 1110 4081 1161 4137; x_wconf 76' lang='grc' dir='ltr'><strong>τὸν</strong></span> <span class='ocrx_word' id='word_1_410' title='bbox 1175 4080 1272 4153; x_wconf 71' lang='grc' dir='ltr'><strong><em>κύριον</em></strong></span> 
     </span>
     <span class='ocr_line' id='line_1_40' title="bbox 40 4151 1271 4225; baseline -0.001 -20"><span class='ocrx_word' id='word_1_411' title='bbox 40 4153 153 4205; x_wconf 83' lang='lat' dir='ltr'><strong>eruditus</strong></span> <span class='ocrx_word' id='word_1_412' title='bbox 172 4170 242 4205; x_wconf 85' lang='lat' dir='ltr'><strong>uerno</strong></span> <span class='ocrx_word' id='word_1_413' title='bbox 261 4158 308 4221; x_wconf 85' lang='lat' dir='ltr'><strong>iam</strong></span> <span class='ocrx_word' id='word_1_414' title='bbox 324 4160 429 4220; x_wconf 85' lang='lat' dir='ltr'><strong>ambigit.</strong></span> <span class='ocrx_word' id='word_1_415' title='bbox 684 4151 758 4225; x_wconf 77' lang='grc' dir='ltr'><strong>ὁρῶν</strong></span> <span class='ocrx_word' id='word_1_416' title='bbox 774 4172 791 4217; x_wconf 74' lang='lat' dir='ltr'><strong>ap</strong></span> <span class='ocrx_word' id='word_1_417' title='bbox 808 4151 855 4207; x_wconf 81' lang='lat' dir='ltr'><strong>stol</strong></span> <span class='ocrx_word' id='word_1_418' title='bbox 869 4170 921 4223; x_wconf 71' lang='grc' dir='ltr'><strong>περ</strong></span> <span class='ocrx_word' id='word_1_419' title='bbox 955 4157 1063 4220; x_wconf 81' lang='lat' dir='ltr'><strong>(Goblsr.</strong></span> <span class='ocrx_word' id='word_1_420' title='bbox 1081 4165 1105 4206; x_wconf 91' lang='lat' dir='ltr'><strong>et</strong></span> <span class='ocrx_word' id='word_1_421' title='bbox 1122 4155 1227 4205; x_wconf 82' lang='lat' dir='ltr'><strong>Felclru.</strong></span> <span class='ocrx_word' id='word_1_422' title='bbox 1248 4155 1271 4205; x_wconf 91' lang='lat' dir='ltr'><strong>l.</strong></span> 
     </span>
    </p>

    <p class='ocr_par' dir='ltr' id='par_1_7' title="bbox 30 4217 1272 4576">
     <span class='ocr_line' id='line_1_41' title="bbox 76 4217 1272 4293; baseline 0.001 -21"><span class='ocrx_word' id='word_1_423' title='bbox 76 4222 106 4273; x_wconf 90' lang='lat' dir='ltr'><strong>lo</strong></span> <span class='ocrx_word' id='word_1_424' title='bbox 123 4223 172 4273; x_wconf 90' lang='lat' dir='ltr'><strong>boc</strong></span> <span class='ocrx_word' id='word_1_425' title='bbox 188 4232 267 4275; x_wconf 88' lang='lat' dir='ltr'><strong>autern</strong></span> <span class='ocrx_word' id='word_1_426' title='bbox 287 4228 474 4290; x_wconf 82' lang='lat' dir='ltr'><strong>operespiritas</strong></span> <span class='ocrx_word' id='word_1_427' title='bbox 488 4224 633 4277; x_wconf 78' lang='lat' dir='ltr'><strong>nominarii·</strong></span> <span class='ocrx_word' id='word_1_428' title='bbox 683 4217 699 4286; x_wconf 78' lang='grc' dir='ltr'><strong><em>ἢ</em></strong></span> <span class='ocrx_word' id='word_1_429' title='bbox 719 4219 754 4274; x_wconf 75' lang='grc' dir='ltr'><strong>τὰ</strong></span> <span class='ocrx_word' id='word_1_430' title='bbox 763 4220 841 4293; x_wconf 66' lang='lat' dir='ltr'><strong>breui)</strong></span> <span class='ocrx_word' id='word_1_431' title='bbox 852 4219 962 4279; x_wconf 77' lang='lat' dir='ltr'><strong>‚lucrosi</strong></span> <span class='ocrx_word' id='word_1_432' title='bbox 979 4217 1179 4291; x_wconf 72' lang='grc' dir='ltr'><strong>διαλεγόμενος.</strong></span> <span class='ocrx_word' id='word_1_433' title='bbox 1218 4221 1272 4273; x_wconf 71' lang='lat' dir='ltr'><strong>lox</strong></span> 
     </span>
     <span class='ocr_line' id='line_1_42' title="bbox 38 4284 1272 4419; baseline -0.002 -11"><span class='ocrx_word' id='word_1_434' title='bbox 38 4289 166 4409; x_wconf 84' lang='grc'><strong>333</strong></span> <span class='ocrx_word' id='word_1_435' title='bbox 180 4291 518 4419; x_wconf 80' lang='grc'>3333</span> <span class='ocrx_word' id='word_1_436' title='bbox 534 4300 633 4411; x_wconf 78' lang='lat' dir='ltr'><strong>:rr</strong></span> <span class='ocrx_word' id='word_1_437' title='bbox 683 4295 741 4413; x_wconf 87' lang='grc'><strong>3·</strong></span> <span class='ocrx_word' id='word_1_438' title='bbox 758 4284 1172 4415; x_wconf 77' lang='grc'>3333333333</span> <span class='ocrx_word' id='word_1_439' title='bbox 1208 4290 1272 4406; x_wconf 73' lang='lat' dir='ltr'><strong>ee</strong></span> 
     </span>
     <span class='ocr_line' id='line_1_43' title="bbox 30 4374 1165 4549; baseline 0.011 -82"><span class='ocrx_word' id='word_1_440' title='bbox 30 4427 73 4477; x_wconf 79' lang='lat' dir='ltr'><strong>sis</strong></span> <span class='ocrx_word' id='word_1_441' title='bbox 97 4397 180 4479; x_wconf 77' lang='lat' dir='ltr'><strong>Patrib</strong></span> <span class='ocrx_word' id='word_1_442' title='bbox 236 4428 411 4494; x_wconf 71' lang='lat' dir='ltr'><strong>antiquioribus</strong></span> <span class='ocrx_word' id='word_1_443' title='bbox 435 4377 567 4483; x_wconf 59' lang='lat' dir='ltr'><strong>additarum</strong></span> <span class='ocrx_word' id='word_1_444' title='bbox 591 4444 632 4479; x_wconf 83' lang='lat' dir='ltr'><strong>ra·</strong></span> <span class='ocrx_word' id='word_1_445' title='bbox 683 4374 974 4549; x_wconf 42' lang='lat' dir='ltr'><strong>&amp;fintenussp&#39;l‘ui&#39;</strong></span> <span class='ocrx_word' id='word_1_446' title='bbox 1028 4420 1037 4439; x_wconf 93' lang='lat'><em>&#39;</em></span> <span class='ocrx_word' id='word_1_447' title='bbox 1122 4393 1129 4410; x_wconf 48' lang='lat'>&#39;</span> <span class='ocrx_word' id='word_1_448' title='bbox 1154 4394 1165 4421; x_wconf 34' lang='grc' dir='ltr'>ὐ</span> 
     </span>
     <span class='ocr_line' id='line_1_44' title="bbox 38 4492 886 4575; baseline 0.005 -30"><span class='ocrx_word' id='word_1_449' title='bbox 38 4492 160 4575; x_wconf 66' lang='grc' dir='ltr'><strong>ίοηημι</strong></span> <span class='ocrx_word' id='word_1_450' title='bbox 201 4497 221 4547; x_wconf 88' lang='lat' dir='ltr'><strong>ri</strong></span> <span class='ocrx_word' id='word_1_451' title='bbox 239 4498 263 4548; x_wconf 89' lang='lat' dir='ltr'><strong>io</strong></span> <span class='ocrx_word' id='word_1_452' title='bbox 282 4496 432 4549; x_wconf 77' lang='lat' dir='ltr'><strong>Praelatioos</strong></span> <span class='ocrx_word' id='word_1_453' title='bbox 448 4496 573 4550; x_wconf 81' lang='lat' dir='ltr'><strong>rdllilsrii</strong></span> <span class='ocrx_word' id='word_1_454' title='bbox 585 4510 632 4549; x_wconf 87' lang='lat' dir='ltr'><strong>oa·</strong></span> <span class='ocrx_word' id='word_1_455' title='bbox 682 4492 766 4567; x_wconf 64' lang='lat' dir='ltr'><strong>Sais.)</strong></span> <span class='ocrx_word' id='word_1_456' title='bbox 782 4509 886 4567; x_wconf 72' lang='lat' dir='ltr'><strong>upana</strong></span> 
     </span>
    </p>
   </div>
   <div class='ocr_carea' id='block_1_5' title="bbox 0 0 1472 5078">
    <p class='ocr_par' dir='ltr' id='par_1_8' title="bbox 0 0 1472 5078">
     <span class='ocr_line' id='line_1_45' title="bbox 0 0 1472 5078; baseline 0 9"><span class='ocrx_word' id='word_1_457' title='bbox 0 0 1472 5078; x_wconf 95' lang='lat' dir='ltr'><strong> </strong></span> 
     </span>
    </p>
   </div>
  </div>
 </body>
</html>
