2934 5078
191 230 254 297 ⁰88
456 212 468 239 ’
588 244 615 288 ο.
630 244 784 289 numen
799 244 1021 289 ιτεοιτυιειονι

106 392 277 480 Μλόγῳ
299 400 490 479 γέγραπται,
514 385 582 459 ἀλλ’
608 391 641 458 ἐν
664 395 710 476 τῷ
732 392 802 479 υίῷ,
826 391 940 458 καὶτὸ
963 389 1079 474 σώζειν
1094 393 1151 458 τὸν
1166 394 1292 478 κόσμον
1306 390 1411 465 ούκίτι

191 494 248 563 διά
276 498 333 561 τού
363 495 460 582 λόγου
490 493 618 580 ἐλέχθη,
643 489 727 560 άλλύ
749 492 806 560 όιά
825 497 884 559 τού
905 498 1102 580 μονογενοῦς
1124 496 1206 562 υἱοῦ.
1246 492 1323 566 εἷπε
1342 498 1409 586 γάρ,

191 603 302 686 φησίν,
327 592 501 684 όλησούς·
524 599 682 660 τοσοῦτον
702 593 821 680 χρόνον
840 591 918 679 μεθ’
942 590 1033 678 ύμῶν
1055 597 1133 680 εἰμι,
1157 604 1211 663 καί
1235 593 1296 665 ούκ
1316 588 1416 686 ύγναᾸ

106 698 250 779 νεοττός
270 723 320 785 με,
346 700 519 779 Φίλιππος
557 692 575 761 5
598 695 751 781 ἑωρακὼς
772 693 974 782 effidem
994 696 1053 764 τὸν
1074 705 1205 785 πατέρα
1214 706 1253 779 ¹),
1281 704 1336 766 ναὶ
1358 701 1411 767 τόν

191 807 321 889 πατέρα
343 801 379 868 όί
401 794 459 883 οὐχ
481 795 499 865 5
522 797 618 883 λόγος
638 802 821 884 γέγραπται
841 798 1020 884 γινώσκειν,
1046 794 1114 864 ἀλλ’
1139 795 1158 865 ό
1180 800 1291 882 υίός’),
1316 799 1411 888 ’ὁρᾶν

193 904 230 971 55
254 901 313 970 τόν
340 908 469 987 πατέρα
495 895 555 983 ούχ
576 895 595 964 5
617 897 713 985 λόγος
735 898 876 985 εἴρηται,
900 894 969 965 ἀλλ’
995 896 1013 965 5
1034 900 1212 987 μονογενὴς
1233 905 1306 983 υίὸς
1329 900 1349 970 5
1370 900 1411 971 ὢν

175 1004 240 1085 ’τίς
259 1005 317 1072 τόν
339 1004 464 1072 κόλπον
486 1004 544 1067 τοῦ
567 998 731 1085 πατρόςἿ.

276 1111 326 1174 21.
374 1112 416 1172 Τί
448 1104 485 1170 55
511 1104 614 1169 πλέον
643 1101 690 1179 εἰς
717 1107 882 1188 σωτηρίαν
909 1097 1002 1190 ἡμῶν
1032 1099 1050 1168 ό
1072 1103 1168 1189 λόγος
1189 1106 1411 1192 συμβάλλεται

190 1208 316 1293 μᾶλλον
345 1209 403 1273 τοῦ
426 1206 513 1283 υίού,
545 1205 611 1291 εἴγε
632 1197 699 1268 κατ’
725 1196 844 1282 αὐτούς
866 1200 967 1282 ἄλλος
990 1205 1080 1272 ἐστὶν
1103 1202 1121 1271 5
1144 1206 1215 1286 υίὸς
1236 1211 1293 1274 καί
1317 1207 1410 1287 ἄλλος

192 1304 210 1375 5
231 1307 328 1394 λόγος
335 1338 346 1391 ,·
382 1306 552 1374 πιστεύειν
573 1303 634 1391 γάρ
658 1300 743 1392 ἡμᾶς
766 1300 825 1371 σόκ
847 1304 895 1384 εἰς
915 1304 973 1371 τὸν
989 1306 1095 1393 λόγον,
1119 1303 1188 1374 ἄλλ)
1206 1309 1255 1389 είς
1268 1309 1329 1376 τὸν
1344 1310 1410 1377 υἱὸν

190 1409 368 1497 πρόςταξίς
396 1410 476 1477 ἐστι.
516 1407 600 1495 φησὶ
627 1405 688 1493 γὰρ
711 1401 749 1470 ι’ό
768 1401 932 1494 Ἰωάννης·
962 1403 980 1473 5
1004 1410 1171 1476 πιστεύων
1193 1411 1242 1490 εἰς
1263 1412 1323 1478 τὸν
1344 1411 1411 1479 υἱόν

190 1513 257 1597 ἔχει
279 1511 362 1600 ζωὴν
384 1511 528 1589 αἰώνιον,
553 1504 571 1574 5
593 1510 630 1575 δὲ
652 1503 808 1575 ἀπειθῶν
829 1512 877 1595 τῷ
900 1510 961 1595 υἱῷ
984 1504 1042 1575 ούκ
1065 1509 1188 1596 ὄψεται
1203 1513 1332 1602 ζωήν).
1360 1512 1412 1581 καὶ

189 1612 229 1680 τό
261 1610 355 1699 ἅγιον
388 1614 424 1679 δὲ
455 1611 644 1698 βάπτισμα,
680 1609 713 1676 ἒν
741 1598 770 1696 ᾧ
798 1609 909 1697 πάσης
930 1618 1076 1691 πίστεως
1097 1609 1189 1698 ἡμῶν
1211 1611 1231 1700 ἡ
1255 1615 1411 1694 σύστασις

191 1710 295 1801 όρμιῖ,
320 1710 377 1780 οὐκ
401 1714 447 1793 εἰς
470 1712 580 1799 λόγον,
605 1706 674 1778 ἀλλ’
700 1711 747 1790 είς
767 1717 897 1797 πατέρα
918 1717 972 1779 καί
996 1714 1067 1780 υίὸν
1089 1718 1142 1782 καί
1165 1712 1261 1802 ἅγιον
1283 1722 1411 1803 πνεῦμα

191 1817 329 1884 όίόοται.
378 1817 472 1902 αἵπερ
506 1803 564 1880 σύν
589 1808 657 1879 κατ’
683 1808 802 1893 αύτούς
829 1811 930 1893 ύλλος
957 1814 1048 1883 ἐστὶν
1071 1813 1090 1882 ό
1111 1817 1208 1904 λόγος
1236 1819 1293 1887 καὶ
1316 1819 1410 1900 ἄλλος

190 1914 210 1985 5
241 1917 328 1998 υἱός,
359 1917 416 1984 καὶ
448 1913 506 1983 ούκ
540 1916 628 1983 ’ἐστιν
657 1914 729 1994 υίὸς
751 1911 769 1981 5
792 1913 903 2002 λόγος,
940 1912 1034 1983 οὐδὲν
1056 1918 1141 2003 πρὸς
1163 1919 1221 1987 τόν
1249 1920 1350 2008 λόγον
1375 1920 1409 1988 τό

186 2019 373 2106 βάπτισμα.
421 2023 495 2097 πῶς
522 2008 581 2084 ούν
614 2015 764 2085 σύνεστιν
797 2012 817 2084 ό
850 2017 947 2104 λόγος
977 2015 1045 2087 κατ’
1076 2016 1196 2101 αύτούς
1221 2027 1271 2109 τῷ
1299 2030 1408 2110 πατρί,

191 2115 230 2187 ού
261 2120 368 2187 συνὼν
398 2116 486 2206 αύτῷ
520 2119 554 2186 ἒν
586 2122 626 2206 τῇ
658 2122 718 2184 τού
749 2126 981 2204 βαπτίσματος
1013 2121 1123 2203 όόσει,·
1160 2118 1229 2189 ἀλλ’
1262 2120 1408 2206 ἰ’σωςόν

190 2222 335 2290 εἴποιεν·
358 2221 391 2289 ἐν
413 2225 459 2308 τῷ
482 2225 540 2287 τοῦ
563 2220 691 2305 πατρὸς
713 2216 853 2306 ὀνόματι
874 2229 1063 2309 περιέχεται
1083 2228 1136 2291 καὶ
1160 2221 1179 2290 5
1202 2225 1310 2313 λόγος.
1348 2229 1408 2294 οόι-

189 2331 246 2392 ατί
277 2313 334 2390 σύν
366 2319 437 2407 ούχί
468 2327 522 2390 καὶ
554 2322 592 2389 τὸ
625 2326 774 2407 πνεύμας
814 2318 950 2413 ἢύκτός
971 2329 1029 2392 τοῦ
1051 2326 1180 2412 πατρὸς
1200 2327 1241 2394 τό
1264 2334 1407 2415 πνεύμα,·

188 2429 243 2509 καί
265 2424 448 2513 ἄνθρωπος
468 2431 544 2510 μέν,
573 2426 668 2510 εἴπερ
691 2418 750 2491 ούκ
770 2424 860 2493 ἔστιν
881 2427 953 2506 υίὸς
975 2424 993 2493 5
1016 2428 1126 2514 λόγος,
1159 2431 1245 2514 μετὰ
1266 2430 1327 2501 τὸν
1347 2457 1407 2499 πα-

187 2535 267 2616 τέρα
299 2524 511 2613 ὀνομάζεται,
542 2526 581 2593 τὸ
610 2528 647 2593 55
679 2528 811 2612 πνούμα
839 2527 924 2612 μετὰ
954 2528 1011 2594 τὸν
1043 2528 1243 2615 άνόρωπον,
1279 2529 1338 2600 ούκ
1364 2533 1407 2600 ἔτι

190 2631 226 2699 δὲ
259 2624 335 2697 ούόὲ
368 2631 415 2709 εἰς
446 2628 566 2714 τριάδα
598 2624 665 2694 κατ’
695 2621 815 2708 αύτούς
840 2623 861 2715 ἡ
887 2629 992 2713 μονάς
1017 2631 1235 2712 πλατύνεται,
1272 2629 1342 2701 ἀλλ’
1366 2634 1407 2712 τίς

188 2731 345 2820 τετράδα,
369 2738 498 2818 πατέρα
520 2734 594 2796 ΙΙκαὶ
618 2729 716 2816 λόγον
737 2730 794 2797 καὶ
814 2729 886 2798 υἱόν
908 2729 965 2798 καὶ
986 2736 1117 2817 πνεῦμα
1138 2730 1242 2819 άγιον.
1282 2735 1317 2803 ἒν
1338 2735 1406 2803 τού-

188 2859 260 2913 τοις
289 2835 327 2922 όὶ)
358 2835 589 2918 αἰσχυνόμενοι
611 2833 658 2911 εἰς
680 2834 792 2918 ἕτερον
814 2834 1072 2922 καταφεύγουσι,
1102 2843 1156 2902 καί
1179 2860 1266 2924 φασι
1288 2838 1334 2925 μὴ
1355 2837 1405 2904 τόν

189 2935 373 3023 ἄνθρωπον
395 2931 470 3003 καθ)
496 2936 620 3015 ἑαυτόν,
645 2933 682 3000 ὃν
706 2935 863 3023 ἒφόρεσιν
886 2933 905 3002 5
927 2937 1045 3023 κύριος,
1071 2933 1154 3004 ἀλλὰ
1175 2938 1215 3004 τό
1239 2939 1406 3027 συναμφό-

187 3063 291 3124 τερον,
314 3039 372 3105 τόν
394 3064 429 3104 τε
452 3037 548 3123 λόγον
569 3036 625 3103 καὶ
646 3036 704 3103 τόν
726 3036 919 3124 ἄνθρωπον,
944 3034 1029 3106 εἶναι
1044 3039 1123 3117 υίόν,
1147 3051 1340 3128 συνημμένα
1350 3041 1404 3127 γάρ
1453 3052 1456 3070 ²

189 3135 361 3227 ἀμφότερα
390 3138 476 3219 υἱός,
508 3136 552 3217 ὡς
582 3135 679 3205 αὐτοὶ
701 3141 866 3225 λέγουσιν,
890 3135 1094 3225 ὀνομάζεται.
1132 3149 1166 3208 τί
1186 3150 1302 3210 τοίνυν
1323 3152 1404 3219 τίνος

188 3242 305 3321 αἴτιον,
330 3244 383 3307 καί
406 3241 548 3326 πότερος
569 3241 711 3327 πότερον
734 3240 806 3311 υόόν
827 3243 1060 3311 κατεσκεύασεν
1067 3274 1078 3325 ,·
1114 3239 1206 3330 ἢῖνα
1221 3245 1404 3332 λευκότεροι

188 3342 329 3426 εἴποιμι,
353 3332 437 3428 ’ἆρα
470 3341 526 3408 διά
553 3341 612 3428 τὴν
641 3342 746 3429 σάρκα
772 3339 793 3411 5
821 3342 919 3433 λόγος
947 3346 1032 3425 υἱός,
1069 3340 1170 3433 ἢόιὰ
1190 3347 1249 3412 τὸν
1273 3338 1403 3434 λόγονῆ

188 3442 272 3529 σὰρξ
293 3438 366 3521 υίὸς
386 3445 530 3529 λέγεται,·
565 3438 585 3528 ἢ
606 3438 680 3510 οὐδ’
704 3440 868 3532 ὁπότερον
888 3446 1022 3529 τούτων,
1048 3444 1151 3534 ἀλλ’ἢ
1174 3439 1321 3536 ξοἰμφοῖν
1336 3448 1402 3516 σύν-

70 3584 72 3588 »
187 3546 281 3626 σόος,·
320 3545 429 3630 εἰμὲν
452 3535 509 3614 σύν
531 3534 549 3613 5
572 3545 669 3632 λόγος
691 3546 748 3617 διὰ
763 3544 962 3637 τὴν-σάρκα,
987 3545 1107 3637 ἀνάγκη
1130 3549 1188 3616 τόν
1204 3551 1312 3637 σάρκα
1327 3546 1401 3618 εἶναι

83 3709 96 3733 ,
186 3646 267 3725 υίόν,
292 3649 345 3712 καὶ
369 3640 550 3716 άκολουθεί
570 3648 612 3715 τά
634 3647 760 3729 ἄτοπα,
784 3644 851 3717 όσα
869 3658 1066 3739 προείρηται
1089 3652 1123 3718 ἐκ
1143 3655 1201 3717 τού
1224 3655 1330 3739 λέγειν
1352 3651 1401 3718 τόν

187 3745 371 3834 ἄνθρωπον
392 3747 480 3817 υἱόν·
504 3749 534 3817 τί
557 3751 592 3817 δὲ
616 3750 672 3818 διὰ
692 3750 750 3817 τὸν
772 3749 870 3837 λόγον
890 3748 910 3839 ἡ
928 3752 1011 3838 σὰρξ
1024 3752 1096 3832 υἱὸς
1109 3753 1249 3838 λέγεται,
1271 3754 1330 3821 καὶ
1341 3751 1399 3836 πρὸ

185 3854 243 3938 τῆς
276 3851 396 3938 σαρκός
427 3852 562 3931 πάντως
590 3849 609 3918 5
639 3852 735 3939 λόγος
762 3848 807 3918 ὢν
829 3851 901 3932 υἱός
922 3844 970 3941 ἦν’.
1008 3858 1082 3935 πῶς
1101 3854 1164 3942 γάρ
1186 3850 1260 3923 οἷόν
1282 3882 1320 3923 τε
1339 3855 1399 3920 υἱο-

186 3965 298 4033 ποιεῖν
326 3954 553 4040 τιναὲτέρους
574 3954 619 4042 μὴ
642 3953 724 4021 όντα
744 3948 844 4022 αύτὸν
866 3956 953 4037 υἱόν,
978 3953 1074 4036 όντος
1094 3955 1243 4041 μάλιστα
1263 3954 1398 4041 πατρόςῑ

187 4055 215 4121 εἰ
236 4058 296 4139 μὲν
319 4046 376 4123 οὖν
398 4055 504 4143 ἑαυτῷ
526 4058 682 4138 υἱοποιεῖ,
707 4055 817 4146 πατὴρ
840 4052 939 4136 αύτὸς
962 4052 1001 4125 όν
1023 4059 1089 4145 εἴη,
1114 4058 1144 4126 εἰ
1166 4060 1203 4126 δὲ
1224 4063 1272 4145 τῷ
1294 4062 1394 4141 πατρί,

255 4229 278 4288 l)
297 4230 362 4280 loan.
383 4229 422 4292 14,
441 4231 464 4281 9.
534 4230 560 4293 2)
579 4231 658 4281 nauh.
679 4231 720 4295 11,
738 4228 779 4280 27.
851 4231 876 4290 3)
895 4233 959 4281 Ιοιο.
980 4232 1003 4294 1,
1023 4231 1062 4282 18.
1131 4233 1157 4293 4)
1177 4230 1344 4294 Ιοιο.3,36.

219 4361 241 4394 ιι.
259 4347 329 4397 Βιοίί.
349 4357 372 4398 εί
389 4349 478 4410 Anglic.
494 4343 540 4397 καὶ
558 4343 635 4415 όρᾷν.
855 4366 875 4399 ο.
894 4351 933 4400 Sic
959 4352 1015 4413 fleg.
1035 4351 1133 4413 Seguor.
1152 4350 1224 4401 nnsil.
1243 4345 1394 4413 λορλλοιιλλ

218 4414 241 4461 b.
261 4417 300 4464 Sic
319 4418 596 4481 Reg.Segner.0tB·si¹.
631 4416 769 4469 λΙίἰιοῑιοι
821 4417 917 4469 Gobler.
952 4420 981 4468 λι
998 4420 1070 4468 editio
1088 4419 1206 4470 Commei.
1224 4412 1304 4468 διότι.

186 4488 209 4531 et
227 4482 283 4532 editi
302 4475 315 4530 5
334 4488 453 4555 ουἰιιαολ.
854 4486 877 4539 ιλ
893 4486 952 4552 m.
976 4488 1075 4550 δεροιτ.
1100 4486 1174 4538 nnn.
1192 4494 1215 4539 οι
1231 4487 1320 4550 anglie„
1335 4486 1393 4535 mu
