2948 5092
433 253 576 297 snrsroui
591 255 681 317 runo
696 254 891 299 snarrtonsr.
1201 243 1263 306 809

32 422 56 465 ι
80 403 210 466 Domino
233 405 307 466 sacta
329 406 452 477 lucrant,
475 404 606 467 aiebant:
628 405 709 469 Haeo
731 408 823 469 uerbo
837 427 897 469 non
918 420 990 470 sunt
1005 409 1193 471 doemonium
1207 410 1341 473 het-unos

35 506 160 580 dentix
189 507 333 586 numquid
359 508 545 569 demonium
568 517 671 588 potest
692 527 849 570 coecorum
871 510 973 571 oculos
994 509 1142 591 operire?
1182 511 1262 572 Pha-

35 607 137 669 risaei
160 617 273 674 autem,
302 607 352 686 qui
373 607 446 686 legis
468 609 648 688 peritissimi
661 610 854 689 putabantur,
881 611 931 690 qui
952 611 1082 673 fimbrias
1105 612 1265 673 dilatabant

38 718 77 771 et
98 709 299 788 gloriabantur
320 710 403 790 quasi
425 711 490 790 plus
512 711 620 791 aliquid
641 713 766 774 caeteris
789 714 908 785 scirent,
931 732 968 775 ne
991 714 1029 774 ita
1051 714 1168 793 quidem
1192 733 1262 775 eru-

35 809 149 884 buere,
170 813 224 873 sed
246 822 278 874 ut
299 813 440 892 scriptum
463 823 524 887 est,
548 813 746 877 Immoloboat
768 816 869 877 miseri
892 817 1047 879 doemonio
1071 827 1099 878 et
1114 836 1175 878 noa
1189 816 1263 887 Deo,

38 913 178 977 dicentes
200 914 358 977 [lominum
383 915 492 976 habere
518 916 706 979 daemonium
728 926 757 979 et
778 917 832 978 Ilei
860 935 950 997 opera
978 918 1154 979 daemonum
1183 936 1264 978 esse.

37 1015 83 1079 Et
104 1016 162 1077 hoc
182 1017 262 1078 nulla
283 1017 337 1077 alia
358 1016 394 1079 de
417 1036 521 1090 causa,
551 1037 637 1097 quam
666 1027 698 1080 ut
719 1029 861 1098 negarent
881 1020 974 1080 Deum
997 1037 1065 1081 esse
1087 1019 1189 1096 ethei
1211 1019 1263 1079 Fi·

36 1117 119 1181 lium
146 1119 196 1198 qui
224 1119 296 1180 haec
322 1129 429 1198 ageret.
480 1120 511 1181 si
540 1121 618 1182 enim
648 1122 791 1183 comestio
821 1122 995 1200 speciesque
1029 1121 1162 1200 corporis
1196 1139 1264 1181 eum
1293 1146 1297 1153 ·

38 1219 135 1283 etiam
156 1220 307 1283 hominem
328 1240 398 1283 esse
418 1223 599 1295 declarabat,
620 1241 711 1302 quare
733 1242 792 1283 non
815 1242 850 1285 ex
873 1223 1014 1302 operibus
1035 1221 1263 1302 perspiciebant,

39 1319 146 1400 ipsum
168 1321 197 1383 in
219 1323 306 1383 Patre
328 1342 396 1384 esse
419 1334 448 1385 et
468 1325 585 1386 Patrem
607 1323 751 1404 inipso?
792 1326 879 1404 Atqui
902 1325 930 1411 id
953 1325 1092 1386 nolebant
1112 1323 1173 1392 illi,
1202 1323 1263 1384 imo

18 1422 146 1517 ’pedus
168 1422 264 1503 ipsuni
285 1424 489 1487 beelzebulem
510 1426 657 1489 habebant
677 1428 708 1488 in
727 1447 770 1512 ¹se
790 1428 976 1506 loquentem,
1006 1436 1037 1487 ut
1064 1445 1100 1489 ex
1127 1425 1264 1486 humanis

42 1542 116 1585 enm
138 1525 289 1589 hominem
311 1526 450 1588 duntaxat
472 1539 625 1600 vocarent,
654 1548 690 1605 ex
712 1528 854 1608 operibus
876 1539 989 1598 autem,
1019 1547 1094 1607 quae
1115 1527 1168 1588 Dei
1190 1512 1263 1606 pross

37 1626 111 1707 pria
133 1637 232 1701 erant,
264 1647 326 1689 non
355 1629 456 1689 itidem
485 1629 565 1692 illum
594 1650 663 1693 esse
683 1631 776 1693 Deum
805 1632 1032 1702 confiterentur,
1063 1629 1115 1691 sed
1143 1613 1199 1709 pio
1227 1646 1264 1688 eo

35 1722 248 1793 Beelzebulem
270 1730 300 1790 in
323 1731 432 1811 seipsis
454 1731 632 1794 habitantem
654 1733 747 1795 Deum
771 1735 909 1806 lacerent,
933 1741 965 1795 ut
987 1752 1052 1795 cum
1074 1731 1123 1793 illo
1146 1729 1265 1792 tandem

37 1839 199 1893 aeternum
221 1832 289 1911 igne
309 1834 518 1895 cruciarentur.

134 2038 182 2099 19.
227 2035 305 2108 Quin
327 2045 358 2097 et
378 2037 442 2115 ipse
463 2037 598 2099 lectionis
621 2037 786 2099 observatio
810 2039 923 2100 videtur
952 2037 1024 2098 mihi
1052 2037 1139 2098 talem
1151 2050 1264 2114 ·quan·

38 2136 112 2199 dnm
136 2138 311 2198 sententiam
334 2139 472 2199 exhibere
494 2148 523 2199 et
543 2140 684 2211 iudicare,
707 2149 860 2218 utramque
876 2138 1087 2218 blasphemiam
1109 2137 1145 2199 ad
1168 2137 1267 2214 ipsum

38 2239 229 2319 pertingere,
259 2249 287 2300 et
309 2240 346 2300 de
368 2241 468 2319 seipso
491 2241 572 2302 illum
594 2241 705 2302 dixisse
727 2241 823 2303 Filius
848 2241 975 2303 bominis
1000 2251 1029 2301 et
1050 2239 1203 2320 Spiritus,
1233 2246 1266 2298 ut

40 2358 83 2402 ex
103 2339 155 2400 illo
178 2359 252 2419 quae
274 2360 381 2420 corpus
404 2360 491 2402 suum
514 2349 690 2420 spectarent,
713 2360 748 2403 ex
771 2342 877 2422 spiritu
898 2361 969 2403 vero
984 2340 1167 2421 spiritualem
1183 2356 1269 2399 suam

40 2448 76 2505 et
96 2440 309 2520 intelligibilem
336 2443 580 2522 verissimamque
609 2442 790 2504 divinitatem
824 2443 994 2505 declararet.
1045 2440 1196 2520 Siquidem
1225 2438 1266 2510 id,

40 2530 164 2621 dequo
186 2543 271 2605 venia
293 2543 421 2605 obtineri
443 2552 559 2624 potest,
593 2544 629 2605 ad
650 2544 756 2605 lilium
778 2545 907 2606 hominis
930 2544 1045 2616 retulit,
1069 2552 1102 2603 ut
1123 2559 1267 2619 corporea

41 2662 99 2706 sua
123 2644 310 2723 signiticaret,
332 2644 545 2725 blasphemiam
567 2654 665 2706 autem
687 2665 749 2706 non
771 2632 976 2707 remittenda'ln
991 2645 1027 2705 ad
1043 2641 1179 2723 spiritum
1195 2660 1266 2721 per-

42 2747 162 2825 tingere
184 2745 355 2830 declararit,
385 2760 417 2808 ut
434 2746 512 2807 'dum
541 2747 577 2807 ad
605 2730 801 2808 dilldrentiam
825 2747 870 2807 sni
894 2746 1029 2833 corporis
1051 2745 1124 2806 haec
1145 2743 1266 2813 diceret,

40 2866 132 2911 suam
152 2847 332 2909 divinitatem
356 2858 612 2911 commonstraret.
656 2849 739 2910 llenc
758 2858 857 2910 autern
879 2847 1019 2927 loquendi
1039 2848 1164 2931 lemnam
1179 2848 1352 2935 etiamque,

41 2950 75 3011 in
96 2949 257 3028 Evangelio
280 2950 441 3012 secundum
464 2951 604 3011 loannem
626 2949 827 3024 animadverti,
850 2950 900 3010 ubi
923 2949 959 3011 de
974 2942 1108 3030 corporis
1125 2968 1179 3012 osu
1201 2936 1265 3009 dis-

41 3030 152 3113 serens
176 3070 210 3112 ae
229 3061 387 3131 propterea
408 3052 517 3113 multos
540 3051 752 3113 scandalizatos
775 3051 876 3113 videus
898 3051 940 3117 ait
952 3051 1110 3113 Dominus:
1133 3051 1198 3113 Hoc
1213 3070 1267 3113 voe
1312 3092 1317 3099 -

42 3150 260 3214 scandalizor?
304 3152 338 3214 Si
363 3172 434 3232 erpo
458 3155 595 3215 videritis
617 3152 727 3216 Filium
750 3154 877 3217 domitis
900 3154 1108 3216 ascendentem
1124 3154 1182 3216 etti
1201 3163 1270 3215 ernt

37 3252 159 3335 prise?
195 3254 330 3334 Spiritus
353 3266 407 3325 est,
429 3254 634 3357 quioioifiqot,
657 3272 730 3317 coro
746 3274 807 3317 noa
819 3255 947 3335 prodest
960 3256 1130 3337 quidquem.
1163 3254 1266 3327 Verbo,

41 3374 120 3439 quoe
143 3374 194 3436 eqo
219 3355 337 3417 locutos
360 3376 428 3419 snm
448 3357 549 3428 uobis,
577 3359 707 3439 spiritus
736 3368 765 3419 et
792 3361 856 3419 vito
883 3366 966 3419 eunt.
1010 3356 1084 3418 Nam
1111 3357 1160 3420 hie
1181 3358 1269 3419 etiam

40 3459 204 3536 utrumque
226 3456 262 3517 de
284 3476 317 3517 se
339 3457 421 3530 dixit,
444 3477 562 3521 carnem
585 3467 614 3520 et
635 3458 782 3538 spiritum,
806 3469 836 3521 et
855 3458 1027 3538 spiritunon
1047 3476 1136 3521 carne
1157 3459 1267 3522 distin-

41 3558 102 3632 xit,
133 3566 245 3619 utnon
268 3559 365 3619 solum
387 3560 465 3638 quod
495 3569 632 3641 apparet,
662 3561 716 3622 sed
742 3559 830 3622 etiam
859 3560 940 3640 quod
967 3560 1114 3624 invisibile
1136 3562 1200 3624 eius
1222 3569 1270 3623 est

40 3659 201 3723 credentes
224 3659 386 3733 discerent,
416 3681 466 3736 ea,
496 3682 569 3742 quae
591 3662 657 3742 ipse
679 3662 865 3742 loqueretur,
893 3679 956 3724 non
977 3682 1044 3725 esse
1066 3661 1193 3725 earnalia
1215 3662 1270 3723 sed

49 3780 106 3933 ’ἐς
119 3812 192 3926 liegii
211 3804 332 3892 αἰῳνὶων
349 3809 422 3878 πυρί.
458 3816 549 3877 Anglic.
568 3807 632 3863 cier-
682 3815 872 3933 nquSiclllq’q.
891 3823 915 3865 et
929 3815 1035 3932 ‘Segnoqi
1064 3815 1271 3946 qul.pqtqqetqroee·t
1333 3828 1339 3850 ¹

40 3894 61 3928 ν
140 3893 217 3943 qno
238 3895 256 3930 ι.
591 3906 594 3913 ·
757 3894 787 3931 m.
818 3919 824 3932 .
859 3895 895 3932 eor
914 3896 976 3933 ειτε.
1037 3897 1066 3932 ox
1084 3896 1138 3930 ανα
1203 3894 1217 3930 a

81 3949 105 3999 d.
124 3947 151 3997 ln
170 3895 267 3999 Gobler.
287 3950 423 3999 etFelelm.
436 3951 457 3999 l.
477 3963 539 3997 τινα
556 3951 632 4001 deest.
682 3951 753 4003 deest
774 3952 798 4000 in
817 3951 874 4013 hag.
915 3966 998 4017 eqaer.
1017 3951 1115 4002 Gobler.
1139 3957 1164 4000 et
1186 3948 1272 4001 ratet-

40 4016 120 4067 lide·
145 4030 200 4066 nox
218 4008 380 4085 ἀμφοτέρως
395 4011 494 4066 ἑαυτὸν
511 4011 633 4084 φθάνειν
682 4018 764 4068 menni
785 4018 807 4067 l.

41 4086 139 4134 omisso
157 4076 202 4138 ele.
238 4086 290 4135 llox
307 4088 394 4146 lteqios
412 4094 437 4137 et
453 4090 552 4149 Sequer.
570 4081 633 4152 περὶ
717 4088 741 4136 b.
759 4087 836 4138 lidan
853 4080 923 4153 σὰρξ
938 4081 984 4135 καὶ
1000 4084 1115 4150 πνεῦμα.

41 4143 141 4202 αὐτοῦ,
176 4153 236 4203 lbid.
255 4155 327 4203 iidem
338 4169 392 4204 com
405 4154 502 4205 Gobler.
514 4155 632 4205 etFelel·
717 4156 732 4204 i.
751 4155 809 4217 lieu.
830 4163 855 4205 et
871 4156 971 4218 sequen
987 4148 1134 4221 μάθωμεν.
1179 4154 1271 4204 ibidem

41 4221 130 4272 menni
148 4220 170 4270 1.
193 4213 226 4268 τὸ
250 4214 308 4275 υἱὸς
326 4214 475 4289 ἀνθρώπου
494 4231 567 4273 recte.
607 4223 633 4273 ln
684 4217 733 4271 eoi
748 4220 817 4273 deest
834 4224 858 4273 in
876 4222 973 4276 Gobler.
1000 4231 1024 4272 et
1042 4223 1145 4271 Folelm.
1162 4221 1183 4270 l.
1220 4222 1274 4272 lloc

41 4286 147 4343 oobten
172 4296 197 4339 et
222 4286 329 4341 Felelm.
349 4290 373 4342 l.
395 4289 444 4339 τοῦ
467 4291 555 4357 leptim
580 4300 635 4341 rute
685 4290 741 4343 leco
759 4291 890 4342 abutantur
906 4290 1066 4348 heterodoxi,
1090 4291 1131 4357 qai
1154 4303 1183 4339 ex
1199 4284 1272 4339 uu·-

40 4347 218 4422 Mpra'uoo.'
345 4350 359 4371 ‘'
685 4358 750 4411 u'rsil
772 4358 858 4423 verbis,
875 4358 961 4410 eondei
988 4366 1110 4422 pugnant,
1136 4356 1232 4423 Corpus
1249 4364 1275 4407 et

79 4441 102 4476 e.
121 4424 179 4488 [teg.
197 4427 298 4487 Segrer.
316 4432 345 4497 ‘l
356 4424 462 4477 l’elclxm.
473 4427 497 4478 2.
515 4419 613 4487 ἀληθῆ.
675 4420 834 4497 ‘steininen
852 4422 942 4478 Christi
958 4438 1008 4477 non
1025 4425 1123 4491 reipsa,
1140 4424 1186 4477 eetl
1202 4428 1274 4491 epiri-

76 4495 98 4546 i.
115 4490 233 4563 stelles.
251 4501 274 4544 et
291 4486 391 4557 socier.
426 4495 490 4547 liniti
504 4490 614 4549 τούτου.
687 4490 783 4549 uiliter
798 4484 893 4547 irum
907 4493 1100 4547 instituente
1109 4492 1203 4547 hubert.
1224 4494 1275 4547 Sed
