2948 5092
517 241 663 288 enarrer.
680 242 798 288 cornea
811 243 947 291 menos.
1283 237 1347 303 279
1453 253 1456 259 ⁴

115 397 200 460 luerit
219 395 254 458 in
275 393 548 468 administratione,
580 393 629 474 qui
659 393 725 474 ipse
752 399 858 457 naturt
886 398 1085 475 praestantior
1112 408 1159 461 est
1184 409 1273 482 quem
1294 417 1433 469 reserere

115 502 212 573 laetae,
233 516 281 572 ea,
302 515 380 578 qnae
399 514 492 576 snpra
513 494 653 569 diximus,
675 495 834 558 manifesto
858 498 1032 573 ostendunt,
1054 498 1182 580 indeque
1200 502 1272 566 'illos
1295 523 1346 567 ar-

114 600 207 664 bitror
228 598 419 690 erabescere.
462 597 571 660 Verum
594 597 621 658 si
643 603 832 660 mnumaoes
854 609 1081 680 essepergent,
1103 621 1121 663 e
1142 622 1176 664 re
1193 604 1282 668 luerit
1296 606 1346 670 in·

116 720 200 765 sanae
220 702 360 784 ipsorum
382 719 540 790 occurrere
562 699 732 774 temeritati,
756 700 924 781 similiaque
946 702 983 763 de
1004 702 1071 782 ipso
1085 703 1174 767 Patre
1194 705 1271 770 dicta
1288 707 1347 773 illis

115 822 283 885 opponere,
311 810 345 866 ut
365 802 411 865 rel
433 801 518 864 lraoti
538 801 654 881 pudore
677 819 762 864 suam
784 801 912 882 linguam
944 804 1069 886 amalis
1099 805 1273 883 cohibeant,
1300 810 1347 875 vel

115 905 287 986 mtelligant,
307 903 339 966 in
361 911 505 985 quantum
527 903 701 966 devenerint
721 902 868 968 inscitiae.
911 906 1013 985 ltaque
1029 907 1172 987 scriptum
1188 917 1251 972 est:
1273 911 1347 975 lica·

116 1007 184 1071 rre'br‘
202 1013 237 1070 ιἰι
251 1006 349 1071 Dm
368 1016 570 1086 protectorem
593 1015 622 1068 rt
643 1010 675 1068 ιἰι
698 1004 819 1068 domum
841 1008 962 1088 rescipit,
986 1018 1021 1070 et
1041 1007 1162 1071 soleam
1176 1030 1223 1074 me
1236 1014 1346 1092 sociae,

120 1118 286 1171 omnus:
316 1107 427 1171 Foetes
450 1118 499 1170 est
518 1107 668 1170 Dominae
691 1109 844 1188 resupnum
862 1113 1010 1189 pauperi,
1039 1117 1070 1170 et
1097 1109 1153 1172 alia
1179 1112 1211 1173 id
1238 1131 1345 1198 genus,

121 1228 186 1290 quae
206 1210 239 1272 in
260 1208 368 1271 divinis
391 1208 529 1289 leguntur
551 1208 724 1289 Scripturis.
770 1209 858 1282 Quod
879 1210 906 1271 si
929 1210 986 1273 ista
1015 1211 1051 1272 de
1073 1210 1148 1273 Filio
1171 1211 1248 1274 dicta
1271 1231 1345 1278 esse

125 1311 308 1385 nuoendent,
332 1309 412 1391 qnod
435 1312 511 1374 torte
533 1311 578 1373 vel
600 1310 687 1374 etiam
709 1309 804 1391 magis
827 1330 930 1374 verum
952 1320 1013 1385 est,
1035 1321 1197 1393 agnoscant
1218 1314 1346 1381 Sanctos

128 1430 192 1486 enm,
213 1412 264 1493 qni
285 1430 336 1476 res
357 1414 434 1474 lacta
455 1430 516 1474 non
539 1422 613 1487 erat,
636 1431 752 1494 rogare,
775 1421 808 1474 ut
829 1413 886 1474 sibi
909 1414 1027 1476 adiutor
1047 1423 1078 1476 et
1098 1415 1129 1477 in
1151 1416 1273 1477 domum
1293 1432 1346 1478 re*-

129 1514 186 1592 laeii
204 1515 311 1589 lieret,
332 1532 367 1576 ae
387 1513 528 1595 deinceps
549 1514 691 1578 voeabula
712 1517 833 1595 scetes,
855 1517 930 1595 serit
951 1523 981 1576 et
1004 1521 1119 1579 erescit
1141 1515 1178 1579 de
1199 1535 1347 1597 corporea

131 1614 181 1676 eins
199 1615 362 1695 intelligant
382 1616 562 1695 praesentia.
607 1616 693 1678 'l'uno
720 1615 867 1696 siquidem
896 1617 1015 1679 adiutor
1044 1626 1074 1679 et
1102 1618 1208 1680 domus
1236 1619 1344 1700 refugii

133 1715 207 1778 boos
228 1725 291 1791 est,
318 1736 387 1780 cum
416 1725 521 1778 nostra
550 1727 669 1797 peecata
693 1736 750 1779 suo
773 1736 901 1798 corpore
923 1719 954 1779 in
975 1719 1088 1799 lignum
1111 1718 1232 1782 sustulit
1253 1719 1345 1781 dixit·

134 1833 190 1895 que:
213 1817 309 1882 Venite
332 1820 373 1881 od
387 1837 442 1890 me,
467 1837 568 1882 omnes
592 1825 645 1901 qui
667 1820 815 1883 laboratis
840 1832 868 1883 et
891 1826 1012 1884 onerati
1032 1825 1120 1893 eatis,
1144 1832 1173 1884 et
1194 1839 1247 1902 eqo
1270 1822 1347 1903 refi-

137 1921 193 1980 rlrrr
211 1939 273 1984 σοι.

198 2328 246 2390 63.
290 2325 344 2388 Sin
373 2333 472 2388 autem
502 2325 566 2388 illas
588 2345 678 2388 voces
702 2326 739 2386 de
760 2325 848 2387 Patre
870 2334 975 2405 putant
1003 2326 1142 2406 intelligi,
1176 2346 1247 2389 num
1276 2326 1430 2406 quianon.

134 2422 170 2486 lic
184 2446 299 2508 qnoque
320 2429 466 2516 seriptum
488 2435 535 2490 est
550 2428 620 2491 Fine
643 2438 672 2489 et
693 2430 796 2508 sectos
819 2439 873 2501 est,
897 2447 932 2489 eo
949 2429 1108 2489 devenient
1131 2429 1343 2508 impudentiae,

135 2527 257 2592 utlleum
279 2531 390 2592 lactum
414 2549 481 2591 esse
503 2529 624 2591 dicant?
668 2529 710 2591 lta
740 2548 812 2591 sane
840 2530 869 2590 id
899 2530 1065 2602 audebunt,
1094 2529 1344 2609 quemadmodum

133 2627 190 2692 idem
210 2631 247 2693 de
268 2632 335 2694 eius
357 2631 455 2692 Verbo
478 2633 590 2710 fingere
613 2650 673 2693 non
698 2640 769 2692 sunt
790 2631 885 2693 veriti.
930 2631 1003 2692 Nam
1037 2631 1172 2710 sequitur
1201 2650 1237 2692 ex
1258 2630 1344 2709 ipso-

132 2747 179 2792 nm
198 2732 294 2808 dietis,
318 2740 351 2794 ut
373 2733 475 2793 eadem
499 2733 660 2812 opinentur
681 2733 718 2794 de
739 2731 837 2806 Patre,
861 2750 935 2811 quae
958 2732 995 2793 ‹le
1017 2732 1082 2793 eius
1098 2731 1193 2794 Verbo
1216 2731 1343 2793 commi-

132 2831 277 2897 niscantur.
320 2834 429 2895 Verum
452 2833 545 2908 absit,
575 2844 606 2895 ut
636 2834 775 2913 cogitatio
804 2842 864 2895 tam
893 2834 985 2913 impia
1006 2835 1037 2894 in
1060 2840 1190 2894 mentem
1212 2832 1343 2894 fidelium
1424 2900 1427 2905 ¹

132 2949 237 3013 unquam
259 2936 367 2998 veniat.
412 2937 472 2997 Nec
502 2937 580 2997 enirn
602 2936 696 2997 Filius
726 2956 743 2997 e
770 2935 862 2996 rebus
891 2936 998 2996 creatis
1021 2944 1083 3007 est,
1112 2953 1168 2996 nec
1195 2934 1274 3014 quod
1296 2933 1345 2996 lric

131 3036 248 3099 inibitur
269 3038 331 3119 fior
353 3045 384 3099 el
409 3040 512 3118 sactus
536 3048 589 3111 est,
612 3036 791 3118 principium
815 3036 961 3099 existendi
985 3036 1145 3117 significat,
1168 3037 1221 3098 sed
1244 3037 1344 3098 datum

133 3134 310 3218 indigentibus
334 3139 524 3201 adiutorium.
569 3140 703 3219 Namque
724 3139 804 3203 [leus
828 3150 858 3200 et
879 3158 1000 3218 semper
1028 3147 1058 3201 et
1086 3138 1164 3200 idem
1193 3146 1254 3212 est,
1284 3137 1343 3198 bo-

133 3238 207 3301 nines
228 3249 329 3304 autem
351 3259 405 3320 per
426 3241 556 3304 Verbum
578 3249 685 3321 postea
707 3243 776 3304 lacti
798 3249 879 3315 sunt,
903 3241 1022 3321 quando
1044 3240 1111 3320 ipse
1132 3238 1226 3300 voluit
1240 3238 1343 3312 Pater3

135 3354 174 3402 nee
191 3341 281 3405 llenm
303 3343 404 3406 ridere
427 3355 477 3405 aut
499 3344 535 3404 ad
559 3362 626 3405 eum
650 3342 791 3405 accedere
813 3350 927 3423 queunt
948 3361 998 3403 res
1022 3342 1228 3424 ullaeleetae,
1254 3357 1344 3420 prae·

137 3443 274 3525 terlimque
301 3445 440 3507 homines
470 3445 500 3506 in
522 3432 622 3506 terris'
636 3446 789 3524 degentes.
835 3445 1025 3523 Quapropter
1053 3462 1120 3505 oum
1147 3440 1256 3505 infirmi
1283 3441 1343 3501 ho,

138 3541 210 3608 mines
229 3547 294 3609 eins
317 3547 478 3628 implorant
500 3567 605 3627 opem,
635 3566 701 3609 cum
724 3547 820 3609 vexati
842 3554 1001 3626 precantur
1023 3545 1183 3619 auxilium,
1206 3561 1273 3605 cum
1294 3541 1344 3603 in-

145 3796 180 3846 ΒΙ
196 3801 287 3864 Sequar.
306 3789 377 3850 ilvae
395 3793 445 3847 τὸν
462 3793 547 3858 θτόη
574 3794 620 3848 ναὶ
644 3796 703 3848 rol·
788 3799 811 3849 lr.
830 3799 871 3849 Sic
889 3797 961 3848 basil.
979 3797 1070 3860 lngllc.
1096 3797 1194 3847 Gobler.
1218 3804 1242 3845 et
1260 3796 1345 3845 Felclr·

141 3872 247 3920 μιῦοοσιν
271 3861 359 3935 ὥσπερ
385 3861 517 3935 καὶπερὶ
541 3867 597 3915 τοῦ.
641 3869 703 3918 Editi
754 3867 854 3916 manl.
888 3867 916 3917 lt
935 3866 1034 3926 Segner.
1058 3859 1253 3931 γεγραμμένον
1270 3855 1345 3928 layo‘·

142 3940 179 3976 'tto
197 3945 216 3985 et
239 3939 279 3987 alli
302 3931 349 3984 τισὶ
373 3928 557 4001 τολμήσουσιν
581 3928 618 3988 ὥς
640 3929 704 4000 περὶ
775 3947 845 3982 ενον.
884 3934 910 3982 1ο
935 3933 1006 3982 edilis
1031 3941 1054 3982 et
1077 3932 1132 3983 aliis
1156 3932 1224 3982 deest
1248 3922 1344 3979 καὶτὸ

142 3994 181 4048 ¹0¹3·
204 4004 249 4055 Ιοι
266 4005 366 4055 Gobler.
385 4011 409 4052 et
425 4005 564 4054 Felclm.l.
584 3998 704 4068 dotoyt·
781 3993 907 4067 γόμενον.
952 4000 1003 4049 llor
1028 4000 1128 4062 signer.
1159 4000 1297 4051 Goblerlan.
1322 4005 1347 4048 et

143 4055 214 4182 (terdone.
239 4063 306 4120 aare
323 4065 362 4138 μὴ
380 4067 490 4137 γίνοιτο
509 4073 608 4123 omissis
627 4073 703 4122 inter·
754 4070 859 4120 Felclm.
878 4069 899 4117 l.
918 4063 1069 4133 γενομένην
1085 4061 1225 4131 βοήθειαν.

143 4140 157 4176 n
180 4135 208 4188 iit

165 4200 229 4258 itio
260 4208 432 4271 Segnemanos.
477 4207 507 4257 llt
540 4209 563 4257 in
598 4207 653 4257 aliis
680 4214 704 4257 et
788 4204 804 4254 l.
823 4203 963 4266 Sequerinn.
984 4193 1029 4252 ὅτε
1047 4194 1136 4255 οὗτός.
1171 4199 1346 4278 Goblerion.et

143 4263 190 4317 ditis
213 4277 278 4327 deest
311 4266 404 4324 αὐτοῦ.
457 4275 510 4325 blox
541 4275 704 4338 Segnerienns
754 4272 859 4322 l'elclm.
880 4272 902 4322 l.
922 4261 966 4319 ὅτ’
986 4262 1076 4324 αὐτός.
1110 4269 1155 4318 llil
1179 4275 1203 4318 et
1227 4266 1284 4317 editi
1308 4276 1346 4318 tes

142 4333 189 4386 ¹⁶¹5
208 4356 277 4398 τινος
301 4342 360 4392 τῶν
376 4340 483 4392 πιστῶν
500 4335 598 4392 ἐλθεῖν.
640 4342 702 4392 Edlti
754 4331 844 4392 οὗτοι.
880 4339 931 4403 llor
956 4339 1056 4402 Sepnor.
1081 4338 1138 4400 llee.
1156 4334 1294 4388 Goblrrian.
1321 4341 1345 4384 et

143 4395 204 4482 delii
226 4404 302 4468 τινὸι
318 4424 386 4462 ποτε
405 4409 462 4460 τῶν
478 4409 585 4460 πιστοῦν
602 4405 702 4475 nepet-
754 4408 860 4526 {elclqu
866 4400 981 4522 61.ἔστιν
998 4399 1012 4454 ὁ
1031 4401 1103 4457 θεός.
1134 4404 1196 4454 llditl
1214 4410 1238 4452 et
1256 4401 1346 4467 aliique

768 4486 814 4525 m
852 4487 903 4529 Η.
