2948 5092
452 226 577 273 ,ουτω
591 226 614 270 ι.
629 226 745 271 eonem
759 226 895 275 meunt.
1220 215 1284 283 att

59 382 188 457 dom,
214 397 274 460 qua
297 378 411 442 scilicet
430 397 531 452 mors,
559 396 634 457 quae
656 377 728 441 olim
749 387 942 458 regnaverat,
965 380 1113 444 destructa
1136 391 1190 446 est
1233 382 1372 451 staec

59 483 178 564 quidem
201 499 236 543 ea
256 480 374 543 ratione
396 479 461 543 eius
483 479 704 542 administratio
726 482 927 559 praestantior
948 483 1024 545 iacta
1046 485 1102 558 est,
1123 484 1192 564 quia
1207 487 1289 568 quod

59 585 109 647 lem
134 585 241 664 facere
268 601 332 646 noa
357 593 496 664 potunt,
532 581 587 644 ubi
608 599 669 661 per
697 600 817 645 curnem
844 583 970 664 infirma
999 597 1080 655 unt,
1108 585 1288 664 [ceillierus

58 691 151 751 mr'rso
173 684 254 748 Ftlr'a
276 703 333 747 auo
354 687 388 746 in
409 681 606 746 similitudine
628 686 731 745 cornis
751 688 877 765 peccori,
899 697 928 748 et
949 686 985 748 do
1002 695 1126 765 peccato
1149 688 1289 751 eradcat-

59 791 145 850 rcor't
165 788 378 868 percutientia
399 803 511 856 curae,
533 790 650 845 remoto
671 783 710 845 ab
732 802 766 846 ea
787 784 905 858 delicto,
927 804 987 865 quo
1009 786 1121 866 captiva
1142 795 1288 869 perpetuo

61 887 228 962 tenebatur,
250 886 326 949 adeo
347 894 381 947 nt
400 885 532 948 divinum
553 903 675 947 sensum
696 903 758 946 non
781 885 890 948 valeret
910 887 1054 966 recipere.
1099 887 1172 951 Cum
1189 897 1289 953 autem

59 1008 179 1052 mmam
200 988 320 1068 dignam
341 987 470 1050 reddidit
490 1006 566 1067 quae
587 987 715 1049 Verbum
736 987 893 1066 reciperet,
915 989 994 1061 lecit,
1016 997 1048 1050 ut
1070 1008 1125 1051 nos
1145 1008 1208 1053 non
1222 1007 1288 1056 am·

61 1090 137 1171 plius
160 1091 328 1153 secundum
349 1108 467 1152 munem
490 1089 544 1151 sed
559 1088 721 1152 secundum
738 1090 874 1169 spiritum
889 1090 1115 1165 ambularemus,
1138 1109 1289 1172 saepeque

62 1193 210 1255 dicamus:
231 1192 296 1254 Nos
317 1210 388 1253 uero
409 1210 471 1271 non
493 1210 597 1253 snmus
618 1191 650 1253 in
672 1209 777 1264 carne,
802 1191 854 1253 sed
876 1192 906 1252 in
929 1191 1046 1270 spiritu,
1069 1200 1099 1253 et
1119 1192 1187 1271 quia
1207 1191 1373 1260 reniterer.

64 1292 114 1356 uei
133 1293 231 1356 Filius
254 1293 284 1355 in
306 1294 467 1368 mundum,
490 1313 553 1357 uon
568 1294 610 1357 'ut
630 1295 780 1356 iudicaret
800 1294 954 1365 muudum,
977 1293 1030 1355 sed
1054 1302 1086 1355 nt
1108 1312 1213 1355 omnes
1235 1312 1287 1356 ra-

66 1395 199 1469 dimeret,
221 1403 253 1457 et
272 1397 403 1458 mundus
423 1413 482 1476 per
503 1400 604 1476 ipsum
624 1406 817 1457 seruaretur.
861 1394 946 1456 Tunc
967 1394 1045 1457 enim
1068 1395 1196 1457 mundus
1219 1402 1288 1457 tau·

68 1516 149 1576 qnam
168 1516 244 1559 reus
264 1516 282 1559 a
303 1497 368 1577 lege
396 1496 596 1571 indicabatur,
626 1514 706 1558 nuno
733 1514 804 1556 vero
826 1495 955 1557 Verbum
978 1496 1008 1559 in
1029 1515 1063 1558 se
1084 1496 1219 1576 suscepit
1239 1495 1289 1561 iu·

10 1680 11 1684 ¹
68 1599 172 1661 didam
200 1607 231 1661 et
258 1617 385 1680 corpore
412 1617 470 1679 pro
499 1597 637 1661 omnibus
664 1597 804 1678 patiendo
834 1597 959 1660 salutem
988 1598 1108 1660 donavit
1139 1596 1289 1661 omnibus.

70 1700 151 1774 Quod
172 1720 241 1764 cnm
264 1700 448 1780 exploratum
469 1700 592 1762 baberet
613 1700 771 1773 lohannes,
795 1699 988 1762 exclamabat:
1010 1700 1073 1780 bere
1084 1718 1143 1780 per
1158 1699 1291 1779 Moysen

72 1802 134 1864 doto
156 1813 212 1872 ert,
235 1807 337 1883 oratic
359 1813 388 1866 ct
408 1805 524 1864 veritos
542 1820 602 1882 per
623 1800 726 1864 lerum
748 1802 901 1864 Ctrr'rtum
920 1803 1005 1881 sacto
1031 1815 1085 1866 est.
1128 1800 1291 1864 Praestan-

72 1903 122 1966 tior
141 1912 244 1967 autem
265 1911 313 1964 est
333 1904 425 1982 gratia
449 1921 537 1983 quom
558 1903 606 1965 lex
628 1910 658 1965 et
679 1902 788 1964 veritas
812 1920 899 1982 qnam
921 1902 1035 1965 umbra.

147 2110 202 2172 61.
245 2106 313 2168 lloc
339 2123 411 2185 ergo
439 2105 519 2185 quod
537 2107 778 2187 praestantioris
800 2103 942 2166 vocabulo
965 2104 1156 2185 exprimitur,
1185 2124 1291 2186 quem-

73 2207 224 2271 admodum
247 2208 357 2270 dictum
381 2215 436 2279 est,
460 2225 514 2287 per
535 2207 624 2269 alium
647 2206 711 2268 fieri
733 2224 794 2268 non
815 2214 933 2287 poterat
954 2206 1010 2269 nisi
1032 2207 1219 2285 perFilium,
1241 2205 1293 2286 qui

72 2309 103 2371 ad
120 2311 274 2372 dexteram
295 2309 394 2371 Patris
423 2309 517 2370 sedet
568 2308 647 2381 Quid
674 2316 771 2369 autem
799 2307 880 2370 istud
908 2307 1068 2386 significat,
1100 2309 1161 2372 uisi
1189 2324 1294 2371 uerum

72 2411 145 2475 illum
167 2430 239 2477 esee
260 2411 385 2484 Filium,
412 2411 596 2490 eandemque
618 2410 716 2473 Petris
739 2417 768 2472 et
787 2409 854 2470 Filii
875 2429 943 2471 esse
964 2408 1172 2471 divinitatem?
1217 2407 1294 2482 Quia

71 2513 141 2575 enim
163 2513 272 2574 eodem
294 2512 390 2574 Patris
411 2530 505 2590 regno
527 2511 640 2591 potitur
654 2511 757 2583 unius,
781 2512 810 2572 in
834 2512 938 2573 eodem
955 2512 1091 2573 similiter
1109 2511 1218 2573 throno
1234 2527 1294 2589 quo

72 2613 152 2679 Pater
174 2614 276 2688 sedet,
306 2634 431 2694 cumque
459 2615 525 2694 ipse
547 2614 642 2675 Patris
665 2614 816 2676 divinitate
847 2614 995 2685 videatur,
1024 2615 1093 2675 hinc
1120 2630 1193 2673 sane
1214 2611 1294 2673 Dens

72 2718 274 2790 arvernum,
295 2717 398 2795 etqui
420 2716 499 2777 videt
519 2715 647 2789 Filium,
669 2716 787 2778 Patrem
810 2715 899 2788 videt,
922 2723 1009 2793 atque
1031 2715 1089 2776 hoc
1108 2720 1195 2795 pacto
1217 2730 1295 2774 unua

74 2829 112 2882 est
131 2819 226 2882 Dens·
268 2819 370 2897 ltaque
392 2837 409 2878 a
432 2817 543 2878 dextris
566 2818 676 2879 sedens
701 2817 856 2878 sinistrum
878 2834 940 2876 non
960 2816 1059 2876 reddit
1079 2815 1212 2886 Patrem,
1241 2812 1296 2875 sed

74 2921 145 2998 quod
168 2921 306 2982 dextrum
329 2927 360 2981 ct
379 2918 555 2980 honorabile
579 2927 626 2981 est
647 2918 679 2979 in
700 2918 797 2991 Patre,
819 2916 877 2977 boc
898 2915 985 2976 etiam
1009 2914 1097 2977 babet
1117 2913 1219 2983 Filius,
1245 2912 1297 2992 qui

76 3019 130 3099 ipse
151 3021 210 3083 ait:
236 3022 345 3083 Omnia
367 3039 559 3101 quaecuuque
583 3019 670 3082 babet
691 3019 794 3090 Pater,
820 3036 887 3079 meo
909 3027 991 3080 sunt.
1037 3017 1183 3090 Quocirca
1204 3014 1296 3078 Filius

77 3123 221 3185 adextris
242 3122 341 3184 Patris
364 3123 472 3183 sedens
495 3122 574 3182 videt
595 3121 661 3200 ipse
676 3120 815 3181 similiter
828 3118 945 3180 Patrem
962 3137 978 3179 a
1000 3119 1112 3179 dextris
1132 3119 1297 3191 sedentem,

78 3223 265 3306 quamnis1ut
291 3223 380 3285 homo
410 3225 503 3284 lactus
533 3222 626 3283 dicat:
656 3221 858 3285 Prnvidebcm
886 3220 1048 3282 Dominum
1076 3224 1108 3280 in
1138 3231 1299 3301 conspeetu

82 3343 133 3387 aec
160 3344 293 3405 smper,
323 3330 394 3406 quio
421 3344 440 3385 c
468 3325 586 3387 deutris
619 3335 664 3386 ost
692 3324 780 3395 miti,
809 3342 847 3384 ae
876 3340 1074 3384 commovear.
1119 3320 1191 3382 lnde
1218 3321 1299 3382 enim

84 3425 159 3487 etiam
179 3427 276 3507 palam
299 3426 348 3500 fit,
376 3425 532 3488 etlilium
561 3425 592 3485 in
613 3425 701 3486 Patre
723 3433 753 3485 et
774 3424 890 3485 Patrem
913 3423 944 3484 in
965 3422 1040 3483 Filio
1063 3440 1139 3484 esse.
1184 3422 1298 3497 Quam-

88 3526 218 3590 necuim
239 3529 344 3589 dexter
366 3535 414 3588 est
433 3526 537 3601 Pater,
560 3546 577 3587 a
599 3526 712 3588 dextris
737 3533 834 3586 tanim
857 3524 945 3585 etiam
966 3531 1014 3596 est
1034 3523 1143 3596 Filius,
1172 3530 1202 3584 et
1222 3521 1299 3585 Filio

90 3628 221 3692 adextris
242 3630 382 3703 sedente,
416 3629 446 3688 in
469 3628 542 3689 Filio
573 3636 620 3689 eat
641 3629 707 3707 ipse
729 3627 826 3688 Pater.
870 3626 907 3687 lit
927 3625 1029 3703 angeli
1051 3624 1170 3704 quidem
1192 3641 1298 3686 ascen-

119 3930 137 3965 ε.
151 3918 190 3968 Sic
206 3919 348 3980 Segnerian·
368 3917 465 3967 Gcbler.
485 3926 509 3966 et
521 3917 625 3966 lelclrm.
641 3917 662 3965 l.
749 3917 773 3966 b.
791 3914 940 3975 SinSessncr.
976 3911 1061 3962 Atilii
1080 3918 1104 3960 et
1121 3911 1178 3960 editi
1191 3899 1284 3958 αὗτὸν.

94 3978 277 4035 trutinentur
296 3977 327 4033 τὸ
346 3978 376 4038 dd
391 3980 532 4049 κρείττων.
750 3985 765 4032 i.
785 3984 825 4031 Sic
837 3983 937 4043 Segner.
973 3980 1035 4028 Editi
1053 3994 1109 4029 vern
1127 3970 1302 4044 προεωρώμην

715 4045 765 4099 τὸν
780 4043 885 4117 κύριον,
904 4039 948 4095 ὅτι
964 4040 993 4096 dar
1004 4042 1101 4102 δεξιῶν
1111 4038 1302 4111 contortam-

715 4113 826 4170 παντός.
866 4117 940 4166 Paulo
958 4125 1014 4177 post
1031 4118 1130 4175 Segrrer.
1148 4106 1185 4165 eis
1203 4103 1218 4159 d
1236 4102 1302 4162 otte.

716 4188 778 4235 Editi
796 4194 820 4234 et
837 4184 876 4233 alii
895 4178 932 4236 dc
948 4175 1013 4235 υἱός.
1049 4183 1101 4232 tlox
1125 4179 1262 4231 nouerca.
1280 4185 1306 4227 et

716 4255 852 4304 Felctrnan.
874 4252 896 4301 l.
913 4245 960 4298 arei
976 4242 992 4297 d
1009 4242 1109 4313 πατήρ.
1143 4247 1187 4295 dlii
1205 4254 1229 4294 et
1246 4243 1304 4294 editi

716 4315 762 4370 καὶ
778 4312 877 4384 πατήρ.
1268 4369 1277 4388 '

122 4392 251 4452 usercen.
279 4391 377 4443 Gobler.
402 4398 427 4439 et
450 4389 554 4439 Felclrm.
576 4390 597 4438 l.
620 4383 666 4437 καὶ
752 4390 773 4437 k.
795 4390 850 4448 fleg.
870 4384 1117 4437 contemneretur.
1131 4381 1153 4430 l.
1172 4371 1187 4426 d
1203 4389 1306 4444 namn.

95 4446 189 4510 muer.
224 4460 276 4510 Ιει
291 4459 394 4522 Segner.
410 4451 457 4516 ani
474 4441 554 4511 oleos
570 4441 616 4510 εἶς.
717 4456 745 4508 ln
764 4455 819 4505 aliis
835 4461 861 4505 et
877 4455 948 4504 eduis
965 4444 981 4499 d
998 4453 1075 4502 deest.

1047 4528 1102 4583 18*

121 4083 134 4130 l.
148 4085 185 4136 Sic
202 4088 302 4149 Segner.
326 4086 383 4148 lleg.
409 4086 481 4135 basil.
500 4085 622 4148 Anglican.
641 4092 664 4133 et

96 4144 180 4203 deletur.
198 4154 223 4204 5.
259 4156 285 4202 ln
304 4153 358 4203 aliis
376 4168 431 4204 rero
450 4161 474 4203 et
491 4155 561 4202 editis
580 4154 666 4202 desunt

97 4211 142 4268 brea
160 4223 244 4271 rerba:
268 4215 314 4268 καὶ
337 4214 387 4280 τὴν
410 4214 531 4280 dedente
550 4218 597 4268 τοῦ
614 4233 665 4267 πα-

98 4277 147 4346 'tlt
160 4281 260 4348 ταύτην
277 4277 349 4337 εῖναι
366 4287 415 4336 τοῦ
432 4281 501 4338 υἱοῦ.
