2948 5092
141 228 201 292 130
497 215 502 224 '
533 238 563 284 ι.
576 238 732 283 mmm
744 237 972 285 ιταειτειισονι

96 411 123 455 εν
140 385 240 458 αὐτοῦ
262 387 484 475 προχεόμενος
507 380 525 451 5
547 385 619 464 υίὸς
640 380 900 472 ἀναγέγραπται·
923 381 1092 473 ἇπόῤῥοια
1105 387 1168 475 γὰρ
1184 392 1242 455 νοῦ
1259 389 1363 476 λόγος,

137 495 192 559 καί
222 487 266 571 ιῦς
295 486 346 558 ἐπ’
372 483 564 573 ῦνθριόπων
586 486 712 554 “ει’πείν
740 481 811 554 ἀπὸ
831 490 968 573 καρδίας
990 488 1048 556 διὰ
1069 489 1236 573 στόματος
1258 490 1365 575 ἐξοχε-

137 593 276 674 τεόεται,
301 593 410 677 ἕτερος
432 588 605 675 γενόμενος
625 592 685 654 τοῦ
707 588 742 656 ἐν
763 589 882 676 καρδίᾳ
895 588 1004 675 λόγου,
1029 586 1117 657 ὁδιὰ
1126 589 1280 678 γλώσσης
1288 596 1366 673 νοῦς

138 695 332 783 προπηδῶν.
377 688 396 758 5
417 693 477 776 μὲν
498 689 559 776 γὰρ
583 689 689 775 ἔμεινε
710 695 918 776 προπέμψας
937 690 994 757 καὶ
1015 691 1106 781 ἔστιν
1128 686 1200 770 οἷος
1221 682 1271 779 ἦν,
1294 688 1366 762 όδὲ

139 796 257 884 ἐξέπτη
280 794 597 883 προπεμφθεὶςκαί
620 797 756 880 φέρεται
777 794 957 874 πανταχοῦ,
979 794 1034 860 καὶ
1057 788 1162 872 οὕτως
1184 792 1275 861 ἐστίν
1291 795 1366 863 ἑκά·

137 923 231 983 τερος
254 897 287 965 ἐν
310 897 461 981 ἑκατέρῳ,
495 893 605 979 ἕτερος
628 888 673 960 ὢν
694 898 858 978 θατέρου,
890 895 943 959 καὶ
971 893 1007 961 &r
1038 893 1138 973 είσιν,
1172 890 1267 974 ὄντες
1294 895 1363 963 δόο.

138 996 225 1066 οὕτω
247 999 308 1086 γὰρ
331 999 404 1063 ὓκαὶ
428 991 445 1059 ό
468 993 577 1080 πατὴρ
600 997 654 1060 καὶ
677 990 694 1058 5
717 992 789 1073 υίὸς
811 997 844 1060 ἓν
866 996 918 1060 καί
942 993 976 1060 ἔν
999 989 1155 1080 ἀλλήλοις
1178 995 1364 1084 ἐλέχθησαν

137 1095 232 1169 εἶναι
278 1100 312 1169 ἐν
335 1100 370 1166 δὲ
393 1099 440 1184 τῷ
462 1094 607 1181 τετάρτῳ
628 1088 748 1181 βιβλίῳ
772 1091 877 1175 οὕτως
898 1097 999 1181 λέγει·
1022 1090 1069 1174 ὡς
1088 1095 1150 1182 γὰρ
1174 1093 1365 1184 όὴμέτερας

136 1206 214 1283 νοῦς
235 1202 401 1291 ἐρείγεται
421 1198 481 1282 μὲν
503 1190 560 1283 ἀφ’
586 1195 703 1262 ἑαυτοῦ
724 1194 781 1261 τὸν
804 1195 917 1281 λόγον,
946 1192 992 1275 ὥς
1014 1191 1106 1264 εἶπεν
1130 1192 1148 1262 5
1169 1199 1363 1286 προφήτης·

137 1304 329 1394 λξηρεύξατο
358 1298 378 1389 ἦ
407 1297 526 1383 καρδία
546 1319 610 1380 μου
633 1294 730 1382 λόγον
753 1289 929 1382 ἀγαθόν’),
957 1300 1012 1365 καὶ
1035 1297 1108 1366 ἐστι
1127 1299 1189 1382 μὲν
1211 1299 1364 1387 ἑκάτερος

136 1406 248 1491 ἕτερος
268 1408 425 1488 θατέρου,
448 1399 536 1465 ἴδιον
557 1400 611 1465 καὶ
633 1399 692 1465 τοῦ
707 1397 829 1463 λοιποῦ
844 1405 1080 1485 κεχωρισμένον
1096 1399 1231 1487 εἰληχὼς
1246 1401 1362 1482 τόπον,

137 1504 155 1573 δ
177 1508 237 1591 μὲν
260 1506 294 1573 ἐν
315 1506 355 1592 τῇ
378 1499 512 1587 καρδίᾳ,
543 1494 561 1564 5
581 1500 622 1567 δέ
643 1498 701 1567 ἐπὶ
723 1501 781 1586 τῆς
802 1498 947 1587 γλώττης
968 1503 1022 1567 καί
1044 1504 1102 1567 τοῦ
1125 1499 1291 1586 στόματος
1314 1503 1364 1569 ολ-

135 1610 201 1676 κιῦν
222 1630 259 1675 τι
280 1607 334 1672 καλ
357 1600 565 1685 κινούμενος·
589 1595 627 1667 οῦ
649 1599 713 1689 μὴν
735 1600 953 1687 διεστήκασιν,
977 1596 1055 1669 οὐδὲ
1075 1602 1240 1683 καθάπαξ
1261 1599 1362 1690 ἀλλή-

136 1712 202 1775 λων
235 1712 435 1794 “στέρονται,
459 1697 536 1770 οῦδέ
557 1703 647 1771 ἐστιν
669 1701 745 1770 οῦτε
768 1699 786 1768 5
808 1705 885 1782 νοῦς
907 1701 1025 1789 ἄλογος
1047 1701 1123 1770 οῦτε
1144 1701 1243 1783 ἄνους
1266 1700 1285 1770 5
1307 1704 1364 1771 λό-

134 1834 200 1898 γος,
225 1805 293 1876 ἀλλ’
318 1804 375 1894 όγε
397 1809 474 1884 νοῦς
495 1816 590 1872 ποιεί
611 1804 668 1871 τὸν
690 1804 788 1890 λόγον
811 1804 845 1872 ἐν
867 1799 976 1891 ἐαῦτηῦ
998 1812 1123 1893 φανείς,
1146 1805 1204 1872 καὶ
1225 1801 1243 1872 5
1266 1805 1364 1893 λόγος

135 1911 279 1978 δείκνυσι
300 1908 357 1975 τὸν
379 1910 455 1973 νοῦν
478 1906 511 1974 ἐν
534 1902 623 1993 αὐτῷ
645 1906 832 1991 γενόμενος,
863 1904 919 1972 καὶ
953 1901 971 1973 5
992 1908 1052 1992 μὲν
1075 1910 1150 1985 νοῦς
1172 1905 1262 1974 ἔστιν
1290 1903 1363 1975 οἷον

134 2011 232 2098 λόγος
264 2010 460 2097 ἐγκείμενος,
495 2004 531 2074 ⁰5
559 2010 596 2076 δὲ
623 2007 721 2094 λόγος
742 2011 819 2086 νοῦς
839 2008 1035 2095 προπηδῶν.
1079 2011 1134 2075 καὶ
1155 2014 1362 2092 μεθίσταται

134 2113 194 2196 μέν
218 2106 237 2176 5
257 2114 334 2190 νοῦς
356 2109 404 2189 είς
424 2108 482 2177 τὸν
504 2109 610 2196 λόγον,
635 2105 654 2175 5
676 2109 713 2176 δὲ
736 2108 832 2194 λόγος
852 2108 910 2175 τὸν
932 2112 1009 2177 νοῦν
1032 2109 1079 2188 εἰς
1098 2109 1176 2188 τοὺς
1198 2104 1363 2195 όικροατὰς

135 2212 288 2299 ἐγκυκλεί.
333 2214 387 2278 καὶ
417 2209 522 2290 οὕτως
552 2205 569 2275 ό
598 2213 675 2288 νοῦς
704 2209 761 2277 διὰ
787 2212 847 2275 τοῦ
870 2209 968 2295 λόγου
990 2221 1065 2288 ταῖς
1085 2214 1152 2277 τῶν
1175 2205 1362 2280 ἀκουόντων

135 2322 258 2396 ψυχαῖς
280 2311 488 2397 ’ίνιδρόεταα
514 2310 684 2389 συνειςιιὺν
706 2315 753 2397 τῷ
775 2311 879 2396 λόγῳ·
900 2313 954 2378 καὶ
978 2309 1068 2378 ἔστιν
1091 2307 1109 2377 ό
1129 2313 1190 2395 μὲν
1205 2308 1278 2379 οἷον
1294 2338 1363 2380 πα-

134 2411 193 2500 τηρ
218 2410 235 2476 5
258 2416 334 2491 νοῦς
355 2417 414 2479 τοῦ
437 2413 544 2498 λόγου,
570 2407 615 2478 ιῦν
639 2407 688 2500 ἐφ’
714 2412 842 2492 ἑαυτοῦ,
867 2408 885 2476 5
908 2412 944 2478 δὲ
966 2411 1121 2496 καθάπερ
1144 2413 1215 2491 υἱὸς
1231 2408 1249 2478 5
1265 2413 1363 2501 λόγος

134 2518 193 2579 τοῦ
216 2517 283 2593 νοῦ,
316 2514 383 2599 πρὸ
406 2514 530 2581 ἐκείνου
551 2515 611 2597 μὲν
635 2508 796 2580 ἆδόνατον
826 2507 894 2578 ἀλλ’
920 2508 996 2579 οῦδὲ
1019 2513 1144 2592 ἔξωθέν
1166 2521 1278 2582 ποθεν
1302 2516 1361 2582 σῦν

135 2613 246 2700 ἐκείνην
267 2614 449 2701 γενόμενος,
471 2613 661 2702 βλαστήσας
683 2617 719 2682 δὲ
734 2609 791 2681 ἀπ’
810 2608 920 2680 αὐτοῦ.
952 2610 1057 2692 οὕτως
1072 2609 1090 2679 5
1105 2612 1225 2700 πατήρ,
1249 2610 1361 2700 ⁶541&-

133 2721 322 2800 γιστοςκαί
344 2714 493 2782 καθόλου
515 2719 601 2795 νοῦς,
624 2719 760 2800 πρῶτον
781 2714 839 2782 τὸν
862 2714 934 2781 υίὸν
957 2713 1054 2799 λόγον
1077 2715 1217 2802 ἑρμηνέα
1232 2718 1286 2782 καὶ
1304 2715 1361 2802 όγ-

132 2817 228 2901 γελον
250 2816 367 2884 ἑαυτοῦ
392 2817 465 2901 ἔχει.

219 2924 269 2984 24.
303 2918 438 2985 Τούτων
459 2913 481 3004 ἢ
503 2914 561 2985 οῦκ
582 2915 701 3006 ἤκουσέ
722 2941 807 2984 ποτε
822 2914 964 3001 Ἄρειος,
988 2910 1009 3000 ἢ
1031 2910 1172 2995 όικοόσας
1187 2912 1246 2984 οῦκ
1268 2918 1360 2985 ¹¹56-

132 3039 209 3103 ησεν
239 3014 256 3082 5
281 3014 424 3105 ἀμαθής.
470 3015 529 3086 οὐκ
551 3014 590 3085 ἂν
612 3018 682 3106 γάρ,
707 3020 802 3105 ε’ίπερ
830 3008 869 3104 ἦν
897 3016 1032 3103 νοήσας,
1062 3018 1282 3103 κατεψεύδετο
1304 3046 1357 3088 το-

133 3122 253 3185 σοῦτον
285 3119 368 3185 κατὰ
395 3123 454 3185 τοῦ
484 3119 686 3201 ἐπισκόπου,
722 3115 806 3187 ἀλλὰ
832 3118 968 3197 πάντως
995 3122 1051 3186 καὶ
1077 3112 1177 3188 αὐτὸν
1206 3115 1253 3199 ὦς
1273 3118 1360 3209 ἡμᾶς

134 3217 296 3306 ἐλοιδόρει
329 3219 445 3287 διὰτὸ
467 3220 554 3308 πρὸς
574 3221 633 3309 τὴν
655 3217 818 3308 ἀληθειαν
837 3230 946 3304 μίσος.
989 3218 1208 3306 χριστομάχος
1229 3221 1290 3308 γὰρ
1314 3218 1359 3290 ὢν

96 3315 193 3392 ναοῦκ
215 3315 347 3407 ὀκνήσει
366 3324 419 3389 καὶ
442 3322 520 3402 τοὺς
540 3323 583 3389 τὰ
604 3326 754 3408 Χριστοῦ
778 3325 983 3412 φρονοῦντας
998 3321 1139 3401 διώκειν,
1163 3317 1209 3401 ιός
1224 3317 1356 3403 αῦτὸςό

132 3421 244 3506 κόριος
265 3429 474 3509 προείρηκεν·
498 3424 527 3491 εἰ
549 3424 607 3508 ἐμὲ
628 3424 777 3505 ἐδίωξαν,
799 3426 854 3499 καὶ
876 3419 961 3507 ὑμᾶς
976 3422 1192 3503 διώξουσινλ).
1223 3418 1289 3512 ἢεί
1304 3448 1358 3495 νο-

130 3523 282 3607 μίζουσιν
304 3524 337 3590 οἱ
358 3525 547 3610 προστάται
568 3529 626 3612 τῆς
647 3498 997 3613 ἇσεβείαςῦόμόφρονα
1017 3523 1075 3591 τόν
1086 3524 1267 3594 Διονύσιον
1282 3527 1357 3594 ἑαυ-

130 3633 203 3702 τοῖς
234 3619 335 3703 εἶναι,
364 3626 590 3711 γραψότωσαν
618 3629 798 3694 ταῦτακαὶ
822 3622 1102 3712 όμολογείτωσαν·
1130 3627 1356 3713 γραψάτωσαν

130 3723 188 3811 τὴν
210 3721 360 3807 ἄμπελον
383 3729 436 3793 καὶ
458 3727 516 3795 τὸν
537 3726 696 3814 γεωργόν,
726 3727 765 3794 τὸ
788 3727 917 3816 σκάφος
937 3731 992 3794 καὶ
1014 3727 1072 3793 τὸν
1095 3727 1279 3815 ναυπηγόν,
1303 3733 1355 3797 καὶ

199 3914 223 3970 1)
241 3914 304 3964 ΡειΙ.
324 3915 356 3965 45
376 3911 429 3981 [44.
448 3914 535 3983 Lxx.]‚
555 3917 578 3966 2.
648 3916 674 3978 2)
692 3917 757 3966 loun.
779 3917 819 3976 ¹5,
838 3916 878 3966 20.

162 4064 183 4097 ι.
202 4049 243 4097 Sic
261 4050 317 4129 ¹¹⁰8,-
337 4050 409 4100 Basil.
433 4053 540 4102 ιιεδίῑί.
576 4053 676 4102 Taurin·
695 4062 719 4102 ιι
770 4067 841 4117 quem
860 4054 928 4117 sequi
946 4054 1022 4101 visum
1041 4061 1085 4101 εει.
1121 4053 1165 4102 Alii
1185 4053 1284 4103 εῑιδὶιί
1303 4046 1354 4103 &ab

128 4116 174 4166 λιι.
198 4103 273 4165 εἶπεν
297 4111 351 4165 απὸ
376 4114 492 4184 καρδίας
509 4113 558 4168 διὰ
577 4112 718 4185 πόματος
764 4119 887 4185 χθησαν.
925 4121 1017 4169 Ibidem
1037 4134 1124 4169 omnes
1142 4134 1201 4169 mss.
1218 4113 1250 4168 ἐν
1267 4116 1298 4170 δὲ
1316 4121 1354 4186 τῷ

125 4176 287 4250 ἐξιχεόεται.
326 4187 363 4236 Fr.
384 4187 401 4236 Ι.
419 4175 510 4244 εἶπεν,
530 4180 583 4237 ῦπό
602 4182 717 4254 καρδίας
767 4180 900 4254 τετάρτω.
936 4188 998 4238 Edit}
1017 4179 1048 4236 ἐν
1064 4181 1095 4236 δέ
1111 4186 1185 4251 τῷβ.
1222 4189 1273 4239 Μαι
1282 4185 1353 4254 λέγει

126 4244 173 4299 διὰ
202 4244 341 4317 στόματος
369 4245 513 4321 ἐξέρχεται.
559 4256 628 4306 colb.
657 4256 713 4305 item
767 4265 824 4320 post
841 4247 928 4308 οὕτως
946 4256 1014 4304 deest
1032 4256 1055 4304 in
1075 4255 1173 4306 Τιανίο.
1194 4255 1263 4306 Colb.
1282 4257 1329 4308 Ιεε.

123 4311 290 4385 ἐξέρχεται·
801 4340 821 4374 c.
841 4325 938 4374 Taurin.
957 4324 1004 4373 Ιει.
1025 4321 1185 4389 στερῶνται.

153 4389 178 4436 b.
194 4389 243 4436 καί
258 4389 327 4439 deest
345 4390 368 4438 in
387 4390 486 4442 Tauria.
504 4390 574 4442 colb.
593 4391 648 4451 Ιιε,
668 4392 712 4441 sed
800 4393 823 4442 δ.
842 4393 940 4441 Tauria.
964 4390 1033 4441 colb.
1051 4391 1098 4440 les.
1118 4392 1236 4441 mendose
1253 4385 1349 4457 ἐαυτῷ.

118 4451 144 4502 in
162 4454 217 4505 ulii·
235 4456 346 4507 habetur.
382 4457 434 4508 Mox
452 4458 510 4522 λος,
529 4450 709 4524 ἐλέγχδησαν,
764 4458 816 4510 Μαι
836 4460 881 4511 les.
899 4459 968 4510 τοίαε
984 4451 1073 4524 ἑαυτῷ
1092 4459 1217 4511 mendose.
