2948 5092
98 236 158 299 154
498 247 524 290 ι.
540 246 694 290 ιτιιιαιειι
708 226 932 291 nemmem

9 392 143 465 ν.ιοο.δι’
175 392 275 464 αὐτοῦ
306 395 536 483 δημιουργήσῃ.
573 394 631 460 δύο
659 398 737 479 γοῦν
760 401 883 482 σοφίας
905 398 1008 483 φησὶν
1031 391 1130 479 εἶναι,
1161 405 1243 482 μίαν
1265 403 1324 484 μὲν

95 499 154 586 τὴν
177 500 264 568 ἰδίαν
285 503 339 566 καὶ
362 498 636 584 σονσπάρχουσαν
657 499 705 594 τώ
728 499 830 583 θεῷ,
846 496 906 564 τόν
929 499 966 565 δέ
989 498 1060 566 υἱὸν
1083 500 1117 567 ἓν
1139 500 1260 588 “rafim
1282 505 1322 588 τῇ

96 608 201 689 σοφίᾳ
221 587 419 688 γεγενῆσθαι
439 601 494 665 καὶ
515 597 636 685 ταύτης
656 604 834 682 μετέχοντα
851 594 1052 684 ὠνομάσθαι
1071 601 1175 686 μόνον
1198 610 1322 690 σοφίαν

95 707 149 771 καί
172 703 277 790 λόγον.
315 698 335 790 ἡ
358 709 463 789 σοφία
484 700 555 786 γάρ,
581 707 672 787 φησί,
696 703 736 787 τῇ
759 708 864 788 σοφίᾳ
886 698 1013 789 ὑπῆρξε
1035 706 1143 791 σοφοῦ
1159 707 1245 770 θεοῦ
1262 712 1324 771 θε-

95 807 197 890 λήσει.
236 802 322 871 σότω
349 807 404 870 καὶ
433 803 530 888 λόγον
559 803 669 889 ἕτερον
699 798 784 870 εἶναι
811 805 898 889 λέγει
926 804 1021 890 παρά
1041 805 1098 871 τὸν
1120 805 1194 871 υἱὸν
1218 805 1253 872 ἐν
1274 812 1321 893 τῷ

96 912 177 996 θεῷ,
200 913 256 974 καί
276 906 395 973 τούτου
416 911 594 990 μετέχοντα
615 904 673 971 τὸν
694 904 765 970 υἱὸν
789 901 990 989 ὠνομάσθαι
1011 905 1115 974 πάλιν
1128 907 1214 974 κατὰ
1226 908 1324 993 χάριν

95 1010 192 1096 λόγον
214 1011 268 1076 καὶ
291 1008 363 1074 υἱὸν
385 1003 494 1074 αὐτόν.
527 1007 598 1073 ἔστι
620 1007 657 1073 δέ
678 1009 731 1072 καλ
747 1010 846 1073 τοῦτο
862 1011 920 1095 τῆς
935 1008 1093 1094 αἱρέσεως
1108 1004 1219 1075 αότιῦν
1234 1012 1323 1076 ἴδιον

95 1111 258 1201 φρόνημα,
283 1109 482 1198 δηλούμενον
504 1108 538 1175 έν
561 1108 686 1194 ἑτέροις
707 1102 815 1175 αὐτῶν
838 1109 1099 1196 συγγράμμασιν,
1120 1107 1175 1178 ὅτι
1197 1114 1323 1179 πολλαὶ

96 1217 250 1305 δυνάμεις
272 1215 352 1282 είσί·
374 1215 427 1278 καί
450 1206 469 1295 ἡ
490 1210 550 1292 μὲν
572 1215 633 1293 μία
647 1212 706 1275 τοῦ
722 1215 805 1277 θεοῦ
822 1211 913 1279 ἐστιν
929 1211 998 1278 ἰδία
1018 1211 1118 1300 φάσει
1132 1213 1189 1280 καὶ
1201 1209 1323 1295 άΐδιος,

96 1316 115 1387 δ
145 1322 181 1389 δέ
202 1315 351 1407 Χριστὸς
378 1312 480 1379 πάλιν
509 1305 567 1376 σῦκ
589 1310 678 1378 ἔστιν
701 1306 844 1401 άληθινὴ
869 1313 1007 1398 δι’·ναμις
1028 1318 1086 1380 τοῦ
1109 1320 1212 1396 θεοῦ,
1237 1314 1323 1384 άλλὰ

95 1431 158 1508 μία
179 1427 244 1488 τών
267 1421 448 1504 λεγομένων
471 1410 639 1496 δονάμεών
663 1411 734 1479 ἔστι
754 1418 808 1480 καί
825 1411 932 1494 αότός,
956 1406 1021 1482 ’κόν
1036 1423 1098 1500 μία
1122 1421 1176 1484 καὶ
1195 1413 1213 1505 ἡ
1230 1414 1323 1505 άκρὶς

96 1528 149 1591 καί
183 1520 202 1608 ἡ
236 1521 351 1606 κάμπη
375 1512 412 1581 σό
437 1514 576 1598 δύναμις
597 1514 699 1599 μόνον
722 1510 808 1583 ἀλλὰ
828 1520 882 1584 καὶ
903 1517 1025 1605 μεγάλη
1035 1523 1055 1598 ¹)
1079 1521 1321 1607 προςαγσρεόε-

95 1647 168 1692 ται·
201 1625 236 1690 αλ
265 1617 299 1688 δ’
324 1619 424 1687 άλλαι
450 1619 574 1683 πολλαὶ
602 1621 655 1684 καὶ
686 1615 801 1702 ὅμοιαί
830 1620 895 1687 εἰσι
915 1623 962 1706 τῷ
984 1621 1061 1707 υἱῷ,
1096 1625 1175 1707 περὶ
1199 1613 1247 1688 ὦν
1268 1628 1322 1691 καὶ

96 1726 224 1812 Ἆαβὶδ
246 1725 369 1809 ψάλλει
391 1723 509 1805 λέγων·
531 1720 643 1805 κύριος
664 1725 730 1788 τών
754 1722 963 1814 δονάμεωνλ).
990 1709 1051 1789 λαὶ
1074 1727 1114 1810 τῇ
1136 1726 1197 1808 μέν
1222 1725 1323 1812 φύσει

97 1826 207 1912 ὥςπερ
233 1826 359 1902 πάντες
381 1818 543 1888 οὕτωκαὶ
566 1818 665 1901 αὐτὸς
688 1819 705 1887 ό
728 1822 824 1908 λόγος
847 1823 916 1890 ἐστὶ
938 1821 1091 1908 τρεπτός,
1116 1829 1163 1910 τῷ
1187 1826 1224 1891 δὲ
1249 1826 1323 1913 ἰδίῳ

96 1925 305 2013 αότεξσυσίφ,
331 1927 392 2004 ἕως
412 1925 576 2010 βούλεται,
599 1933 690 2009 μένει
712 1925 820 2005 καλός,
845 1922 900 1993 ὅτε
913 1932 973 2010 μέν
987 1950 1040 1991 τοι
1056 1929 1160 2006 θέλει,
1185 1927 1324 1994 δύναται

96 2036 284 2119 τρέπεσθαι
311 2027 367 2094 καὶ
389 2022 488 2106 αὐτὸς
510 2023 620 2112 ὥςπερ
642 2031 696 2093 καί
711 2023 819 2113 ἡμεῖς,
843 2031 986 2115 τρεπτῆς
1008 2022 1053 2095 ὥν
1076 2029 1218 2115 φάσεως.
1265 2031 1322 2097 διὰ

95 2137 193 2199 τοῦτο
215 2131 291 2217 γάρ,
317 2137 414 2218 φησί,
437 2132 491 2195 καί
520 2130 757 2215 προγινώσκων
780 2126 798 2196 ό
821 2129 903 2208 θεὸς
926 2131 1066 2197 ἐ’σεσθαι
1087 2130 1187 2197 καλὸν
1210 2127 1320 2211 αὐτόν,

95 2233 274 2322 προλαβών
297 2229 385 2320 αῦτῷ
407 2231 527 2319 ταύτην
550 2232 607 2319 τὴν
630 2232 729 2312 δόξαν
751 2234 919 2313 ίδέδωκεν,
943 2232 981 2320 ἣν
1004 2231 1188 2318 άνθρωπος
1209 2237 1264 2299 καὶ
1289 2234 1323 2300 ἐκ

94 2341 152 2423 τῆς
175 2331 291 2424 άρετῆς
314 2336 387 2418 έσχε
408 2333 492 2419 μετὰ
513 2338 626 2414 ταῦτα,
652 2331 733 2413 ὥςτε
756 2336 791 2415 ἐξ
812 2335 914 2421 έργων
937 2329 1047 2415 αότσῦ,
1072 2325 1117 2400 ών
1132 2333 1320 2422 προέγνωό

96 2439 186 2518 θεός,
209 2441 361 2504 τοιοῦτον
385 2432 484 2503 αὐτὸν
508 2441 564 2503 νῦν
586 2444 752 2523 γεγονέναι
773 2444 962 2523 οπεποίηκε.

8 2548 86 2593 Μίθ·
181 2546 209 2607 6.
255 2540 374 2606 Είπεῖν
398 2539 434 2605 δὲ
456 2538 558 2605 πάλιν
582 2539 768 2626 ἐτόλμησεν,
793 2534 846 2605 ὅτι
861 2534 938 2605 οὐδὲ
952 2537 1035 2616 θεὸς
1050 2535 1212 2626 ἀληθινός
1232 2540 1321 2606 ἐστιν

96 2637 248 2728 όλόγος·
282 2641 310 2708 εί
333 2643 369 2707 δὲ
391 2645 444 2707 καὶ
468 2643 596 2726 λέγεται
617 2641 713 2721 θεός,
746 2639 814 2707 ἀλλ’
840 2638 897 2706 οόκ
920 2636 1082 2727 άληθινός
1105 2641 1211 2722 ἐστιν,
1237 2637 1321 2708 άλλά

94 2746 214 2830 μετοχῇ
235 2742 384 2827 χάριτος,
410 2740 519 2828 ὥςπερ
541 2741 595 2809 καί
620 2744 652 2808 οἱ
675 2741 770 2810 άλλσι
792 2742 929 2821 πάντες,
961 2739 1123 2809 οὕτωκαὶ
1147 2739 1247 2822 αὐτός
1269 2747 1323 2810 λέ-

93 2870 187 2931 γεται
210 2839 348 2929 όνόματι
368 2843 484 2927 ’μόνον
506 2842 596 2922 θεός.
641 2847 696 2910 καὶ
718 2844 853 2910 πάντων
876 2846 976 2923 ξένιον
998 2846 1052 2909 καὶ
1076 2839 1243 2928 άνσμοίων
1267 2843 1322 2912 δν-

21 2940 27 2951 ’
94 2973 161 3013 των
188 2950 246 3012 τοῦ
276 2949 357 3013 θεοῦ
385 2940 453 3011 κατ’
479 2939 610 3024 οὐσίαν,
642 2942 728 3011 σότω
750 2948 803 3011 καί
829 2940 846 3009 ὁ
870 2944 966 3030 λόγος
989 2940 1162 3029 ἀλλότριος
1182 2949 1244 3030 μὲν
1266 2951 1320 3014 καὶ

87 3043 253 3132 ὁάνόμσιος
275 3046 358 3113 κατά
379 3046 490 3112 πάντα
512 3050 569 3133 τῆς
590 3050 669 3112 ’τοῦ
691 3047 819 3133 πατρὸς
842 3043 957 3124 οὐσίας
978 3049 1032 3112 καὶ
1057 3045 1223 3132 ἰδιότητάς
1239 3048 1320 3145 ἔστι,

94 3152 160 3216 τῶν
184 3151 219 3216 δὲ
241 3152 383 3235 γενητῶν
404 3151 459 3213 καί
481 3148 667 3232 κτισμάτων
689 3149 777 3226 ἴδιος
792 3151 845 3214 καὶ
862 3143 910 3227 εἷς
925 3143 1033 3213 αότών
1048 3148 1207 3233 τυγχάνει.
1236 3151 1320 3234 μετὰ

95 3250 220 3318 τούτων
244 3252 279 3317 δέ
302 3246 412 3334 ὥςπερ
434 3252 487 3315 καί
512 3249 665 3332 διάδοχος
685 3252 743 3335 τῆς
766 3256 969 3335 προπετείας
990 3253 1049 3316 τοῦ
1066 3250 1224 3336 διαβόλου
1248 3256 1320 3338 ΙΙγε·

95 3351 246 3436 νόμενος,
272 3352 389 3439 έθηκεν
411 3349 444 3417 έν
467 3354 506 3438 τῇ
528 3353 676 3438 θαλείᾳ,ἰ
704 3347 749 3430 ὥς
771 3349 837 3438 άρα
857 3354 911 3418 καὶ
933 3354 980 3438 τῷ
1003 3351 1064 3438 υἱῷ
1087 3347 1105 3416 ό
1127 3353 1240 3440 πατὴρ
1263 3350 1321 3421 άό-

95 3477 195 3540 ρατος
217 3449 366 3538 ὑπάρχει,
389 3455 443 3519 καὶ
466 3449 541 3520 σῦτε
564 3448 643 3540 ὁρᾶν
666 3450 742 3520 οὔτε
763 3452 933 3538 γινώσκειν
955 3455 1088 3532 τελείως
1109 3456 1162 3520 καί
1177 3449 1321 3540 άκριβιῦς

96 3553 234 3623 δύναται
256 3550 274 3620 ό
297 3554 393 3639 λόγος
413 3553 472 3620 τὸν
495 3544 612 3620 ἓαστοῦ
635 3559 779 3639 πατέρα,
804 3550 964 3620 ἀλλὰκαὶ
987 3553 1005 3619 ὃ
1027 3553 1181 3640 γινώσκει
1202 3558 1278 3622 ὶκαί
1301 3555 1319 3622 ὃ

94 3657 221 3741 βλέπει,
246 3653 414 3741 ἀναλόγως
441 3664 513 3733 τοῖς
537 3652 635 3733 ἰδίοις
656 3661 790 3740 μέτροις
812 3650 882 3723 σλδε
903 3658 957 3721 καί
979 3657 1105 3742 βλέπει,
1131 3652 1243 3743 ὥςπερ
1264 3656 1320 3723 καὶ

165 3879 189 3941 1)
208 3879 265 3929 ΙσεΙ.
284 3878 308 3941 2,
327 3878 368 3929 25.
439 3880 464 3939 2)
483 3881 545 3930 Psal.
565 3879 598 3930 24
617 3877 670 3946 [23.
688 3879 776 3944 LxxJ,
798 3881 835 3930 10.

129 4032 150 4065 a.
170 4015 210 4064 Sic
228 4015 328 4076 Seguer.
342 4015 440 4066 Gobler.
455 4015 594 4066 Felckm.1.
618 4015 680 4064 Edni
767 4031 787 4063 c.
807 4015 905 4065 Gobler.
924 4024 948 4063 et
966 4014 1069 4063 felckrn.
1092 4013 1113 4063 l.
1132 4008 1223 4078 Δαβὶδ
1237 4011 1315 4079 λέγει,

94 4097 150 4134 vero
169 4091 193 4133 et
210 4083 251 4132 alii
267 4074 342 4150 αῦτῇ.
379 4083 438 4133 lbid.
454 4083 553 4146 Seguer.
571 4080 680 4147 γεγενῆ-
730 4075 805 4148 κόριε
823 4080 880 4129 τῶν
898 4075 1050 4146 δυνάμεων.

95 4151 172 4206 σθαι,
186 4143 491 4216 ταύτηςτεμετίχιιντα.
519 4150 679 4212 MoxSeguer.
765 4153 788 4199 d.
807 4149 847 4199 Sic
870 4151 925 4212 Seg.
944 4152 1001 4212 fleg.
1020 4150 1091 4199 Gobl.
1110 4149 1215 4199 Felckm.
1230 4149 1318 4200 thb.

94 4220 151 4283 λος.
170 4220 261 4281 Αιιςίίε.
280 4219 378 4270 comer.
388 4231 410 4271 ει
423 4219 527 4269 Felckm.
539 4221 561 4269 1.
571 4210 679 4282 ὑπῆρξε.
730 4218 792 4267 Editi
811 4225 889 4267 autem
909 4218 991 4267 etalii
1011 4208 1119 4266 ἔδωκεν.
1146 4216 1317 4281 masmar.

93 4287 157 4337 Editi
176 4287 253 4337 etalii
272 4278 383 4352 ὑπῆρχε.
732 4286 800 4336 Gom.
826 4293 849 4334 et
875 4285 980 4335 Felckm.
1001 4285 1024 4334 1.
1043 4274 1077 4343 ἣν
1102 4275 1318 4350 ἄνθρωποςκαὶ

126 4355 325 4433 ρ.βίε8εςαει.
361 4355 469 4433 λίβες.
491 4336 680 4468 ώνᾶιιίαίστὶ
730 4347 825 4432 &quic
843 4362 887 4403 etc.
928 4353 974 4402 Alii
1000 4361 1023 4403 et
1047 4352 1104 4403 editi
1122 4342 1156 4412 ἣν
1174 4343 1316 4401 ἂνκαὶίκ

91 4421 681 4557 {mma33'2‘332'31’3wy
731 4434 787 4538 mg:
806 4488 847 4540 Sic
871 4489 972 4551 δεεσσε.
989 4489 1047 4553 λος.
1065 4487 1158 4554 λσςίίο.
1178 4487 1316 4541 Goblerian.
