<?xml version="1.0" encoding="UTF-8"?>
<!DOCTYPE html PUBLIC "-//W3C//DTD XHTML 1.0 Transitional//EN"
    "http://www.w3.org/TR/xhtml1/DTD/xhtml1-transitional.dtd">
<html xmlns="http://www.w3.org/1999/xhtml" xml:lang="en" lang="en">
 <head>
  <title>
</title>
<meta http-equiv="Content-Type" content="text/html;charset=utf-8" />
  <meta name='ocr-system' content='tesseract 3.04.00' />
  <meta name='ocr-capabilities' content='ocr_page ocr_carea ocr_par ocr_line ocrx_word'/>
</head>
<body>
  <div class='ocr_page' id='page_1' title='image "./sanctiathanasii02athagoog_0121.png"; bbox 0 0 2948 5092; ppageno 0'>
   <div class='ocr_carea' id='block_1_1' title="bbox 97 217 926 282">
    <p class='ocr_par' dir='ltr' id='par_1_1' title="bbox 97 217 926 282">
     <span class='ocr_line' id='line_1_1' title="bbox 97 217 926 282; baseline -0.012 0"><span class='ocrx_word' id='word_1_1' title='bbox 97 217 139 282; x_wconf 80' lang='lat'><strong><em>88</em></strong></span> <span class='ocrx_word' id='word_1_2' title='bbox 369 264 382 274; x_wconf 97' lang='lat'>.</span> <span class='ocrx_word' id='word_1_3' title='bbox 492 229 519 274; x_wconf 80' lang='grc' dir='ltr'><strong><em>τ.</em></strong></span> <span class='ocrx_word' id='word_1_4' title='bbox 534 228 688 275; x_wconf 75' lang='lat' dir='ltr'><strong><em>numu</em></strong></span> <span class='ocrx_word' id='word_1_5' title='bbox 702 228 926 275; x_wconf 76' lang='grc' dir='ltr'><strong><em>ιιιεαιενιιεονι</em></strong></span> 
     </span>
    </p>
   </div>
   <div class='ocr_carea' id='block_1_2' title="bbox 10 371 1320 2693">
    <p class='ocr_par' dir='ltr' id='par_1_2' title="bbox 10 371 1320 2693">
     <span class='ocr_line' id='line_1_2' title="bbox 11 371 1319 466; baseline 0 -23"><span class='ocrx_word' id='word_1_6' title='bbox 11 397 180 464; x_wconf 73' lang='grc' dir='ltr'><strong><em>αιτιτορα</em></strong></span> <span class='ocrx_word' id='word_1_7' title='bbox 200 378 315 463; x_wconf 62' lang='grc' dir='ltr'><strong><em>λέγω,</em></strong></span> <span class='ocrx_word' id='word_1_8' title='bbox 345 377 673 463; x_wconf 73' lang='grc' dir='ltr'><strong><em>συγκεφαλαιοῦσθαί</em></strong></span> <span class='ocrx_word' id='word_1_9' title='bbox 699 402 736 445; x_wconf 89' lang='grc' dir='ltr'><strong><em>τε</em></strong></span> <span class='ocrx_word' id='word_1_10' title='bbox 762 376 818 443; x_wconf 87' lang='grc' dir='ltr'><strong><em>καὶ</em></strong></span> <span class='ocrx_word' id='word_1_11' title='bbox 840 377 1044 463; x_wconf 71' lang='grc' dir='ltr'><strong><em>συνάγεσθαι</em></strong></span> <span class='ocrx_word' id='word_1_12' title='bbox 1065 379 1162 445; x_wconf 85' lang='grc' dir='ltr'><strong><em>πᾶσα</em></strong></span> <span class='ocrx_word' id='word_1_13' title='bbox 1183 371 1319 466; x_wconf 81' lang='grc' dir='ltr'><strong><em>ἀνάγκη.</em></strong></span> 
     </span>
     <span class='ocr_line' id='line_1_3' title="bbox 96 474 1320 568; baseline 0 -22"><span class='ocrx_word' id='word_1_14' title='bbox 96 485 298 565; x_wconf 74' lang='grc' dir='ltr'><strong><em>Μαρκίωνος</em></strong></span> <span class='ocrx_word' id='word_1_15' title='bbox 324 476 386 564; x_wconf 84' lang='grc' dir='ltr'><strong><em>γὰρ</em></strong></span> <span class='ocrx_word' id='word_1_16' title='bbox 414 480 473 543; x_wconf 87' lang='grc' dir='ltr'><strong><em>τοῦ</em></strong></span> <span class='ocrx_word' id='word_1_17' title='bbox 494 476 741 565; x_wconf 89' lang='grc' dir='ltr'><strong><em>ματαιόφρονσς</em></strong></span> <span class='ocrx_word' id='word_1_18' title='bbox 763 478 921 564; x_wconf 91' lang='grc' dir='ltr'><strong><em>δίδαγμα,</em></strong></span> <span class='ocrx_word' id='word_1_19' title='bbox 951 478 998 557; x_wconf 81' lang='grc' dir='ltr'><strong><em>είς</em></strong></span> <span class='ocrx_word' id='word_1_20' title='bbox 1025 488 1114 564; x_wconf 80' lang='grc' dir='ltr'><strong><em>τρεῖς</em></strong></span> <span class='ocrx_word' id='word_1_21' title='bbox 1135 474 1238 564; x_wconf 83' lang='grc' dir='ltr'><strong><em>ἀρχὰς</em></strong></span> <span class='ocrx_word' id='word_1_22' title='bbox 1258 483 1320 568; x_wconf 85' lang='grc' dir='ltr'><strong><em>τῆς</em></strong></span> 
     </span>
     <span class='ocr_line' id='line_1_4' title="bbox 95 574 1319 666; baseline 0 -19"><span class='ocrx_word' id='word_1_23' title='bbox 95 585 274 666; x_wconf 79' lang='grc' dir='ltr'><strong><em>μοναρχίας</em></strong></span> <span class='ocrx_word' id='word_1_24' title='bbox 299 577 403 664; x_wconf 83' lang='grc' dir='ltr'><strong><em>τομήν</em></strong></span> <span class='ocrx_word' id='word_1_25' title='bbox 424 577 479 645; x_wconf 82' lang='grc' dir='ltr'><strong><em>καὶ</em></strong></span> <span class='ocrx_word' id='word_1_26' title='bbox 501 579 676 664; x_wconf 79' lang='grc' dir='ltr'><strong><em>διαίρεσιν,</em></strong></span> <span class='ocrx_word' id='word_1_27' title='bbox 705 580 875 665; x_wconf 82' lang='grc' dir='ltr'><strong><em>παίδευμα</em></strong></span> <span class='ocrx_word' id='word_1_28' title='bbox 896 574 934 647; x_wconf 87' lang='grc' dir='ltr'><strong><em>όν</em></strong></span> <span class='ocrx_word' id='word_1_29' title='bbox 955 579 1161 666; x_wconf 81' lang='grc' dir='ltr'><strong><em>διαβολικόν,</em></strong></span> <span class='ocrx_word' id='word_1_30' title='bbox 1185 575 1259 663; x_wconf 85' lang='grc' dir='ltr'><strong><em>οόχὶ</em></strong></span> <span class='ocrx_word' id='word_1_31' title='bbox 1282 581 1319 648; x_wconf 84' lang='grc' dir='ltr'><strong><em>δὲ</em></strong></span> 
     </span>
     <span class='ocr_line' id='line_1_5' title="bbox 95 675 1317 768; baseline -0.002 -18"><span class='ocrx_word' id='word_1_32' title='bbox 95 684 162 751; x_wconf 80' lang='grc' dir='ltr'><strong><em>τῶν</em></strong></span> <span class='ocrx_word' id='word_1_33' title='bbox 191 678 294 760; x_wconf 87' lang='grc' dir='ltr'><strong><em>όντως</em></strong></span> <span class='ocrx_word' id='word_1_34' title='bbox 314 683 476 767; x_wconf 75' lang='grc' dir='ltr'><strong><em>μαθητῶν</em></strong></span> <span class='ocrx_word' id='word_1_35' title='bbox 497 683 557 746; x_wconf 93' lang='grc' dir='ltr'><strong><em>τοῦ</em></strong></span> <span class='ocrx_word' id='word_1_36' title='bbox 578 684 729 766; x_wconf 82' lang='grc' dir='ltr'><strong><em>Χριστοῦ</em></strong></span> <span class='ocrx_word' id='word_1_37' title='bbox 751 681 807 748; x_wconf 79' lang='grc' dir='ltr'><strong><em>καὶ</em></strong></span> <span class='ocrx_word' id='word_1_38' title='bbox 828 684 895 748; x_wconf 92' lang='grc' dir='ltr'><strong><em>τῶν</em></strong></span> <span class='ocrx_word' id='word_1_39' title='bbox 916 675 1141 768; x_wconf 77' lang='grc' dir='ltr'><strong><em>ἀρεσκομένων</em></strong></span> <span class='ocrx_word' id='word_1_40' title='bbox 1163 691 1236 760; x_wconf 75' lang='grc' dir='ltr'><strong><em>τοῖς</em></strong></span> <span class='ocrx_word' id='word_1_41' title='bbox 1257 685 1317 748; x_wconf 89' lang='grc' dir='ltr'><strong><em>τοῦ</em></strong></span> 
     </span>
     <span class='ocr_line' id='line_1_6' title="bbox 97 769 1319 871; baseline 0 -22"><span class='ocrx_word' id='word_1_42' title='bbox 97 785 244 871; x_wconf 81' lang='grc' dir='ltr'><strong><em>σωτῆρος</em></strong></span> <span class='ocrx_word' id='word_1_43' title='bbox 264 781 469 868; x_wconf 70' lang='grc' dir='ltr'><strong><em>μαθήμασιν.</em></strong></span> <span class='ocrx_word' id='word_1_44' title='bbox 514 769 608 846; x_wconf 83' lang='grc' dir='ltr'><strong><em>οῦτοι</em></strong></span> <span class='ocrx_word' id='word_1_45' title='bbox 627 779 688 867; x_wconf 84' lang='grc' dir='ltr'><strong><em>γάρ</em></strong></span> <span class='ocrx_word' id='word_1_46' title='bbox 710 782 830 866; x_wconf 84' lang='grc' dir='ltr'><strong><em>τριάδα</em></strong></span> <span class='ocrx_word' id='word_1_47' title='bbox 850 784 911 867; x_wconf 79' lang='grc' dir='ltr'><strong><em>μὲν</em></strong></span> <span class='ocrx_word' id='word_1_48' title='bbox 924 787 1161 870; x_wconf 86' lang='grc' dir='ltr'><strong><em>κηρυττομένην</em></strong></span> <span class='ocrx_word' id='word_1_49' title='bbox 1177 777 1245 849; x_wconf 87' lang='grc' dir='ltr'><strong><em>ῦπό</em></strong></span> <span class='ocrx_word' id='word_1_50' title='bbox 1259 785 1319 870; x_wconf 84' lang='grc' dir='ltr'><strong><em>τής</em></strong></span> 
     </span>
     <span class='ocr_line' id='line_1_7' title="bbox 95 881 1320 972; baseline 0 -21"><span class='ocrx_word' id='word_1_51' title='bbox 95 890 194 963; x_wconf 73' lang='grc' dir='ltr'><strong><em>θείας</em></strong></span> <span class='ocrx_word' id='word_1_52' title='bbox 215 887 343 972; x_wconf 81' lang='grc' dir='ltr'><strong><em>γραφῆς</em></strong></span> <span class='ocrx_word' id='word_1_53' title='bbox 364 885 481 970; x_wconf 82' lang='grc' dir='ltr'><strong><em>σαφῶς</em></strong></span> <span class='ocrx_word' id='word_1_54' title='bbox 496 881 701 962; x_wconf 73' lang='grc' dir='ltr'><strong><em>ἐπίστανται,</em></strong></span> <span class='ocrx_word' id='word_1_55' title='bbox 717 894 806 967; x_wconf 80' lang='grc' dir='ltr'><strong><em>τρεῖς</em></strong></span> <span class='ocrx_word' id='word_1_56' title='bbox 821 883 858 950; x_wconf 78' lang='grc' dir='ltr'><strong><em>δὲ</em></strong></span> <span class='ocrx_word' id='word_1_57' title='bbox 872 882 974 963; x_wconf 69' lang='grc' dir='ltr'><strong><em>θεοὺς</em></strong></span> <span class='ocrx_word' id='word_1_58' title='bbox 988 881 1064 950; x_wconf 84' lang='grc' dir='ltr'><strong><em>οῦτε</em></strong></span> <span class='ocrx_word' id='word_1_59' title='bbox 1077 882 1227 951; x_wconf 80' lang='grc' dir='ltr'><strong><em>παλαιάν</em></strong></span> <span class='ocrx_word' id='word_1_60' title='bbox 1242 882 1320 951; x_wconf 87' lang='grc' dir='ltr'><strong><em>οῦτε</em></strong></span> 
     </span>
     <span class='ocr_line' id='line_1_8' title="bbox 95 979 1317 1073; baseline 0.001 -23"><span class='ocrx_word' id='word_1_61' title='bbox 95 984 208 1070; x_wconf 84' lang='grc' dir='ltr'><strong><em>καινήν</em></strong></span> <span class='ocrx_word' id='word_1_62' title='bbox 230 984 393 1071; x_wconf 76' lang='grc' dir='ltr'><strong><em>διαθήκην</em></strong></span> <span class='ocrx_word' id='word_1_63' title='bbox 414 982 643 1071; x_wconf 85' lang='grc' dir='ltr'><strong><em>κηρόττουσαν.</em></strong></span> <span class='ocrx_word' id='word_1_64' title='bbox 690 980 728 1049; x_wconf 88' lang='lat'><strong><em>06</em></strong></span> <span class='ocrx_word' id='word_1_65' title='bbox 756 995 851 1069; x_wconf 82' lang='grc' dir='ltr'><strong><em>μεῖον</em></strong></span> <span class='ocrx_word' id='word_1_66' title='bbox 874 979 906 1051; x_wconf 80' lang='grc' dir='ltr'><strong><em>δ’</em></strong></span> <span class='ocrx_word' id='word_1_67' title='bbox 932 982 972 1051; x_wconf 85' lang='grc' dir='ltr'><strong><em>ἀν</em></strong></span> <span class='ocrx_word' id='word_1_68' title='bbox 992 1010 1045 1063; x_wconf 90' lang='grc' dir='ltr'><strong><em>τις</em></strong></span> <span class='ocrx_word' id='word_1_69' title='bbox 1065 992 1317 1073; x_wconf 76' lang='grc' dir='ltr'><strong><em>καταμέμψαιτο</em></strong></span> 
     </span>
     <span class='ocr_line' id='line_1_9' title="bbox 95 1079 1317 1173; baseline 0.001 -22"><span class='ocrx_word' id='word_1_70' title='bbox 95 1084 151 1153; x_wconf 82' lang='grc' dir='ltr'><strong><em>καὶ</em></strong></span> <span class='ocrx_word' id='word_1_71' title='bbox 180 1084 257 1165; x_wconf 84' lang='grc' dir='ltr'><strong><em>τοὺς</em></strong></span> <span class='ocrx_word' id='word_1_72' title='bbox 288 1092 419 1173; x_wconf 88' lang='grc' dir='ltr'><strong><em>ποίημα</em></strong></span> <span class='ocrx_word' id='word_1_73' title='bbox 448 1085 505 1150; x_wconf 89' lang='grc' dir='ltr'><strong><em>τὸν</em></strong></span> <span class='ocrx_word' id='word_1_74' title='bbox 533 1084 605 1151; x_wconf 84' lang='grc' dir='ltr'><strong><em>υἱόν</em></strong></span> <span class='ocrx_word' id='word_1_75' title='bbox 634 1079 719 1151; x_wconf 77' lang='grc' dir='ltr'><strong><em>εἶναι</em></strong></span> <span class='ocrx_word' id='word_1_76' title='bbox 741 1085 972 1168; x_wconf 69' lang='grc' dir='ltr'><strong><em>1δοξάζοντας,</em></strong></span> <span class='ocrx_word' id='word_1_77' title='bbox 995 1087 1051 1153; x_wconf 84' lang='grc' dir='ltr'><strong><em>καὶ</em></strong></span> <span class='ocrx_word' id='word_1_78' title='bbox 1070 1092 1240 1173; x_wconf 85' lang='grc' dir='ltr'><strong><em>γεγονέναι</em></strong></span> <span class='ocrx_word' id='word_1_79' title='bbox 1259 1086 1317 1154; x_wconf 89' lang='grc' dir='ltr'><strong><em>τὸν</em></strong></span> 
     </span>
     <span class='ocr_line' id='line_1_10' title="bbox 10 1184 1318 1275; baseline 0.003 -25"><span class='ocrx_word' id='word_1_80' title='bbox 10 1204 86 1250; x_wconf 67' lang='grc' dir='ltr'><strong><em>νεα.</em></strong></span> <span class='ocrx_word' id='word_1_81' title='bbox 96 1186 217 1275; x_wconf 91' lang='grc' dir='ltr'><strong><em>κόριον</em></strong></span> <span class='ocrx_word' id='word_1_82' title='bbox 240 1184 350 1274; x_wconf 84' lang='grc' dir='ltr'><strong><em>ῶςπερ</em></strong></span> <span class='ocrx_word' id='word_1_83' title='bbox 373 1188 408 1255; x_wconf 76' lang='grc' dir='ltr'><strong><em>ἕν</em></strong></span> <span class='ocrx_word' id='word_1_84' title='bbox 429 1212 463 1253; x_wconf 89' lang='grc' dir='ltr'><strong><em>τι</em></strong></span> <span class='ocrx_word' id='word_1_85' title='bbox 485 1184 588 1265; x_wconf 87' lang='grc' dir='ltr'><strong><em>όντως</em></strong></span> <span class='ocrx_word' id='word_1_86' title='bbox 608 1193 789 1271; x_wconf 83' lang='grc' dir='ltr'><strong><em>γενομένων</em></strong></span> <span class='ocrx_word' id='word_1_87' title='bbox 811 1189 1020 1273; x_wconf 85' lang='grc' dir='ltr'><strong><em>νομίζοντας,</em></strong></span> <span class='ocrx_word' id='word_1_88' title='bbox 1042 1191 1109 1254; x_wconf 91' lang='grc' dir='ltr'><strong><em>τῶν</em></strong></span> <span class='ocrx_word' id='word_1_89' title='bbox 1130 1194 1238 1256; x_wconf 74' lang='grc' dir='ltr'><strong><em>θείων</em></strong></span> <span class='ocrx_word' id='word_1_90' title='bbox 1259 1189 1318 1254; x_wconf 84' lang='grc' dir='ltr'><strong><em>λο·</em></strong></span> 
     </span>
     <span class='ocr_line' id='line_1_11' title="bbox 94 1282 1319 1377; baseline -0.002 -21"><span class='ocrx_word' id='word_1_91' title='bbox 94 1297 174 1377; x_wconf 94' lang='grc' dir='ltr'><strong><em>γίων</em></strong></span> <span class='ocrx_word' id='word_1_92' title='bbox 206 1295 356 1376; x_wconf 76' lang='grc' dir='ltr'><strong><em>γέννησιν</em></strong></span> <span class='ocrx_word' id='word_1_93' title='bbox 384 1282 473 1374; x_wconf 79' lang='grc' dir='ltr'><strong><em>αῦτῶ</em></strong></span> <span class='ocrx_word' id='word_1_94' title='bbox 495 1287 553 1375; x_wconf 79' lang='grc' dir='ltr'><strong><em>τήν</em></strong></span> <span class='ocrx_word' id='word_1_95' title='bbox 576 1284 803 1374; x_wconf 83' lang='grc' dir='ltr'><strong><em>ἁρμόττουσαν</em></strong></span> <span class='ocrx_word' id='word_1_96' title='bbox 831 1294 884 1356; x_wconf 86' lang='grc' dir='ltr'><strong><em>καί</em></strong></span> <span class='ocrx_word' id='word_1_97' title='bbox 907 1296 1119 1376; x_wconf 87' lang='grc' dir='ltr'><strong><em>πρέπουσαν,</em></strong></span> <span class='ocrx_word' id='word_1_98' title='bbox 1150 1282 1220 1355; x_wconf 83' lang='grc' dir='ltr'><strong><em>ἀλλ</em></strong></span> <span class='ocrx_word' id='word_1_99' title='bbox 1245 1283 1319 1370; x_wconf 83' lang='grc' dir='ltr'><strong><em>οῦχὶ</em></strong></span> 
     </span>
     <span class='ocr_line' id='line_1_12' title="bbox 93 1380 1314 1512; baseline -0.002 -54"><span class='ocrx_word' id='word_1_100' title='bbox 93 1391 219 1458; x_wconf 88' lang='grc' dir='ltr'><strong><em>πλάσιν</em></strong></span> <span class='ocrx_word' id='word_1_101' title='bbox 245 1389 322 1457; x_wconf 85' lang='grc' dir='ltr'><strong><em>τινὰ</em></strong></span> <span class='ocrx_word' id='word_1_102' title='bbox 348 1388 404 1456; x_wconf 82' lang='grc' dir='ltr'><strong><em>καὶ</em></strong></span> <span class='ocrx_word' id='word_1_103' title='bbox 430 1396 567 1476; x_wconf 85' lang='grc' dir='ltr'><strong><em>ποίησιν</em></strong></span> <span class='ocrx_word' id='word_1_104' title='bbox 589 1390 935 1478; x_wconf 87' lang='grc' dir='ltr'><strong><em>προςμαρτυροόντων.</em></strong></span> <span class='ocrx_word' id='word_1_105' title='bbox 978 1391 1172 1512; x_wconf 76' lang='grc' dir='ltr'><strong><em>βλάςφημον</em></strong></span> <span class='ocrx_word' id='word_1_106' title='bbox 1195 1380 1253 1456; x_wconf 81' lang='grc' dir='ltr'><strong><em>οῦν</em></strong></span> <span class='ocrx_word' id='word_1_107' title='bbox 1275 1385 1314 1456; x_wconf 88' lang='grc' dir='ltr'><strong><em>οῦ</em></strong></span> 
     </span>
     <span class='ocr_line' id='line_1_13' title="bbox 93 1490 1317 1616; baseline -0.002 -56"><span class='ocrx_word' id='word_1_108' title='bbox 93 1492 133 1569; x_wconf 86' lang='grc' dir='ltr'><strong><em>τό</em></strong></span> <span class='ocrx_word' id='word_1_109' title='bbox 154 1492 260 1576; x_wconf 85' lang='grc' dir='ltr'><strong><em>τυχόν,</em></strong></span> <span class='ocrx_word' id='word_1_110' title='bbox 282 1497 436 1578; x_wconf 86' lang='grc' dir='ltr'><strong><em>μέγιστον</em></strong></span> <span class='ocrx_word' id='word_1_111' title='bbox 458 1492 518 1575; x_wconf 82' lang='grc' dir='ltr'><strong><em>μὲν</em></strong></span> <span class='ocrx_word' id='word_1_112' title='bbox 540 1494 612 1571; x_wconf 87' lang='grc' dir='ltr'><strong><em>οῦν,</em></strong></span> <span class='ocrx_word' id='word_1_113' title='bbox 633 1497 867 1579; x_wconf 80' lang='grc' dir='ltr'><strong><em>χειροποίητον</em></strong></span> <span class='ocrx_word' id='word_1_114' title='bbox 873 1493 1014 1616; x_wconf 86' lang='grc' dir='ltr'><strong><em>τρόπον</em></strong></span> <span class='ocrx_word' id='word_1_115' title='bbox 1036 1491 1111 1614; x_wconf 57' lang='grc' dir='ltr'><strong><em>τινά</em></strong></span> <span class='ocrx_word' id='word_1_116' title='bbox 1132 1492 1238 1575; x_wconf 85' lang='grc' dir='ltr'><strong><em>λέγειν</em></strong></span> <span class='ocrx_word' id='word_1_117' title='bbox 1259 1490 1317 1557; x_wconf 89' lang='grc' dir='ltr'><strong><em>τόν</em></strong></span> 
     </span>
     <span class='ocr_line' id='line_1_14' title="bbox 93 1582 1317 1681; baseline -0.003 -20"><span class='ocrx_word' id='word_1_118' title='bbox 93 1594 214 1681; x_wconf 89' lang='grc' dir='ltr'><strong><em>κύριον.</em></strong></span> <span class='ocrx_word' id='word_1_119' title='bbox 260 1592 345 1661; x_wconf 88' lang='grc' dir='ltr'><strong><em>εί</em></strong></span> <span class='ocrx_word' id='word_1_120' title='bbox 310 1619 371 1680; x_wconf 93' lang='grc' dir='ltr'><strong><em>γαρ</em></strong></span> <span class='ocrx_word' id='word_1_121' title='bbox 392 1598 521 1679; x_wconf 85' lang='grc' dir='ltr'><strong><em>γέγονεν</em></strong></span> <span class='ocrx_word' id='word_1_122' title='bbox 543 1589 623 1672; x_wconf 79' lang='grc' dir='ltr'><strong><em>υἱός,</em></strong></span> <span class='ocrx_word' id='word_1_123' title='bbox 647 1583 687 1678; x_wconf 80' lang='grc' dir='ltr'><strong><em>ἢν</em></strong></span> <span class='ocrx_word' id='word_1_124' title='bbox 709 1587 765 1661; x_wconf 86' lang='grc' dir='ltr'><strong><em>ότε</em></strong></span> <span class='ocrx_word' id='word_1_125' title='bbox 787 1588 845 1659; x_wconf 85' lang='grc' dir='ltr'><strong><em>οόιι</em></strong></span> <span class='ocrx_word' id='word_1_126' title='bbox 865 1583 921 1681; x_wconf 82' lang='grc' dir='ltr'><strong><em>ἧν</em></strong></span> <span class='ocrx_word' id='word_1_127' title='bbox 945 1588 997 1660; x_wconf 85' lang='grc' dir='ltr'><strong><em>ἀει</em></strong></span> <span class='ocrx_word' id='word_1_128' title='bbox 989 1582 1096 1660; x_wconf 81' lang='lat'><strong><em>66³</em></strong></span> <span class='ocrx_word' id='word_1_129' title='bbox 1077 1619 1131 1678; x_wconf 89' lang='grc' dir='ltr'><strong><em>ην,</em></strong></span> <span class='ocrx_word' id='word_1_130' title='bbox 1154 1593 1262 1677; x_wconf 80' lang='grc' dir='ltr'><strong><em>εἴγε</em></strong></span> <span class='ocrx_word' id='word_1_131' title='bbox 1282 1590 1317 1657; x_wconf 78' lang='grc' dir='ltr'><strong><em>έν</em></strong></span> 
     </span>
     <span class='ocr_line' id='line_1_15' title="bbox 94 1686 1318 1783; baseline -0.002 -21"><span class='ocrx_word' id='word_1_132' title='bbox 94 1699 142 1783; x_wconf 74' lang='grc' dir='ltr'><strong><em>τῷ</em></strong></span> <span class='ocrx_word' id='word_1_133' title='bbox 173 1703 278 1781; x_wconf 86' lang='grc' dir='ltr'><strong><em>πατρί</em></strong></span> <span class='ocrx_word' id='word_1_134' title='bbox 309 1694 415 1761; x_wconf 79' lang='grc' dir='ltr'><strong><em>έστιν1</em></strong></span> <span class='ocrx_word' id='word_1_135' title='bbox 415 1705 444 1775; x_wconf 70' lang='grc' dir='ltr'><strong><em>γ,</em></strong></span> <span class='ocrx_word' id='word_1_136' title='bbox 479 1689 524 1772; x_wconf 89' lang='grc' dir='ltr'><strong><em>ῶς</em></strong></span> <span class='ocrx_word' id='word_1_137' title='bbox 551 1686 650 1771; x_wconf 87' lang='grc' dir='ltr'><strong><em>αότός</em></strong></span> <span class='ocrx_word' id='word_1_138' title='bbox 677 1716 776 1782; x_wconf 90' lang='grc' dir='ltr'><strong><em>φησι,</em></strong></span> <span class='ocrx_word' id='word_1_139' title='bbox 810 1693 866 1762; x_wconf 79' lang='grc' dir='ltr'><strong><em>καὶ</em></strong></span> <span class='ocrx_word' id='word_1_140' title='bbox 888 1721 918 1762; x_wconf 88' lang='grc' dir='ltr'><strong><em>ει</em></strong></span> <span class='ocrx_word' id='word_1_141' title='bbox 909 1693 1036 1780; x_wconf 78' lang='grc' dir='ltr'><strong><em>’λόγος</em></strong></span> <span class='ocrx_word' id='word_1_142' title='bbox 1056 1694 1113 1760; x_wconf 79' lang='grc' dir='ltr'><strong><em>καὶ</em></strong></span> <span class='ocrx_word' id='word_1_143' title='bbox 1134 1701 1241 1780; x_wconf 88' lang='grc' dir='ltr'><strong><em>σοφία</em></strong></span> <span class='ocrx_word' id='word_1_144' title='bbox 1262 1691 1318 1759; x_wconf 85' lang='grc' dir='ltr'><strong><em>καὶ</em></strong></span> 
     </span>
     <span class='ocr_line' id='line_1_16' title="bbox 94 1789 1318 1882; baseline -0.001 -18"><span class='ocrx_word' id='word_1_145' title='bbox 94 1795 231 1882; x_wconf 85' lang='grc' dir='ltr'><strong><em>δύναμις</em></strong></span> <span class='ocrx_word' id='word_1_146' title='bbox 253 1792 271 1863; x_wconf 87' lang='grc' dir='ltr'><em>ὃ</em></span> <span class='ocrx_word' id='word_1_147' title='bbox 292 1795 441 1882; x_wconf 85' lang='grc' dir='ltr'><strong><em>χριστός·</em></strong></span> <span class='ocrx_word' id='word_1_148' title='bbox 463 1797 567 1862; x_wconf 90' lang='grc' dir='ltr'><strong><em>ταῦτα</em></strong></span> <span class='ocrx_word' id='word_1_149' title='bbox 587 1792 648 1881; x_wconf 82' lang='grc' dir='ltr'><strong><em>γάρ</em></strong></span> <span class='ocrx_word' id='word_1_150' title='bbox 671 1789 757 1863; x_wconf 79' lang='grc' dir='ltr'><strong><em>εἶναι</em></strong></span> <span class='ocrx_word' id='word_1_151' title='bbox 779 1794 996 1881; x_wconf 84' lang='grc' dir='ltr'><strong><em>τόν-Χριστὸν</em></strong></span> <span class='ocrx_word' id='word_1_152' title='bbox 1018 1797 1054 1863; x_wconf 81' lang='grc' dir='ltr'><strong><em>αλ</em></strong></span> <span class='ocrx_word' id='word_1_153' title='bbox 1073 1802 1171 1862; x_wconf 74' lang='grc' dir='ltr'><strong><em>θεῖαι</em></strong></span> <span class='ocrx_word' id='word_1_154' title='bbox 1185 1796 1318 1880; x_wconf 85' lang='grc' dir='ltr'><strong><em>λέγουσι</em></strong></span> 
     </span>
     <span class='ocr_line' id='line_1_17' title="bbox 92 1887 1317 1986; baseline -0.003 -20"><span class='ocrx_word' id='word_1_155' title='bbox 92 1904 233 1986; x_wconf 85' lang='grc' dir='ltr'><strong><em>γραφαί,</em></strong></span> <span class='ocrx_word' id='word_1_156' title='bbox 268 1894 376 1982; x_wconf 85' lang='grc' dir='ltr'><strong><em>ῶςπερ</em></strong></span> <span class='ocrx_word' id='word_1_157' title='bbox 410 1892 615 1963; x_wconf 70' lang='grc' dir='ltr'><strong><em>ἐπίστασθε·</em></strong></span> <span class='ocrx_word' id='word_1_158' title='bbox 647 1899 752 1962; x_wconf 88' lang='grc' dir='ltr'><strong><em>ταῦτα</em></strong></span> <span class='ocrx_word' id='word_1_159' title='bbox 785 1898 821 1963; x_wconf 85' lang='grc' dir='ltr'><strong><em>δὲ</em></strong></span> <span class='ocrx_word' id='word_1_160' title='bbox 850 1897 1004 1981; x_wconf 90' lang='grc' dir='ltr'><strong><em>δυνάμεις</em></strong></span> <span class='ocrx_word' id='word_1_161' title='bbox 1032 1887 1130 1964; x_wconf 83' lang='grc' dir='ltr'><strong><em>οόσαι</em></strong></span> <span class='ocrx_word' id='word_1_162' title='bbox 1151 1899 1210 1963; x_wconf 92' lang='grc' dir='ltr'><strong><em>τοῦ</em></strong></span> <span class='ocrx_word' id='word_1_163' title='bbox 1232 1899 1317 1965; x_wconf 72' lang='grc' dir='ltr'><strong><em>θεοῦ</em></strong></span> 
     </span>
     <span class='ocr_line' id='line_1_18' title="bbox 92 1989 1318 2122; baseline -0.001 -56"><span class='ocrx_word' id='word_1_164' title='bbox 92 2001 314 2086; x_wconf 88' lang='grc' dir='ltr'><strong><em>τυγχάνουσιν.</em></strong></span> <span class='ocrx_word' id='word_1_165' title='bbox 360 1997 390 2065; x_wconf 81' lang='grc' dir='ltr'><strong><em>εἰ</em></strong></span> <span class='ocrx_word' id='word_1_166' title='bbox 410 2005 520 2065; x_wconf 90' lang='grc' dir='ltr'><strong><em>τοίνυν</em></strong></span> <span class='ocrx_word' id='word_1_167' title='bbox 542 2003 689 2122; x_wconf 70' lang='lat' dir='ltr'><strong><em>y6ym¹ev3</em></strong></span> <span class='ocrx_word' id='word_1_168' title='bbox 694 1995 712 2064; x_wconf 88' lang='lat'><strong><em>6</em></strong></span> <span class='ocrx_word' id='word_1_169' title='bbox 735 1998 822 2078; x_wconf 82' lang='grc' dir='ltr'><strong><em>οἶός,</em></strong></span> <span class='ocrx_word' id='word_1_170' title='bbox 850 1990 889 2086; x_wconf 79' lang='grc' dir='ltr'><strong><em>ἦν</em></strong></span> <span class='ocrx_word' id='word_1_171' title='bbox 912 1996 968 2066; x_wconf 82' lang='grc' dir='ltr'><strong><em>ὅτε</em></strong></span> <span class='ocrx_word' id='word_1_172' title='bbox 990 1993 1048 2066; x_wconf 86' lang='grc' dir='ltr'><strong><em>οῦκ</em></strong></span> <span class='ocrx_word' id='word_1_173' title='bbox 1067 1989 1107 2085; x_wconf 78' lang='grc' dir='ltr'><strong><em>ἢν</em></strong></span> <span class='ocrx_word' id='word_1_174' title='bbox 1128 2002 1249 2080; x_wconf 89' lang='grc' dir='ltr'><strong><em>ταῦτα,</em></strong></span> <span class='ocrx_word' id='word_1_175' title='bbox 1278 1989 1318 2084; x_wconf 82' lang='grc' dir='ltr'><strong><em>ἧν</em></strong></span> 
     </span>
     <span class='ocr_line' id='line_1_19' title="bbox 91 2088 1316 2221; baseline -0.002 -53"><span class='ocrx_word' id='word_1_176' title='bbox 91 2099 158 2189; x_wconf 75' lang='grc' dir='ltr'><strong><em>ἀρα</em></strong></span> <span class='ocrx_word' id='word_1_177' title='bbox 179 2100 301 2188; x_wconf 85' lang='grc' dir='ltr'><strong><em>καιρός,</em></strong></span> <span class='ocrx_word' id='word_1_178' title='bbox 325 2096 381 2168; x_wconf 82' lang='grc' dir='ltr'><strong><em>ὅτε</em></strong></span> <span class='ocrx_word' id='word_1_179' title='bbox 401 2097 503 2184; x_wconf 83' lang='grc' dir='ltr'><strong><em>χωρὶς</em></strong></span> <span class='ocrx_word' id='word_1_180' title='bbox 522 2098 648 2167; x_wconf 85' lang='grc' dir='ltr'><strong><em>τούτων</em></strong></span> <span class='ocrx_word' id='word_1_181' title='bbox 670 2088 709 2186; x_wconf 81' lang='grc' dir='ltr'><strong><em>ἦν</em></strong></span> <span class='ocrx_word' id='word_1_182' title='bbox 732 2096 750 2164; x_wconf 91' lang='lat'><strong><em>6</em></strong></span> <span class='ocrx_word' id='word_1_183' title='bbox 773 2099 863 2221; x_wconf 72' lang='grc' dir='ltr'><strong><em>θεός.</em></strong></span> <span class='ocrx_word' id='word_1_184' title='bbox 910 2095 1127 2167; x_wconf 86' lang='grc' dir='ltr'><strong><em>ἀτοπώτατον</em></strong></span> <span class='ocrx_word' id='word_1_185' title='bbox 1150 2100 1186 2167; x_wconf 82' lang='grc' dir='ltr'><strong><em>δὲ</em></strong></span> <span class='ocrx_word' id='word_1_186' title='bbox 1207 2103 1316 2166; x_wconf 89' lang='grc' dir='ltr'><strong><em>τοῦτο.</em></strong></span> 
     </span>
     <span class='ocr_line' id='line_1_20' title="bbox 92 2197 1318 2323; baseline -0.002 -53"><span class='ocrx_word' id='word_1_187' title='bbox 92 2202 149 2270; x_wconf 85' lang='grc' dir='ltr'><strong><em>καὶ</em></strong></span> <span class='ocrx_word' id='word_1_188' title='bbox 173 2197 258 2269; x_wconf 67' lang='grc' dir='ltr'><strong><em>τί”</em></strong></span> <span class='ocrx_word' id='word_1_189' title='bbox 236 2228 276 2268; x_wconf 87' lang='grc' dir='ltr'><strong><em>αν</em></strong></span> <span class='ocrx_word' id='word_1_190' title='bbox 304 2200 362 2268; x_wconf 76' lang='grc' dir='ltr'><strong><em>ἐπὶ</em></strong></span> <span class='ocrx_word' id='word_1_191' title='bbox 390 2203 492 2267; x_wconf 82' lang='grc' dir='ltr'><strong><em>πλέον</em></strong></span> <span class='ocrx_word' id='word_1_192' title='bbox 515 2197 607 2321; x_wconf 67' lang='grc' dir='ltr'><strong><em>περλ</em></strong></span> <span class='ocrx_word' id='word_1_193' title='bbox 615 2200 741 2267; x_wconf 83' lang='grc' dir='ltr'><strong><em>τούτων</em></strong></span> <span class='ocrx_word' id='word_1_194' title='bbox 763 2201 848 2286; x_wconf 88' lang='grc' dir='ltr'><strong><em>πρὸς</em></strong></span> <span class='ocrx_word' id='word_1_195' title='bbox 869 2197 954 2285; x_wconf 84' lang='grc' dir='ltr'><strong><em>όμᾶς</em></strong></span> <span class='ocrx_word' id='word_1_196' title='bbox 977 2202 1202 2323; x_wconf 86' lang='grc' dir='ltr'><strong><em>διαλεγοίμην,</em></strong></span> <span class='ocrx_word' id='word_1_197' title='bbox 1231 2199 1318 2288; x_wconf 86' lang='grc' dir='ltr'><strong><em>πρὸς</em></strong></span> 
     </span>
     <span class='ocr_line' id='line_1_21' title="bbox 93 2296 1318 2422; baseline -0.003 -51"><span class='ocrx_word' id='word_1_198' title='bbox 93 2302 215 2388; x_wconf 83' lang='grc' dir='ltr'><strong><em>ἀνδρας</em></strong></span> <span class='ocrx_word' id='word_1_199' title='bbox 236 2300 532 2389; x_wconf 85' lang='grc' dir='ltr'><strong><em>πνευματοφόρους</em></strong></span> <span class='ocrx_word' id='word_1_200' title='bbox 553 2299 609 2366; x_wconf 78' lang='grc' dir='ltr'><strong><em>καλ</em></strong></span> <span class='ocrx_word' id='word_1_201' title='bbox 626 2306 748 2422; x_wconf 77' lang='grc' dir='ltr'><strong><em>σαφῶς</em></strong></span> <span class='ocrx_word' id='word_1_202' title='bbox 771 2302 1011 2386; x_wconf 81' lang='grc' dir='ltr'><strong><em>ἐπισταμένους</em></strong></span> <span class='ocrx_word' id='word_1_203' title='bbox 1025 2301 1085 2381; x_wconf 88' lang='grc' dir='ltr'><strong><em>τὰς</em></strong></span> <span class='ocrx_word' id='word_1_204' title='bbox 1099 2296 1244 2380; x_wconf 80' lang='grc' dir='ltr'><strong><em>ἀτοπίας</em></strong></span> <span class='ocrx_word' id='word_1_205' title='bbox 1258 2301 1318 2379; x_wconf 82' lang='grc' dir='ltr'><strong><em>τὰς</em></strong></span> 
     </span>
     <span class='ocr_line' id='line_1_22' title="bbox 93 2398 1318 2524; baseline -0.002 -51"><span class='ocrx_word' id='word_1_206' title='bbox 93 2403 127 2473; x_wconf 77' lang='grc' dir='ltr'><strong><em>ἓν</em></strong></span> <span class='ocrx_word' id='word_1_207' title='bbox 148 2409 207 2472; x_wconf 92' lang='grc' dir='ltr'><strong><em>τοῦ</em></strong></span> <span class='ocrx_word' id='word_1_208' title='bbox 229 2409 359 2491; x_wconf 87' lang='grc' dir='ltr'><strong><em>ποίημα</em></strong></span> <span class='ocrx_word' id='word_1_209' title='bbox 381 2403 485 2488; x_wconf 79' lang='grc' dir='ltr'><strong><em>λέγειν</em></strong></span> <span class='ocrx_word' id='word_1_210' title='bbox 507 2399 564 2468; x_wconf 88' lang='grc' dir='ltr'><strong><em>τόν</em></strong></span> <span class='ocrx_word' id='word_1_211' title='bbox 586 2401 659 2468; x_wconf 83' lang='grc' dir='ltr'><strong><em>υἱὸν</em></strong></span> <span class='ocrx_word' id='word_1_212' title='bbox 680 2399 1003 2485; x_wconf 71' lang='grc' dir='ltr'><strong><em>άνακυπτοόσαςςα</em></strong></span> <span class='ocrx_word' id='word_1_213' title='bbox 982 2398 1035 2481; x_wconf 83' lang='grc' dir='ltr'><strong><em>αίς</em></strong></span> <span class='ocrx_word' id='word_1_214' title='bbox 1048 2426 1108 2486; x_wconf 93' lang='grc' dir='ltr'><strong><em>μοι</em></strong></span> <span class='ocrx_word' id='word_1_215' title='bbox 1123 2402 1312 2470; x_wconf 86' lang='grc' dir='ltr'><strong><em>δοκοῦσι</em></strong></span> <span class='ocrx_word' id='word_1_216' title='bbox 1272 2428 1318 2524; x_wconf 82' lang='grc' dir='ltr'><strong><em>μη</em></strong></span> 
     </span>
     <span class='ocr_line' id='line_1_23' title="bbox 91 2501 1319 2593; baseline -0.002 -21"><span class='ocrx_word' id='word_1_217' title='bbox 91 2509 347 2593; x_wconf 86' lang='grc' dir='ltr'><strong><em>προςεσχηκέναι</em></strong></span> <span class='ocrx_word' id='word_1_218' title='bbox 366 2501 425 2568; x_wconf 89' lang='grc' dir='ltr'><strong><em>τόν</em></strong></span> <span class='ocrx_word' id='word_1_219' title='bbox 448 2505 523 2570; x_wconf 89' lang='grc' dir='ltr'><strong><em>νοῦν</em></strong></span> <span class='ocrx_word' id='word_1_220' title='bbox 546 2503 579 2567; x_wconf 85' lang='grc' dir='ltr'><strong><em>οί</em></strong></span> <span class='ocrx_word' id='word_1_221' title='bbox 601 2503 930 2590; x_wconf 75' lang='grc' dir='ltr'><strong><em>καθηγησάμενοι</em></strong></span> <span class='ocrx_word' id='word_1_222' title='bbox 891 2530 949 2591; x_wconf 85' lang='grc' dir='ltr'><strong><em>της</em></strong></span> <span class='ocrx_word' id='word_1_223' title='bbox 971 2503 1068 2586; x_wconf 79' lang='grc' dir='ltr'><strong><em>δόξης</em></strong></span> <span class='ocrx_word' id='word_1_224' title='bbox 1090 2502 1239 2592; x_wconf 61' lang='grc' dir='ltr'><strong><em>’ταύτης</em></strong></span> <span class='ocrx_word' id='word_1_225' title='bbox 1262 2503 1319 2572; x_wconf 83' lang='grc' dir='ltr'><strong><em>καὶ</em></strong></span> 
     </span>
     <span class='ocr_line' id='line_1_24' title="bbox 92 2598 1319 2693; baseline -0.002 -19"><span class='ocrx_word' id='word_1_226' title='bbox 92 2605 149 2674; x_wconf 86' lang='grc' dir='ltr'><strong><em>διὰ</em></strong></span> <span class='ocrx_word' id='word_1_227' title='bbox 169 2609 267 2673; x_wconf 92' lang='grc' dir='ltr'><strong><em>τοῦτο</em></strong></span> <span class='ocrx_word' id='word_1_228' title='bbox 289 2605 408 2691; x_wconf 83' lang='grc' dir='ltr'><strong><em>κομιδῇ</em></strong></span> <span class='ocrx_word' id='word_1_229' title='bbox 430 2607 487 2669; x_wconf 91' lang='grc' dir='ltr'><strong><em>τοῦ</em></strong></span> <span class='ocrx_word' id='word_1_230' title='bbox 510 2598 659 2690; x_wconf 75' lang='grc' dir='ltr'><strong><em>ἀληθοῦς</em></strong></span> <span class='ocrx_word' id='word_1_231' title='bbox 681 2605 950 2693; x_wconf 85' lang='grc' dir='ltr'><strong><em>διημαρτηκέναι,</em></strong></span> <span class='ocrx_word' id='word_1_232' title='bbox 982 2605 1100 2689; x_wconf 79' lang='grc' dir='ltr'><strong><em>ἑτέρως</em></strong></span> <span class='ocrx_word' id='word_1_233' title='bbox 1119 2598 1141 2691; x_wconf 82' lang='lat'><strong><em>6</em></strong></span> <span class='ocrx_word' id='word_1_234' title='bbox 1162 2604 1319 2690; x_wconf 80' lang='grc' dir='ltr'><strong><em>βούλεται</em></strong></span> 
     </span>
    </p>
   </div>
   <div class='ocr_carea' id='block_1_3' title="bbox 88 2702 1320 3402">
    <p class='ocr_par' dir='ltr' id='par_1_3' title="bbox 88 2702 1320 3402">
     <span class='ocr_line' id='line_1_25' title="bbox 89 2702 1320 2799; baseline -0.002 -24"><span class='ocrx_word' id='word_1_235' title='bbox 89 2709 191 2795; x_wconf 78' lang='grc' dir='ltr'><strong><em>ταότη</em></strong></span> <span class='ocrx_word' id='word_1_236' title='bbox 223 2704 243 2795; x_wconf 92' lang='lat'><strong><em>6</em></strong></span> <span class='ocrx_word' id='word_1_237' title='bbox 277 2712 358 2773; x_wconf 74' lang='grc' dir='ltr'><strong><em>θεία</em></strong></span> <span class='ocrx_word' id='word_1_238' title='bbox 383 2704 438 2772; x_wconf 85' lang='grc' dir='ltr'><strong><em>καὶ</em></strong></span> <span class='ocrx_word' id='word_1_239' title='bbox 467 2704 656 2792; x_wconf 83' lang='grc' dir='ltr'><strong><em>προφητική</em></strong></span> <span class='ocrx_word' id='word_1_240' title='bbox 683 2705 792 2799; x_wconf 82' lang='grc' dir='ltr'><strong><em>γραφὴ</em></strong></span> <span class='ocrx_word' id='word_1_241' title='bbox 820 2705 860 2772; x_wconf 93' lang='grc' dir='ltr'><strong><em>τό</em></strong></span> <span class='ocrx_word' id='word_1_242' title='bbox 886 2706 999 2792; x_wconf 86' lang='grc' dir='ltr'><strong><em>κόριος</em></strong></span> <span class='ocrx_word' id='word_1_243' title='bbox 1027 2706 1133 2772; x_wconf 72' lang='grc' dir='ltr'><strong><em>ἔκτιοέ</em></strong></span> <span class='ocrx_word' id='word_1_244' title='bbox 1152 2731 1195 2789; x_wconf 90' lang='grc' dir='ltr'><strong><em>με</em></strong></span> <span class='ocrx_word' id='word_1_245' title='bbox 1217 2702 1320 2794; x_wconf 80' lang='grc' dir='ltr'><strong><em>ἀρχήν</em></strong></span> 
     </span>
     <span class='ocr_line' id='line_1_26' title="bbox 92 2802 1316 2894; baseline -0.001 -18"><span class='ocrx_word' id='word_1_246' title='bbox 92 2804 178 2877; x_wconf 84' lang='grc' dir='ltr'><strong><em>ὁδῶν</em></strong></span> <span class='ocrx_word' id='word_1_247' title='bbox 206 2804 335 2887; x_wconf 63' lang='grc' dir='ltr'><strong><em>αὐτοῦ’)</em></strong></span> <span class='ocrx_word' id='word_1_248' title='bbox 365 2807 581 2891; x_wconf 76' lang='grc' dir='ltr'><strong><em>ἐκδεξάμενοι.</em></strong></span> <span class='ocrx_word' id='word_1_249' title='bbox 627 2802 664 2872; x_wconf 87' lang='grc' dir='ltr'><strong><em>οῦ</em></strong></span> <span class='ocrx_word' id='word_1_250' title='bbox 692 2813 754 2892; x_wconf 89' lang='grc' dir='ltr'><strong><em>μία</em></strong></span> <span class='ocrx_word' id='word_1_251' title='bbox 781 2806 843 2894; x_wconf 86' lang='grc' dir='ltr'><strong><em>γὰρ</em></strong></span> <span class='ocrx_word' id='word_1_252' title='bbox 870 2802 890 2894; x_wconf 97' lang='lat'><strong><em>6</em></strong></span> <span class='ocrx_word' id='word_1_253' title='bbox 913 2810 971 2872; x_wconf 87' lang='grc' dir='ltr'><strong><em>τοῦ</em></strong></span> <span class='ocrx_word' id='word_1_254' title='bbox 995 2807 1135 2885; x_wconf 79' lang='grc' dir='ltr'><strong><em>ἐ’κτισεν,</em></strong></span> <span class='ocrx_word' id='word_1_255' title='bbox 1165 2802 1212 2885; x_wconf 88' lang='grc' dir='ltr'><strong><em>ῶς</em></strong></span> <span class='ocrx_word' id='word_1_256' title='bbox 1234 2808 1316 2887; x_wconf 76' lang='grc' dir='ltr'><strong><em>ἴστε,</em></strong></span> 
     </span>
     <span class='ocr_line' id='line_1_27' title="bbox 91 2903 1318 2998; baseline -0.002 -21"><span class='ocrx_word' id='word_1_257' title='bbox 91 2917 254 2998; x_wconf 91' lang='grc' dir='ltr'><strong><em>σημασία·</em></strong></span> <span class='ocrx_word' id='word_1_258' title='bbox 285 2910 391 2977; x_wconf 78' lang='grc' dir='ltr'><strong><em>έκτισε</em></strong></span> <span class='ocrx_word' id='word_1_259' title='bbox 418 2908 479 2997; x_wconf 85' lang='grc' dir='ltr'><strong><em>γὰρ</em></strong></span> <span class='ocrx_word' id='word_1_260' title='bbox 509 2909 656 2976; x_wconf 71' lang='grc' dir='ltr'><strong><em>ἐνταῦθα</em></strong></span> <span class='ocrx_word' id='word_1_261' title='bbox 685 2904 861 2977; x_wconf 78' lang='grc' dir='ltr'><strong><em>ἀκουστέον</em></strong></span> <span class='ocrx_word' id='word_1_262' title='bbox 884 2903 959 2975; x_wconf 83' lang='grc' dir='ltr'><strong><em>ἀντὶ</em></strong></span> <span class='ocrx_word' id='word_1_263' title='bbox 980 2911 1038 2973; x_wconf 85' lang='grc' dir='ltr'><strong><em>τοῦ</em></strong></span> <span class='ocrx_word' id='word_1_264' title='bbox 1061 2907 1224 2994; x_wconf 77' lang='grc' dir='ltr'><strong><em>ἐπέστησε</em></strong></span> <span class='ocrx_word' id='word_1_265' title='bbox 1245 2919 1318 2986; x_wconf 84' lang='grc' dir='ltr'><strong><em>τοῖς</em></strong></span> 
     </span>
     <span class='ocr_line' id='line_1_28' title="bbox 90 3004 1317 3097; baseline -0.002 -19"><span class='ocrx_word' id='word_1_266' title='bbox 90 3007 146 3078; x_wconf 76' lang='grc' dir='ltr'><strong><em>ὑπ’</em></strong></span> <span class='ocrx_word' id='word_1_267' title='bbox 172 3007 271 3078; x_wconf 88' lang='grc' dir='ltr'><strong><em>αῦτοῦ</em></strong></span> <span class='ocrx_word' id='word_1_268' title='bbox 293 3010 461 3096; x_wconf 85' lang='grc' dir='ltr'><strong><em>γεγονόσιν</em></strong></span> <span class='ocrx_word' id='word_1_269' title='bbox 484 3010 599 3097; x_wconf 76' lang='grc' dir='ltr'><strong><em>έργοις,</em></strong></span> <span class='ocrx_word' id='word_1_270' title='bbox 622 3010 773 3096; x_wconf 86' lang='grc' dir='ltr'><strong><em>γεγονόσι</em></strong></span> <span class='ocrx_word' id='word_1_271' title='bbox 795 3010 831 3076; x_wconf 83' lang='grc' dir='ltr'><strong><em>δέ</em></strong></span> <span class='ocrx_word' id='word_1_272' title='bbox 854 3004 901 3076; x_wconf 81' lang='grc' dir='ltr'><strong><em>δι’</em></strong></span> <span class='ocrx_word' id='word_1_273' title='bbox 926 3005 1027 3076; x_wconf 89' lang='grc' dir='ltr'><strong><em>αότοῦ</em></strong></span> <span class='ocrx_word' id='word_1_274' title='bbox 1049 3012 1109 3074; x_wconf 91' lang='grc' dir='ltr'><strong><em>τοῦ</em></strong></span> <span class='ocrx_word' id='word_1_275' title='bbox 1131 3010 1221 3075; x_wconf 79' lang='grc' dir='ltr'><strong><em>υἱοῦ·</em></strong></span> <span class='ocrx_word' id='word_1_276' title='bbox 1245 3005 1317 3092; x_wconf 83' lang='grc' dir='ltr'><strong><em>οόχὶ</em></strong></span> 
     </span>
     <span class='ocr_line' id='line_1_29' title="bbox 91 3106 1317 3198; baseline -0.002 -19"><span class='ocrx_word' id='word_1_277' title='bbox 91 3112 128 3179; x_wconf 89' lang='grc' dir='ltr'><strong><em>δέ</em></strong></span> <span class='ocrx_word' id='word_1_278' title='bbox 148 3136 185 3198; x_wconf 87' lang='grc' dir='ltr'><strong><em>γε</em></strong></span> <span class='ocrx_word' id='word_1_279' title='bbox 205 3110 244 3177; x_wconf 90' lang='grc' dir='ltr'><strong><em>τό</em></strong></span> <span class='ocrx_word' id='word_1_280' title='bbox 268 3111 373 3177; x_wconf 68' lang='grc' dir='ltr'><strong><em>ἔκτισε</em></strong></span> <span class='ocrx_word' id='word_1_281' title='bbox 400 3115 456 3177; x_wconf 90' lang='grc' dir='ltr'><strong><em>νῦν</em></strong></span> <span class='ocrx_word' id='word_1_282' title='bbox 484 3106 600 3197; x_wconf 77' lang='grc' dir='ltr'><strong><em>λέγοιτ’</em></strong></span> <span class='ocrx_word' id='word_1_283' title='bbox 624 3106 681 3177; x_wconf 66' lang='lat'><strong><em>⁶66</em></strong></span> <span class='ocrx_word' id='word_1_284' title='bbox 710 3111 768 3179; x_wconf 82' lang='grc' dir='ltr'><strong><em>έπί</em></strong></span> <span class='ocrx_word' id='word_1_285' title='bbox 795 3114 855 3178; x_wconf 90' lang='grc' dir='ltr'><strong><em>τοῦ</em></strong></span> <span class='ocrx_word' id='word_1_286' title='bbox 883 3110 1036 3198; x_wconf 76' lang='grc' dir='ltr'><strong><em>ἐποίησε·</em></strong></span> <span class='ocrx_word' id='word_1_287' title='bbox 1071 3111 1223 3198; x_wconf 81' lang='grc' dir='ltr'><strong><em>διαφέρει</em></strong></span> <span class='ocrx_word' id='word_1_288' title='bbox 1254 3110 1317 3195; x_wconf 83' lang='grc' dir='ltr'><strong><em>γὰρ</em></strong></span> 
     </span>
     <span class='ocr_line' id='line_1_30' title="bbox 88 3203 1316 3299; baseline 0.001 -21"><span class='ocrx_word' id='word_1_289' title='bbox 88 3215 148 3278; x_wconf 88' lang='grc' dir='ltr'><strong><em>τοῦ</em></strong></span> <span class='ocrx_word' id='word_1_290' title='bbox 171 3215 313 3298; x_wconf 80' lang='grc' dir='ltr'><strong><em>ποιήσαι</em></strong></span> <span class='ocrx_word' id='word_1_291' title='bbox 334 3211 373 3277; x_wconf 90' lang='grc' dir='ltr'><strong><em>τὸ</em></strong></span> <span class='ocrx_word' id='word_1_292' title='bbox 394 3218 513 3279; x_wconf 90' lang='grc' dir='ltr'><strong><em>κτίσαι.</em></strong></span> <span class='ocrx_word' id='word_1_293' title='bbox 559 3207 616 3280; x_wconf 90' lang='grc' dir='ltr'><strong><em>οῦκ</em></strong></span> <span class='ocrx_word' id='word_1_294' title='bbox 639 3208 737 3292; x_wconf 81' lang='grc' dir='ltr'><strong><em>αῦτὸς</em></strong></span> <span class='ocrx_word' id='word_1_295' title='bbox 757 3203 855 3293; x_wconf 82' lang='grc' dir='ltr'><strong><em>οῦτός</em></strong></span> <span class='ocrx_word' id='word_1_296' title='bbox 876 3236 937 3280; x_wconf 93' lang='grc' dir='ltr'><strong><em>σου</em></strong></span> <span class='ocrx_word' id='word_1_297' title='bbox 959 3212 1070 3299; x_wconf 82' lang='grc' dir='ltr'><strong><em>πατὴρ</em></strong></span> <span class='ocrx_word' id='word_1_298' title='bbox 1092 3210 1253 3298; x_wconf 83' lang='grc' dir='ltr'><strong><em>ίκτήσατό</em></strong></span> <span class='ocrx_word' id='word_1_299' title='bbox 1268 3235 1316 3293; x_wconf 86' lang='grc' dir='ltr'><strong><em>σε,</em></strong></span> 
     </span>
     <span class='ocr_line' id='line_1_31' title="bbox 89 3312 1315 3402; baseline -0.002 -22"><span class='ocrx_word' id='word_1_300' title='bbox 89 3312 146 3380; x_wconf 84' lang='grc' dir='ltr'><strong><em>καὶ</em></strong></span> <span class='ocrx_word' id='word_1_301' title='bbox 174 3313 312 3399; x_wconf 74' lang='grc' dir='ltr'><strong><em>ἐποίησέ</em></strong></span> <span class='ocrx_word' id='word_1_302' title='bbox 340 3337 377 3380; x_wconf 90' lang='grc' dir='ltr'><strong><em>σε</em></strong></span> <span class='ocrx_word' id='word_1_303' title='bbox 403 3317 458 3381; x_wconf 82' lang='grc' dir='ltr'><strong><em>καὶ</em></strong></span> <span class='ocrx_word' id='word_1_304' title='bbox 487 3314 593 3381; x_wconf 74' lang='grc' dir='ltr'><strong><em>όκτισέ</em></strong></span> <span class='ocrx_word' id='word_1_305' title='bbox 615 3317 701 3398; x_wconf 66' lang='grc' dir='ltr'><strong><em>σε’),·</em></strong></span> <span class='ocrx_word' id='word_1_306' title='bbox 733 3318 775 3402; x_wconf 83' lang='grc' dir='ltr'><strong><em>τῇ</em></strong></span> <span class='ocrx_word' id='word_1_307' title='bbox 803 3314 838 3383; x_wconf 76' lang='grc' dir='ltr'><strong><em>όν</em></strong></span> <span class='ocrx_word' id='word_1_308' title='bbox 859 3318 906 3401; x_wconf 82' lang='grc' dir='ltr'><strong><em>τῶ</em></strong></span> <span class='ocrx_word' id='word_1_309' title='bbox 930 3315 1168 3399; x_wconf 81' lang='grc' dir='ltr'><strong><em>δευτερονομίιμ</em></strong></span> <span class='ocrx_word' id='word_1_310' title='bbox 1188 3312 1315 3400; x_wconf 84' lang='grc' dir='ltr'><strong><em>μεγάλῃ</em></strong></span> 
     </span>
    </p>
   </div>
   <div class='ocr_carea' id='block_1_4' title="bbox 88 3405 1317 4010">
    <p class='ocr_par' dir='ltr' id='par_1_4' title="bbox 88 3405 1317 4010">
     <span class='ocr_line' id='line_1_32' title="bbox 89 3405 1317 3515; baseline 0 -36"><span class='ocrx_word' id='word_1_311' title='bbox 89 3409 158 3515; x_wconf 82' lang='grc' dir='ltr'><strong><em>ῶδῇ</em></strong></span> <span class='ocrx_word' id='word_1_312' title='bbox 182 3410 345 3503; x_wconf 85' lang='grc' dir='ltr'><strong><em>όΜωσῆς</em></strong></span> <span class='ocrx_word' id='word_1_313' title='bbox 367 3439 458 3503; x_wconf 88' lang='grc' dir='ltr'><strong><em>φησι.</em></strong></span> <span class='ocrx_word' id='word_1_314' title='bbox 503 3413 600 3502; x_wconf 86' lang='grc' dir='ltr'><strong><em>πρὸς</em></strong></span> <span class='ocrx_word' id='word_1_315' title='bbox 609 3414 671 3495; x_wconf 83' lang='grc' dir='ltr'><strong><em>οῦς</em></strong></span> <span class='ocrx_word' id='word_1_316' title='bbox 691 3419 746 3483; x_wconf 85' lang='grc' dir='ltr'><strong><em>καί</em></strong></span> <span class='ocrx_word' id='word_1_317' title='bbox 767 3413 906 3485; x_wconf 78' lang='grc' dir='ltr'><strong><em>είποι”</em></strong></span> <span class='ocrx_word' id='word_1_318' title='bbox 883 3442 923 3483; x_wconf 93' lang='grc' dir='ltr'><strong><em>αν</em></strong></span> <span class='ocrx_word' id='word_1_319' title='bbox 944 3436 1011 3494; x_wconf 89' lang='grc' dir='ltr'><strong><em>τις</em></strong></span> <span class='ocrx_word' id='word_1_320' title='bbox 1035 3440 1062 3481; x_wconf 92' lang='grc' dir='ltr'><strong><em>ω</em></strong></span> <span class='ocrx_word' id='word_1_321' title='bbox 1047 3405 1317 3499; x_wconf 70' lang='grc' dir='ltr'><strong><em>’ῥιψοκίνδυνοι</em></strong></span> 
     </span>
     <span class='ocr_line' id='line_1_33' title="bbox 89 3496 1317 3640; baseline -0.002 -58"><span class='ocrx_word' id='word_1_322' title='bbox 89 3496 283 3603; x_wconf 71' lang='grc' dir='ltr'><strong><em>ἄνθρωποι,</em></strong></span> <span class='ocrx_word' id='word_1_323' title='bbox 307 3513 476 3605; x_wconf 67' lang='grc' dir='ltr'><strong><em>ποίημαῐ</em></strong></span> <span class='ocrx_word' id='word_1_324' title='bbox 460 3541 478 3583; x_wconf 93' lang='grc' dir='ltr'><strong><em>ο</em></strong></span> <span class='ocrx_word' id='word_1_325' title='bbox 499 3516 712 3603; x_wconf 86' lang='grc' dir='ltr'><strong><em>πρωτότοκος</em></strong></span> <span class='ocrx_word' id='word_1_326' title='bbox 732 3517 844 3640; x_wconf 83' lang='grc' dir='ltr'><strong><em>πάσης</em></strong></span> <span class='ocrx_word' id='word_1_327' title='bbox 864 3520 1046 3598; x_wconf 44' lang='grc' dir='ltr'><strong><em>κτίσεωςί),</em></strong></span> <span class='ocrx_word' id='word_1_328' title='bbox 1076 3510 1095 3581; x_wconf 89' lang='lat'><strong><em>6</em></strong></span> <span class='ocrx_word' id='word_1_329' title='bbox 1117 3514 1153 3583; x_wconf 76' lang='grc' dir='ltr'><strong><em>ἐκ</em></strong></span> <span class='ocrx_word' id='word_1_330' title='bbox 1173 3515 1317 3602; x_wconf 89' lang='grc' dir='ltr'><strong><em>γαστρὸς</em></strong></span> 
     </span>
     <span class='ocr_line' id='line_1_34' title="bbox 88 3614 1315 3707; baseline -0.002 -24"><span class='ocrx_word' id='word_1_331' title='bbox 88 3616 157 3702; x_wconf 88' lang='grc' dir='ltr'><strong><em>πρό</em></strong></span> <span class='ocrx_word' id='word_1_332' title='bbox 185 3618 355 3705; x_wconf 78' lang='grc' dir='ltr'><strong><em>έωςφόρου</em></strong></span> <span class='ocrx_word' id='word_1_333' title='bbox 381 3622 597 3707; x_wconf 55' lang='grc' dir='ltr'><strong><em>γεννηθείςί),</em></strong></span> <span class='ocrx_word' id='word_1_334' title='bbox 625 3615 702 3683; x_wconf 90' lang='lat'><strong><em>6’</em></strong></span> <span class='ocrx_word' id='word_1_335' title='bbox 673 3618 777 3687; x_wconf 86' lang='grc' dir='ltr'><strong><em>ειπῶν</em></strong></span> <span class='ocrx_word' id='word_1_336' title='bbox 800 3614 845 3697; x_wconf 84' lang='grc' dir='ltr'><strong><em>ῶς</em></strong></span> <span class='ocrx_word' id='word_1_337' title='bbox 867 3624 989 3706; x_wconf 88' lang='grc' dir='ltr'><strong><em>σοφία·</em></strong></span> <span class='ocrx_word' id='word_1_338' title='bbox 1017 3616 1085 3702; x_wconf 89' lang='grc' dir='ltr'><strong><em>πρὸ</em></strong></span> <span class='ocrx_word' id='word_1_339' title='bbox 1114 3616 1150 3682; x_wconf 78' lang='grc' dir='ltr'><strong><em>δὲ</em></strong></span> <span class='ocrx_word' id='word_1_340' title='bbox 1177 3614 1315 3682; x_wconf 85' lang='grc' dir='ltr'><strong><em>πάντων</em></strong></span> 
     </span>
     <span class='ocr_line' id='line_1_35' title="bbox 88 3718 1315 3806; baseline -0.001 -21"><span class='ocrx_word' id='word_1_341' title='bbox 88 3722 215 3804; x_wconf 79' lang='grc' dir='ltr'><strong><em>βουνῶν</em></strong></span> <span class='ocrx_word' id='word_1_342' title='bbox 243 3722 339 3806; x_wconf 82' lang='grc' dir='ltr'><strong><em>γεννᾷ</em></strong></span> <span class='ocrx_word' id='word_1_343' title='bbox 365 3723 452 3805; x_wconf 60' lang='lat'><em>46⁶),-</em></span> <span class='ocrx_word' id='word_1_344' title='bbox 482 3744 539 3787; x_wconf 90' lang='grc' dir='ltr'><strong><em>και</em></strong></span> <span class='ocrx_word' id='word_1_345' title='bbox 529 3718 729 3803; x_wconf 88' lang='grc' dir='ltr'><strong><em>πολλάχοο</em></strong></span> <span class='ocrx_word' id='word_1_346' title='bbox 752 3720 789 3788; x_wconf 74' lang='grc' dir='ltr'><strong><em>δὲ</em></strong></span> <span class='ocrx_word' id='word_1_347' title='bbox 808 3722 875 3786; x_wconf 90' lang='grc' dir='ltr'><strong><em>τῶν</em></strong></span> <span class='ocrx_word' id='word_1_348' title='bbox 896 3724 1002 3786; x_wconf 73' lang='grc' dir='ltr'><strong><em>θείων</em></strong></span> <span class='ocrx_word' id='word_1_349' title='bbox 1024 3719 1143 3803; x_wconf 89' lang='grc' dir='ltr'><strong><em>λογίων</em></strong></span> <span class='ocrx_word' id='word_1_350' title='bbox 1166 3740 1315 3805; x_wconf 84' lang='grc' dir='ltr'><strong><em>γεγεννη·</em></strong></span> 
     </span>
     <span class='ocr_line' id='line_1_36' title="bbox 88 3806 1312 3908; baseline -0.004 -21"><span class='ocrx_word' id='word_1_351' title='bbox 88 3824 185 3900; x_wconf 73' lang='grc' dir='ltr'><strong><em>σθαι,</em></strong></span> <span class='ocrx_word' id='word_1_352' title='bbox 209 3814 277 3888; x_wconf 82' lang='grc' dir='ltr'><strong><em>ἀλλ’</em></strong></span> <span class='ocrx_word' id='word_1_353' title='bbox 302 3815 341 3888; x_wconf 89' lang='grc' dir='ltr'><strong><em>οῦ</em></strong></span> <span class='ocrx_word' id='word_1_354' title='bbox 362 3825 529 3908; x_wconf 89' lang='grc' dir='ltr'><strong><em>γεγονέναι</em></strong></span> <span class='ocrx_word' id='word_1_355' title='bbox 548 3819 607 3888; x_wconf 87' lang='grc' dir='ltr'><strong><em>τόν</em></strong></span> <span class='ocrx_word' id='word_1_356' title='bbox 628 3819 701 3888; x_wconf 76' lang='grc' dir='ltr'><strong><em>υἱὸν</em></strong></span> <span class='ocrx_word' id='word_1_357' title='bbox 722 3819 896 3908; x_wconf 86' lang='grc' dir='ltr'><strong><em>λεγόμενον</em></strong></span> <span class='ocrx_word' id='word_1_358' title='bbox 919 3816 1010 3906; x_wconf 83' lang='grc' dir='ltr'><strong><em>εῦροι</em></strong></span> <span class='ocrx_word' id='word_1_359' title='bbox 1030 3844 1083 3898; x_wconf 88' lang='grc' dir='ltr'><strong><em>τις</em></strong></span> <span class='ocrx_word' id='word_1_360' title='bbox 1104 3816 1161 3897; x_wconf 77' lang='grc' dir='ltr'><strong><em>ἄν,</em></strong></span> <span class='ocrx_word' id='word_1_361' title='bbox 1185 3811 1241 3906; x_wconf 72' lang='grc' dir='ltr'><strong><em>ὕφ’</em></strong></span> <span class='ocrx_word' id='word_1_362' title='bbox 1267 3806 1312 3885; x_wconf 82' lang='grc' dir='ltr'><strong><em>ῶν</em></strong></span> 
     </span>
     <span class='ocr_line' id='line_1_37' title="bbox 88 3917 1315 4010; baseline -0.002 -22"><span class='ocrx_word' id='word_1_363' title='bbox 88 3925 287 4008; x_wconf 78' lang='grc' dir='ltr'><strong><em>καταφανῶς</em></strong></span> <span class='ocrx_word' id='word_1_364' title='bbox 317 3921 501 4009; x_wconf 77' lang='grc' dir='ltr'><strong><em>ἐλέγχονται</em></strong></span> <span class='ocrx_word' id='word_1_365' title='bbox 527 3922 570 3990; x_wconf 88' lang='grc' dir='ltr'><strong><em>τὰ</em></strong></span> <span class='ocrx_word' id='word_1_366' title='bbox 591 3922 717 4010; x_wconf 60' lang='grc' dir='ltr'><strong><em>’ψεύδη</em></strong></span> <span class='ocrx_word' id='word_1_367' title='bbox 739 3920 820 4009; x_wconf 78' lang='grc' dir='ltr'><strong><em>περὶ</em></strong></span> <span class='ocrx_word' id='word_1_368' title='bbox 839 3922 898 4009; x_wconf 81' lang='grc' dir='ltr'><strong><em>τῆς</em></strong></span> <span class='ocrx_word' id='word_1_369' title='bbox 918 3923 977 3988; x_wconf 91' lang='grc' dir='ltr'><strong><em>τοῦ</em></strong></span> <span class='ocrx_word' id='word_1_370' title='bbox 999 3925 1112 4008; x_wconf 85' lang='grc' dir='ltr'><strong><em>κυρίου</em></strong></span> <span class='ocrx_word' id='word_1_371' title='bbox 1132 3917 1315 4005; x_wconf 86' lang='grc' dir='ltr'><strong><em>γεννήσεως</em></strong></span> 
     </span>
    </p>
   </div>
   <div class='ocr_carea' id='block_1_5' title="bbox 87 4150 1313 4314">
    <p class='ocr_par' dir='ltr' id='par_1_5' title="bbox 87 4150 1313 4314">
     <span class='ocr_line' id='line_1_38' title="bbox 158 4150 1313 4241; baseline -0.006 -10"><span class='ocrx_word' id='word_1_372' title='bbox 158 4183 181 4235; x_wconf 74' lang='grc' dir='ltr'><strong><em>ιι</em></strong></span> <span class='ocrx_word' id='word_1_373' title='bbox 201 4182 266 4231; x_wconf 66' lang='lat'><strong>1020.</strong></span> <span class='ocrx_word' id='word_1_374' title='bbox 287 4182 326 4239; x_wconf 82' lang='grc' dir='ltr'><strong><em>ιι,</em></strong></span> <span class='ocrx_word' id='word_1_375' title='bbox 347 4182 384 4231; x_wconf 81' lang='grc' dir='ltr'><strong><em>ιι.</em></strong></span> <span class='ocrx_word' id='word_1_376' title='bbox 443 4150 487 4238; x_wconf 79' lang='grc' dir='ltr'><strong><em>ἠ</em></strong></span> <span class='ocrx_word' id='word_1_377' title='bbox 505 4181 572 4231; x_wconf 66' lang='grc' dir='ltr'><strong><em>ωτι.</em></strong></span> <span class='ocrx_word' id='word_1_378' title='bbox 591 4181 674 4240; x_wconf 75' lang='grc' dir='ltr'><strong><em>ενι.</em></strong></span> <span class='ocrx_word' id='word_1_379' title='bbox 751 4180 777 4241; x_wconf 80' lang='lat'><strong><em>3)</em></strong></span> <span class='ocrx_word' id='word_1_380' title='bbox 795 4180 890 4231; x_wconf 69' lang='lat' dir='ltr'><strong>nemer.</strong></span> <span class='ocrx_word' id='word_1_381' title='bbox 909 4178 951 4239; x_wconf 80' lang='grc' dir='ltr'><strong><em>ετ,</em></strong></span> <span class='ocrx_word' id='word_1_382' title='bbox 969 4176 993 4228; x_wconf 88' lang='grc' dir='ltr'><strong><em>ε.</em></strong></span> <span class='ocrx_word' id='word_1_383' title='bbox 1069 4174 1313 4237; x_wconf 79' lang='lat' dir='ltr'><strong>4)c010ss.1,15.</strong></span> 
     </span>
     <span class='ocr_line' id='line_1_39' title="bbox 87 4244 788 4314; baseline -0.006 -12"><span class='ocrx_word' id='word_1_384' title='bbox 87 4244 462 4314; x_wconf 64' lang='lat' dir='ltr'><em>⁶)Ps611101109.6xx.,]</em></span> <span class='ocrx_word' id='word_1_385' title='bbox 481 4247 505 4298; x_wconf 82' lang='lat'><strong><em>3.</em></strong></span> <span class='ocrx_word' id='word_1_386' title='bbox 575 4249 600 4310; x_wconf 82' lang='lat'><strong><em>6)</em></strong></span> <span class='ocrx_word' id='word_1_387' title='bbox 619 4250 685 4299; x_wconf 67' lang='lat' dir='ltr'><strong><em>vm</em></strong></span> <span class='ocrx_word' id='word_1_388' title='bbox 705 4248 729 4310; x_wconf 83' lang='lat'><strong><em>8,</em></strong></span> <span class='ocrx_word' id='word_1_389' title='bbox 748 4247 788 4298; x_wconf 78' lang='lat'><strong><em>25.</em></strong></span> 
     </span>
    </p>
   </div>
   <div class='ocr_carea' id='block_1_6' title="bbox 121 4368 1316 4450">
    <p class='ocr_par' dir='ltr' id='par_1_6' title="bbox 121 4368 1316 4450">
     <span class='ocr_line' id='line_1_40' title="bbox 121 4368 1316 4450; baseline -0.009 -15"><span class='ocrx_word' id='word_1_390' title='bbox 121 4400 143 4435; x_wconf 77' lang='lat' dir='ltr'>a</span> <span class='ocrx_word' id='word_1_391' title='bbox 167 4386 225 4449; x_wconf 69' lang='grc' dir='ltr'><strong><em>λος.</em></strong></span> <span class='ocrx_word' id='word_1_392' title='bbox 247 4379 352 4450; x_wconf 73' lang='grc' dir='ltr'><strong><em>λέγων,</em></strong></span> <span class='ocrx_word' id='word_1_393' title='bbox 387 4390 413 4434; x_wconf 84' lang='lat' dir='ltr'><strong><em>ut</em></strong></span> <span class='ocrx_word' id='word_1_394' title='bbox 437 4393 460 4433; x_wconf 85' lang='grc' dir='ltr'><strong><em>ει</em></strong></span> <span class='ocrx_word' id='word_1_395' title='bbox 483 4384 541 4447; x_wconf 63' lang='lat' dir='ltr'><strong>legit</strong></span> <span class='ocrx_word' id='word_1_396' title='bbox 563 4383 674 4435; x_wconf 76' lang='grc' dir='ltr'><strong><em>λωοτοε</em></strong></span> <span class='ocrx_word' id='word_1_397' title='bbox 759 4384 784 4432; x_wconf 83' lang='lat' dir='ltr'><strong><em>h.</em></strong></span> <span class='ocrx_word' id='word_1_398' title='bbox 801 4383 859 4445; x_wconf 67' lang='lat' dir='ltr'><strong><em>fleg.</em></strong></span> <span class='ocrx_word' id='word_1_399' title='bbox 874 4371 1050 4436; x_wconf 77' lang='grc' dir='ltr'><strong><em>δοξάσανταε.</em></strong></span> <span class='ocrx_word' id='word_1_400' title='bbox 1071 4377 1144 4428; x_wconf 79' lang='grc' dir='ltr'><strong><em>Βεεὶί.</em></strong></span> <span class='ocrx_word' id='word_1_401' title='bbox 1153 4368 1316 4437; x_wconf 62' lang='grc' dir='ltr'><strong><em>δοξάζοντες</em></strong></span> 
     </span>
    </p>
   </div>
   <div class='ocr_carea' id='block_1_7' title="bbox 86 4440 1240 4561">
    <p class='ocr_par' dir='ltr' id='par_1_7' title="bbox 86 4440 1240 4561">
     <span class='ocr_line' id='line_1_41' title="bbox 86 4440 1240 4519; baseline -0.004 -16"><span class='ocrx_word' id='word_1_402' title='bbox 86 4440 1163 4519; x_wconf 65' lang='grc' dir='ltr'><strong><em>διωιίδ.ιιι1ί1·τοεαογρ.δνξάτανταε</em></strong></span> <span class='ocrx_word' id='word_1_403' title='bbox 1196 4452 1240 4501; x_wconf 59' lang='lat'><strong><em>¹5</em></strong></span> 
     </span>
     <span class='ocr_line' id='line_1_42' title="bbox 1003 4530 1033 4561; baseline 0 -1"><span class='ocrx_word' id='word_1_404' title='bbox 1003 4530 1033 4561; x_wconf 67' lang='grc' dir='ltr'><strong><em>ν·</em></strong></span> 
     </span>
    </p>
   </div>
   <div class='ocr_carea' id='block_1_8' title="bbox 0 0 1478 5092">
    <p class='ocr_par' dir='ltr' id='par_1_8' title="bbox 0 0 1478 5092">
     <span class='ocr_line' id='line_1_43' title="bbox 0 0 1478 5092; baseline 0 0"><span class='ocrx_word' id='word_1_405' title='bbox 0 0 1478 5092; x_wconf 95' lang='lat' dir='ltr'><strong><em> </em></strong></span> 
     </span>
    </p>
   </div>
  </div>
 </body>
</html>
