2948 5092
442 269 588 315 semron
603 271 907 317 reinsumimus
1226 260 1298 326 785·
1335 309 1337 313 ,

60 433 112 485 tus
135 442 195 486 non
217 432 338 485 vocatus
360 431 406 482 est
427 422 504 483 tilius
528 429 558 483 et
578 421 670 484 Filius
691 440 753 484 non
780 408 991 503 eet‘Spiritus,
1021 424 1088 487 ideo
1111 425 1251 491 dissentit
1270 441 1373 493 ιιιιιε,
1408 413 1418 440 ’

58 526 186 588 veritate
212 525 311 587 fides?
347 523 439 585 Absit.
485 524 563 596 Quin
585 522 688 604 potius
707 525 941 604 unumquodque
962 545 1082 603 eorum,
1111 549 1187 609 quae
1208 531 1289 595 iudi·

59 637 182 700 eautur,
211 627 300 689 babet
321 626 471 705 propriam
494 624 762 705 significationem.¹
791 626 908 688 Etenim
930 627 1021 691 Filius
1051 620 1235 694 substantiae
1256 652 1298 697 ιε·

14 790 21 800 .
57 740 184 793 naturae
205 719 302 791 Patris
324 729 445 808 propria
468 735 515 788 est
535 728 647 807 proles,
669 737 699 790 et
719 727 778 789 boc
798 747 902 790 revera
924 730 1083 810 significan
1106 732 1177 795 item
1192 734 1289 814 Spiri-

57 842 121 906 tus,
144 832 194 911 qui
216 831 269 894 Dei
291 830 399 892 dicitur
420 837 450 891 ει
470 829 500 890 in
523 830 589 909 ipso
612 839 668 905 εει,
690 847 753 891 εεε
775 830 890 893 alienus
913 841 960 894 εει
980 853 996 894 a
1018 833 1085 895 Filii
1108 845 1213 897 natura
1235 855 1290 900 neo

58 954 76 996 a
99 933 196 996 Patris
218 932 381 993 divinitate.
424 930 495 992 ideo
519 930 597 992 enim
619 931 651 992 in
672 931 828 1006 Trinitate,
851 932 964 995 scilicet
984 935 1014 995 in
1036 936 1124 998 Patre
1145 946 1176 999 et
1192 938 1222 999 in
1236 936 1289 1000 ri-

55 1036 102 1098 lio
123 1044 154 1098 et
174 1036 205 1096 in
227 1035 294 1113 ipso
317 1033 430 1113 Spiritu
452 1041 571 1106 sancto,
601 1051 658 1095 una
688 1041 733 1095 est
761 1033 914 1109 divinitas,
948 1044 979 1098 ει
1006 1037 1037 1098 iu
1059 1038 1123 1118 ipsa
1145 1039 1297 1103 Trinitate·

56 1155 155 1202 unum
175 1145 222 1199 est
243 1136 387 1216 baptisma
416 1143 447 1197 et
474 1154 531 1196 una
559 1135 644 1196 fides.
669 1134 839 1196 .Nimirum
864 1136 953 1197 Patre
980 1137 1116 1202 mittente
1144 1139 1298 1219 Spiritum)

57 1239 154 1303 Filius
176 1238 330 1301 insufflans
352 1237 403 1298 dat
423 1237 506 1299 ilium
528 1234 700 1316 Discipuiis,
722 1237 862 1315 quoniam
885 1243 994 1311 omnia,
1018 1260 1217 1323 quaecamque
1233 1242 1298 1305 te.

60 1343 110 1406 b'et
129 1341 239 1414 Pater,
268 1338 341 1400 Filii
367 1351 450 1401 ειιιιι.
494 1338 532 1398 iit
559 1355 626 1399 cum
647 1337 776 1399 Verbum
804 1339 836 1400 in
863 1338 1023 1419 Prophetis
1045 1341 1144 1417 fieret,
1172 1342 1229 1423 ipsi
1256 1344 1298 1411 in:
1385 1329 1388 1333 ⁴

61 1441 175 1522 Spiritu
202 1439 435 1521 prophetabant,
463 1447 496 1501 ut
525 1439 669 1519 scriptum
697 1457 732 1501 ac
752 1439 989 1503 demonstratum
1011 1450 1071 1504 est:
1108 1444 1200 1508 Verbo
1224 1445 1297 1509 Do·-

57 1548 137 1607 ueirti
158 1543 236 1608 eoeti
253 1543 373 1624 firmati
393 1554 475 1613 ειιιιι,
499 1554 528 1604 ει
550 1540 670 1623 Spiritu
692 1547 756 1605 oria
779 1546 844 1605 eins
868 1547 965 1606 omnir
987 1549 1089 1609 oirtse
1112 1565 1227 1610 eorem.

146 1960 176 2019 4.
220 1955 322 2039 itaque
343 1973 405 2016 non
428 1961 596 2015 creatores
620 1959 668 2014 ost
682 1951 824 2033 Spiritus,
846 1952 900 2015 sed
914 1952 1200 2017 Verbisubstentiae
1215 1973 1298 2034 prs..

55 2058 154 2140 prins,
178 2057 231 2120 Dei
254 2057 324 2118 item
346 2057 499 2137 proprius,
521 2064 552 2117 et
572 2055 604 2116 in
625 2055 692 2135 ipso
714 2075 783 2118 esse
804 2055 921 2118 dicitur.
958 2056 1088 2119 Rursum
1103 2057 1204 2118 eadem
1221 2057 1372 2136 ipsaemet.

56 2160 158 2223 dieue
180 2178 241 2220 non
263 2160 371 2239 pigeat.
415 2158 546 2219 Tametsi
574 2146 702 2237 spiritns
730 2164 850 2219 sanctos
876 2176 937 2218 non
964 2168 1085 2220 voratus
1113 2168 1158 2220 εει
1185 2159 1296 2236 Filius,

56 2281 122 2326 non
144 2270 243 2324 tamen
265 2270 312 2323 ost
334 2271 415 2322 extra
435 2260 552 2333 Filium,
576 2259 706 2339 Spiritus
726 2278 854 2338 namque
875 2259 1044 2339 adoptionis
1061 2260 1157 2322 dietus
1179 2269 1236 2335 est,
1260 2268 1297 2326 et=¹

56 2365 127 2446 quia
151 2365 290 2428 cbristus
313 2363 370 2425 Dei
389 2367 490 2426 circes
514 2373 543 2425 et
564 2361 623 2423 Dei
642 2366 793 2443 rapientia
815 2375 869 2435 eat,
897 2371 1094 2441 congruenter
1115 2363 1153 2424 de
1175 2363 1296 2444 Spiritu:

50 2472 165 2530 ‘sancto
186 2466 296 2527 dictum
319 2475 366 2526 est
387 2464 524 2544 Spiritus
547 2466 728 2543 sapientiae,
760 2472 789 2524 et
811 2463 940 2543 Spiritus
968 2464 1084 2525 virtutis
1113 2471 1169 2525 εει.
1214 2464 1290 2528 Cum

51 2569 138 2642 ‚enim
161 2568 319 2649 participes
343 2585 448 2628 sumus
471 2566 619 2646 Spiritus,
645 2564 751 2627 Filium
773 2565 934 2637 babemus,
965 2577 995 2627 ει
1015 2565 1121 2626 Filium
1144 2564 1294 2629 babentes·

55 2671 205 2734 habemm
234 2677 264 2731 et
284 2669 427 2748 Spiritum
457 2668 630 2729 clamantem
659 2666 690 2728 in
713 2666 854 2728 cordibus
878 2667 990 2728 nostrie
1016 2667 1095 2730 dido
1118 2666 1225 2740 Pater,
1254 2674 1298 2731 ut.

55 2772 193 2854 loquitur
213 2771 333 2833 Paulus.
379 2771 465 2843 Quod
488 2770 514 2831 si
536 2771 604 2849 quia
626 2768 756 2850 Spiritus
777 2779 824 2830 est
839 2760 912 2843 Dei,
926 2777 956 2830 et
977 2768 1007 2830 in
1030 2769 1096 2849 ipso
1120 2787 1188 2831 esse
1210 2768 1287 2831 sori·
1378 2798 1386 2811 ·

56 2885 142 2957 ptum
165 2882 220 2949 est,
243 2892 311 2934 nam
334 2892 410 2954 quoe
431 2873 489 2935 Dei
510 2883 582 2935 εειιι
603 2891 690 2935 mereo
714 2875 853 2951 eopnom't
874 2876 937 2933 nisi
949 2871 1087 2952 Spiritus
1102 2872 1167 2948 Dei,
1190 2876 1243 2954 qui
1255 2864 1297 2936 ἐπ’.

56 2983 126 3058 ipro
150 2968 209 3048 ea't,
231 2976 323 3037 Filius
344 2975 416 3036 item
438 2973 524 3035 dixit:
556 2973 619 3055 Boo
641 2977 674 3036 ire
695 2973 789 3035 Patre
811 2985 839 3035 et
860 2973 954 3035 Potes·
975 2977 1008 3035 in
1029 2993 1091 3049 ere;
1113 2992 1206 3053 quare
1226 2992 1287 3036 non

55 3079 129 3141 buis
151 3088 238 3158 atquo
260 3077 301 3138 iili
323 3078 400 3138 idem
422 3095 532 3137 nomen
556 3084 612 3149 est,
635 3075 688 3137 sed
710 3075 760 3136 hic
780 3074 898 3154 quidem
921 3075 1008 3149 titius,
1030 3076 1080 3138 ilie
1101 3075 1222 3154 spiritus
1238 3075 1286 3138 di·

58 3180 161 3243 citur?
190 3181 216 3242 si
238 3181 305 3259 quis
327 3178 386 3240 boc
406 3179 496 3239 modo
521 3176 704 3251 sciscitetur,
734 3177 761 3237 is
782 3177 917 3265 proiecto
945 3176 1116 3250 insanierit,
1146 3195 1214 3239 cum
1235 3177 1284 3239 in-

57 3282 229 3345 scrutabilia
251 3289 400 3343 scrutetur
422 3289 451 3341 et
471 3278 614 3358 Apostolo
636 3296 698 3339 uon
720 3277 921 3357 obtemperet,
949 3279 998 3358 qui
1022 3279 1077 3340 ait:
1110 3279 1186 3352 Quis
1209 3280 1291 3343 emite

56 3389 146 3447 novit
167 3402 288 3445 sessum
309 3381 456 3445 Domini?
481 3393 535 3443 ειιι
557 3385 622 3463 quis
645 3380 841 3444 consiiiarius
865 3386 929 3443 eries
951 3379 1038 3461 suit?
1079 3382 1195 3462 Alioqui
1217 3381 1285 3461 qui-

57 3485 115 3547 bus
138 3483 219 3545 Deus
241 3502 350 3544 nomen
378 3484 499 3557 indidit,
528 3483 593 3561 quis
622 3501 732 3544 nomen
762 3490 877 3543 mutare
906 3481 1047 3544 audebit?
1090 3483 1168 3546 Alias
1195 3482 1286 3546 rebus

57 3587 108 3648 iiie
131 3582 249 3666 duoque
272 3586 377 3647 creatis
395 3585 537 3647 vocabula
563 3584 721 3646 adtribuat.
765 3574 879 3657 Sicani,
902 3585 1139 3664 quandoquidem
1155 3593 1286 3647 creatum

59 3688 167 3750 eodem
190 3696 262 3749 nutu
285 3689 358 3748 iacta
381 3698 443 3760 εει,
467 3707 519 3748 εει
541 3687 589 3748 bic
609 3686 671 3759 soi,
694 3686 764 3746 iilud
788 3686 915 3758 caelum,
940 3685 1010 3747 iliud
1033 3695 1131 3759 terra,
1153 3703 1234 3746 utare
1257 3692 1288 3747 et

58 3788 135 3852 adr?
179 3789 231 3850 Sin
253 3789 366 3851 insanis
388 3791 448 3850 iilis
468 3790 525 3849 boo
547 3788 734 3869 impossibiie
755 3788 904 3861 rideatur,
928 3788 1042 3867 singula
1065 3788 1286 3849 enim¹mauent

59 3901 94 3953 ut
115 3891 190 3953 iacta
213 3901 291 3965 suut
314 3891 408 3952 inuito
430 3890 524 3968 magis
546 3909 622 3968 quae
643 3899 714 3953 ιιιιιι
736 3908 826 3969 supra
848 3880 1032 3952 creatas'res
1055 3900 1204 3951 aeternam
1230 3889 1284 3951 be·
1388 3881 1392 3892 '

95 4113 119 4161 d.
137 4107 184 4159 καί
201 4113 268 4160 deest
287 4114 309 4160 in
329 4113 385 4161 edit.
404 4112 479 4160 Paris.
491 4112 533 4159 sed
548 4101 649 4161 habetor
700 4109 815 4159 Nannins.
857 4111 921 4161 Editi
944 4125 999 4160 εειε
1025 4101 1074 4158 ode
1096 4103 1173 4158 ἔστιν
1194 4098 1286 4174 ἄμφε-

57 4182 82 4230 in
103 4181 160 4229 edit.
180 4181 297 4230 Commei.
316 4189 338 4229 et
357 4182 379 4228 in
392 4181 504 4228 omnibus
517 4180 647 4228 codicibus.
701 4172 796 4243 τίρεις,

57 4249 125 4298 inira
143 4242 191 4294 atei
207 4257 262 4297 εειε
281 4246 318 4312 τῷ
336 4240 409 4312 λόγῳ
428 4250 495 4296 deest
514 4249 536 4296 in
551 4248 648 4298 Gobler.
734 4262 755 4307 g.
774 4237 828 4310 γάρ
847 4247 915 4296 deest
933 4247 955 4295 in
974 4246 1070 4297 Gobler.
1090 4254 1112 4294 et
1131 4244 1234 4293 isicium.
1247 4243 1269 4292 i.

58 4328 82 4368 er
102 4318 207 4366 rerum.
220 4318 241 4365 1.
734 4315 756 4361 ε.
776 4315 874 4363 εειε.
893 4323 915 4362 ιι
934 4315 1037 4363 εει-ιε.
1050 4315 1072 4362 ι.
1091 4307 1107 4360 ε
1124 4306 1152 4361 ct
1171 4303 1287 4378 οιρανὸε

94 4400 115 4435 e.
136 4385 199 4433 iireo
224 4376 260 4435 dc
284 4375 424 4435 ὅΠαῦλες
440 4375 544 4448 εἴρηκεν
562 4383 649 4433 ιΙεεεει
698 4379 745 4444 νῆ,
765 4375 909 4437 θάλασσα,
930 4373 990 4446 dde-
1028 4383 1078 4431 Μοι
1098 4383 1153 4443 iits-
1172 4385 1284 4442 ιιὸιιῦ·

56 4458 82 4506 in
103 4453 201 4504 Gobier.
222 4461 246 4501 et
265 4452 368 4501 ietctrm.
389 4452 411 4500 t.
700 4449 757 4503 soie
780 4441 792 4459 '
836 4463 905 4500 ow.
941 4451 1001 4499 Edui
1025 4441 1171 4516 ἔμφροσιν.
1210 4449 1284 4500 ionio

93 4523 111 4572 i.
131 4521 171 4571 Sic
189 4522 245 4587 Ress.
261 4521 360 4582 Segoer.
376 4519 448 4569 basil.
467 4526 491 4570 et
507 4520 539 4570 ἰι
557 4519 655 4582 isserat
699 4525 756 4583 post
773 4508 864 4568 detor
881 4519 949 4569 deest
967 4521 990 4568 in
1002 4519 1100 4570 Gobier.
1113 4518 1285 4571 stiricimi·

93 4609 222 4654 Διιιιιιιιι
234 4619 287 4653 οιι.
299 4619 369 4652 noer.
384 4618 432 4650 ιιι.
1051 4603 1084 4655 td
1123 4651 1125 4655 .
