2948 5092
535 246 645 290 omaro
661 247 700 291 tv.
716 247 834 291 sonant
846 246 980 297 ιιιιιιοι.
1124 314 1128 319 ,
1288 247 1351 312 bii

118 401 179 462 sed
207 399 282 462 haee
310 400 347 460 de
376 395 482 490 eodem
510 396 659 470 dieantur,
693 396 773 460 idem
793 399 885 478 igitur
907 400 954 464 sui
975 409 1063 465 eausa
1086 413 1117 466 et
1139 409 1261 473 effoetus
1284 412 1436 487 oritano.

123 503 208 564 idem
241 502 320 580 quod
351 500 481 580 gignitur
514 508 544 560 et
574 499 682 578 giguit;
714 500 794 579 quod
823 500 943 581 quidem
972 504 1149 589 mentum:-
1164 528 1202 573 ιι
1231 511 1352 579 Sabellii

120 623 231 667 erroro
251 621 374 665 manare
396 609 550 663 ostensum
572 608 629 662 ost.
676 600 811 673 Quodsi
835 622 870 666 ex
892 604 959 683 ipso
981 606 1101 684 quidem
1122 619 1170 671 ost
1183 629 1239 674 neo
1252 622 1352 678 tamon

119 706 203 769 aliud
226 705 263 767 ab
285 723 332 778 eo,
355 703 491 783 sequitur
511 711 545 763 ut
565 702 644 763 idem
666 702 707 764 ait
727 711 758 765 et
778 703 904 783 gignens
924 715 955 768 ot
976 725 1039 770 uon
1057 711 1190 790 gignens,
1212 715 1350 795 giguous,

121 806 194 887 qtria
216 825 251 867 ex
274 824 308 868 se
328 805 400 866 illud
421 806 544 884 profert,
567 822 628 864 non
651 803 787 882 gignens,
810 807 980 884 putantur
1001 809 1037 870 ab
1053 830 1089 872 oo
1105 822 1238 877 nonest.
1262 818 1352 890 Quod

122 917 311 988 postremum
334 907 360 967 si
382 906 562 977 admittatur,
586 905 732 984 colligitur
754 905 885 969 eundem
904 909 1084 988 eogitatioue
1104 921 1218 979 tantum
1232 900 1363 982 Patrem

122 1009 284 1071 etlilium
313 1008 381 1070 diei.
427 1008 486 1069 Sed
515 1007 541 1068 si
569 1005 601 1068 id
626 1005 789 1081 absurdum
818 1015 879 1080 a«,
907 1009 998 1089 igitur
1019 1012 1078 1074 duo
1101 1025 1189 1078 eruut
1208 1017 1298 1081 Pater
1319 1028 1351 1082 ot

121 1110 228 1171 filius.
272 1096 370 1171 Urium
397 1110 468 1170 item
495 1108 586 1171 iidotrt
612 1112 730 1189 omnip·
740 1109 814 1188 -quio
835 1110 927 1172 Vilius
948 1131 1009 1175 non
1031 1116 1217 1180 extrinsecus
1238 1119 1292 1181 sed
1313 1138 1350 1183 ox

122 1211 187 1272 lieo
216 1211 336 1290 genitus
363 1219 419 1272 ost.
464 1210 496 1271 Si
525 1210 593 1289 quis
624 1202 724 1291 toton
744 1208 874 1273 Verbum
901 1214 993 1276 lotum
1013 1216 1078 1278 sivo
1098 1219 1229 1295 genitum
1251 1220 1351 1284 dicero

122 1311 314 1385 reformidat,
341 1313 498 1391 ipsumque
526 1330 593 1373 oum
614 1310 680 1375 lieo
698 1310 827 1379 mutere
847 1321 933 1395 potet
953 1320 1162 1405 tantummodo
1181 1305 1349 1398 dicendum,

122 1424 226 1475 eareat
257 1412 306 1475 ille
339 1430 377 1474 no
409 1413 531 1474 nummo
553 1413 754 1493 Soripturtto
752 1412 863 1487 tuileto
891 1414 936 1476 uti
961 1397 1143 1497 retugieus'
1136 1439 1167 1483 m
1191 1421 1350 1487 absurdam

122 1515 237 1577 ineidat
259 1515 447 1594 opinionem,
471 1534 527 1593 qua
548 1515 642 1576 Deum
663 1500 790 1595 dupbuis
813 1515 1088 1581 naturae-&tntum
1133 1522 1165 1584 Si
1187 1524 1266 1586 onim
1287 1543 1350 1588 uon

119 1617 269 1690 conrodit,
292 1616 421 1679 Verbum
444 1636 480 1678 en
500 1617 612 1679 unitoto
635 1635 715 1689 esso,
731 1616 784 1679 sod
807 1626 921 1680 taum
941 1637 1009 1683 otton
1028 1620 1115 1683 Petro
1137 1623 1233 1687 luisse
1253 1644 1348 1705 oopu

118 1719 230 1792 lotum,
260 1719 338 1786 ‚duas
371 1727 449 1779 eorte
477 1718 606 1779 admittit
626 1718 792 1792 essentias,
821 1737 947 1798 quarum
968 1730 1073 1783 uoutra
1096 1722 1217 1786 alterius
1238 1743 1349 1805 parens

123 1831 183 1883 est.
227 1821 308 1881 ldom
340 1821 428 1881 etiam
457 1821 494 1881 de
523 1819 632 1882 virtute
663 1821 725 1881 sivo
753 1821 887 1900 potentio
916 1821 1073 1887 demtum
1096 1833 1153 1886 est.
1196 1825 1230 1887 ld
1252 1834 1350 1889 autom

120 1922 240 1984 laeilius
261 1922 372 2001 poterit
393 1921 532 2001 intelligi,
561 1922 586 1983 si
610 1923 639 1982 in
661 1923 750 1984 Patro
770 1912 952 2002 spectione*
976 1923 1059 1988 one
1082 1928 1160 1988 onim
1183 1935 1230 1988 ost
1245 1927 1348 2002 Pater,

118 2038 184 2087 non
206 2023 283 2095 due,
313 2023 366 2084 sed
389 2040 427 2084 ox
446 2042 507 2086 uno
530 2032 577 2084 est
597 2023 699 2087 Vilius.
745 2021 784 2084 llt
804 2040 875 2102 ergo
897 2041 959 2086 nou
981 2034 1051 2088 eunt
1072 2027 1131 2088 duo
1153 2036 1271 2108 patres,
1294 2027 1350 2090 sod

120 2142 217 2197 uuus,
251 2124 294 2185 ita.
318 2142 380 2186 uon
402 2124 461 2186 duo
483 2124 630 2203 principio
649 2129 735 2198 stru,
768 2123 958 2199 sedunum,
987 2134 1018 2187 ot
1038 2144 1076 2187 ox
1095 2146 1156 2189 uuo
1179 2127 1348 2190 essentiolis
1416 2121 1424 2132 ’

118 2225 223 2289 existit
244 2225 347 2286 Vilius.
391 2226 505 2287 llursus
527 2243 598 2286 vero
620 2223 747 2287 Arianos
766 2225 994 2305 interrogemus.
1038 2227 1112 2288 Natu
1134 2229 1213 2308 quod
1235 2230 1272 2291 ad
1288 2229 1434 2292 So·r.oto.

121 2326 205 2389 bollii
228 2335 390 2389 sectatores
413 2326 526 2399 attinet,
549 2325 590 2386 illi
613 2345 648 2386 ex
663 2325 729 2388 Vibi
751 2325 856 2388 notitia
876 2326 1034 2389 refellendi
1053 2336 1132 2402 sunt,
1155 2328 1255 2391 Ariani
1276 2348 1348 2392 voro

120 2449 157 2492 ex
178 2430 276 2492 Patris
299 2429 432 2490 notione.
491 2473 495 2481 ,

208 2537 239 2594 t.
284 2532 334 2592 Sie
361 2530 451 2609 igitur
478 2528 686 2590 disserendum
710 2536 771 2588 est:
796 2527 858 2589 Vol
869 2527 954 2591 Deus
972 2537 1020 2590 oet
1041 2531 1177 2609 sapiens,
1206 2549 1262 2592 neo
1282 2531 1349 2594 siue

122 2634 222 2696 Verbo
250 2633 313 2694 sive
335 2633 477 2705 Ratione,
504 2631 550 2692 vel
572 2639 675 2692 coutru
697 2629 763 2693 siue
785 2629 930 2715 sapientia
951 2638 999 2692 eet
1019 2639 1050 2692 et
1070 2631 1167 2693 Verbo
1190 2651 1243 2694 seu
1263 2631 1349 2693 Rati·

122 2733 207 2797 ouo?
251 2735 283 2794 Si
312 2732 475 2794 secuudum
504 2731 682 2804 admittitur,
716 2731 747 2792 id
773 2748 890 2810 per-oo·
905 2731 1071 2795 ιιιιιιιιιιιιιι
1091 2714 1160 2793 esse
1181 2733 1287 2812 liquot,
1321 2733 1349 2794 si

120 2838 251 2917 primum
273 2834 454 2908 coneeditur,
477 2851 582 2894 rursus
606 2832 816 2895 seiscittttdum
838 2839 894 2904 est,
916 2849 1046 2912 quonam
1067 2834 1157 2895 modo
1173 2835 1212 2895 sit
1227 2835 1349 2913 sapione

122 2957 180 3000 nee
202 2937 267 3000 sine
290 2936 387 2998 Verbo
410 2955 462 2997 seu
485 2935 627 3008 Ratione,
650 2924 873 3000 enumerasse
894 2934 1070 3012 sapientiam
1092 2943 1122 2995 ot
1144 2935 1286 3007 Verbum,
1310 2952 1349 2997 on

96 3058 197 3128 ³vero
220 3057 256 3100 ox
277 3038 379 3118 seipso
400 3038 516 3098 habeat
561 3036 597 3097 Si
617 3035 802 3097 extriuooous
825 3034 930 3108 bobot,
960 3035 1068 3114 uliquis
1089 3036 1179 3114 igitur
1200 3037 1284 3115 prius
1305 3036 1349 3098 illi

119 3140 214 3212 dedit,
236 3140 361 3218 ipseque
383 3147 538 3216 antequam
560 3137 716 3215 aoeiporet,
738 3135 804 3196 sino
827 3135 971 3215 sapientia
989 3145 1020 3196 ot
1034 3136 1168 3197 Verbo
1144 3156 1207 3198 stre
1221 3137 1350 3199 Ratione

121 3248 197 3305 eret
243 3240 329 3312 Quod
361 3239 386 3299 si
416 3257 452 3299 ex
480 3239 582 3316 seipso
603 3233 693 3297 babet
714 3236 854 3311 Verbum,
872 3235 969 3315 polam
990 3236 1081 3316 igitur
1101 3247 1163 3312 ost,
1193 3238 1291 3318 ipsum
1313 3257 1350 3300 ex

116 3334 235 3405 nibilo
249 3360 310 3402 non
338 3359 423 3414 esso,
454 3357 549 3419 neque
577 3326 671 3400 fuisso
700 3337 857 3416 aliquando
887 3356 953 3401 oon
975 3356 1039 3399 raon
1060 3347 1152 3400 osset
1196 3340 1349 3419 Siquidem

122 3462 247 3524 semper
266 3443 330 3515 mit,
354 3444 462 3522 quippe
483 3460 551 3502 oum
571 3440 632 3514 ille,
654 3439 739 3502 orius
760 3438 858 3535 imago
880 3447 942 3514 ost,
961 3458 1080 3520 sempor
1103 3442 1218 3504 existat.
1261 3443 1299 3503 tt
1320 3442 1349 3507 ti

119 3545 371 3626 responderint,
377 3545 472 3607 ileum
501 3543 665 3623 sapientem
687 3541 806 3622 quidem
829 3558 899 3604 otoo
919 3561 975 3604 ueo
996 3543 1063 3605 sino
1084 3544 1182 3606 Verbo
1203 3544 1265 3605 sivo
1287 3544 1348 3606 llo·

120 3649 216 3719 tione,
241 3648 294 3707 sed
316 3648 469 3726 propriam
491 3646 523 3706 in
544 3645 647 3724 seipso
668 3644 779 3707 babere
792 3644 967 3723 sapientium
981 3646 1195 3725 propriumque
1209 3645 1348 3719 Verbum,

120 3768 185 3810 non
208 3757 306 3809 autem
323 3747 483 3820 Christum,
507 3749 560 3808 sed
583 3747 613 3806 in
636 3765 694 3825 quo
717 3747 817 3825 ipsum
831 3745 920 3807 etiam
936 3746 1086 3807 Christum
1103 3747 1222 3819 lecerit3
1245 3745 1348 3805 dieen—
1391 3822 1394 3828 .

120 3851 204 3923 dum,
228 3850 308 3928 quod
331 3850 358 3909 si
373 3849 508 3910 Christus
531 3849 562 3909 iu
584 3848 634 3908 illo
651 3847 748 3908 Verbo
769 3846 863 3907 laetus
886 3846 935 3920 sit,
958 3847 1023 3907 siue
1046 3847 1134 3908 dubio
1154 3840 1257 3906 'omnia
1271 3864 1348 3924 quo-

123 3971 182 4032 que
205 3952 237 4012 in
260 3951 365 4013 eodem
388 3952 461 4012 iacta
484 3959 564 4024 sunt,
587 3950 743 4029 ipsumque
765 3947 838 4009 illud
858 3953 907 4035 pst
927 3946 1065 4020 Verbum,
1088 3948 1127 4007 de
1147 3964 1206 4026 quo
1222 3946 1349 4007 loannes

117 4053 207 4114 dicit:
234 4054 342 4115 Οιιιιιια
360 4072 420 4133 per
440 4056 541 4133 ipsum
562 4053 750 4131 factasunt,
772 4059 803 4111 et
822 4046 993 4111 Psalmista:
1019 4050 1127 4110 Orrtttio
1149 4052 1180 4108 itt
1201 4050 1352 4126 supientia

120 4155 236 4237 [eristi.
282 4154 361 4226 Quin
384 4155 501 4234 etipse
524 4153 658 4215 Christus
680 4152 821 4214 mentitus
845 4170 913 4213 esse
937 4151 1112 4233 reperietur,
1135 4167 1200 4210 oum
1217 4149 1270 4209 ait:
1287 4147 1350 4226 Ego

118 4260 153 4318 ιιι
175 4255 287 4329 Patre,
316 4256 554 4335 quandoquidem
582 4255 657 4317 alius
679 4254 778 4315 estin
799 4253 897 4316 Patre.
940 4253 1058 4314 Falsum
1080 4253 1151 4312 item
1173 4269 1210 4312 ox
1229 4248 1351 4310 illorum

118 4357 272 4421 sententia
301 4357 371 4431 erit,
402 4357 482 4437 quod
511 4355 633 4420 dieitur:
669 4355 794 4419 Verbum
824 4374 894 4419 earo
922 4356 1041 4436 foetum
1069 4362 1123 4415 est.
1167 4339 1301 4432 Namque
1322 4350 1352 4413 si

1091 4552 1146 4605 39*
