2948 5092
460 248 569 295 omrro
586 250 617 292 n.
633 249 751 294 conum
763 231 927 297 annuos?
1216 236 1280 305 287

51 405 82 467 Si
101 421 196 485 porro
216 402 310 467 Filius
330 420 392 465 non
415 410 476 470 est.
504 404 556 480 qut
578 399 671 461 Deum
694 409 856 463 creatorem
886 402 1093 477 assertionis,
1123 405 1149 466 si
1179 405 1367 485 coquantur

52 524 103 587 per
123 505 255 567 Verbum
277 511 310 566 et
329 503 361 564 in
382 501 534 581 Sapientia
554 500 655 562 omnia
676 500 760 576 fiunt,
783 520 984 582 quaecumque
1006 503 1092 579 fiunt,
1114 518 1145 568 et
1162 505 1228 566 siue
1243 524 1280 569 oo

52 607 122 670 nihil
143 607 196 681 m,
223 606 273 669 illo
300 613 398 668 autem
422 601 584 665 secuudum
607 620 661 663 vos
683 602 758 664 nihil
779 603 885 679 habet,
913 607 944 666 in
972 624 1031 685 quo
1061 613 1091 667 et
1117 625 1172 687 per
1200 607 1280 687 qnod

53 709 151 771 omnia
173 705 307 795 efficiat?
351 705 439 780 Quod
462 704 488 766 si
509 706 574 784 ipsa
596 703 693 765 divina
715 712 836 784 natura,
864 715 898 767 ut
918 715 1038 786 putant,
1067 709 1191 771 secunda
1219 726 1282 771 non

54 819 106 884 est,
128 808 327 881 senseritis,
350 816 384 869 ut
403 806 453 869 lux
475 825 537 868 non
558 805 727 868 illuminans
750 815 781 868 et
801 808 868 869 sons
891 808 1000 882 siccus,
1022 827 1123 871 nonne
1146 829 1200 871 eos
1221 828 1280 891 pu·

56 910 121 973 dese
142 911 235 974 debet
255 911 413 983 affirmare,
437 907 554 994 eumvi
577 907 721 969 efficiendi
744 909 910 987 praeditum
932 908 1026 972 ease?
1068 911 1114 972 An
1131 929 1193 974 uon
1208 930 1280 975 eru·
1321 915 1329 925 '

55 1011 190 1087 terrent,
218 1031 256 1074 eo
278 1010 411 1084 sublato,
443 1009 523 1090 quod
546 1018 593 1070 est
614 1028 651 1070 ex
673 1017 792 1084 natura,
814 1009 845 1069 id
867 1009 941 1072 velle
962 1011 1090 1090 primum
1112 1012 1210 1075 locum
1232 1022 1281 1076 te·

59 1132 138 1188 nere,
170 1112 252 1194 qnod
279 1120 327 1176 est
356 1132 392 1175 ex
418 1109 592 1175 voluntate?
636 1109 722 1173 Certe
751 1111 777 1171 si
806 1130 881 1189 quae
909 1111 1093 1176 extrinsecus
1123 1123 1194 1175 sunt
1225 1132 1282 1178 nec

61 1215 260 1294 pauserint,
289 1232 413 1277 cumea
435 1232 503 1275 esse
525 1212 601 1286 verit,
630 1212 697 1293 ipse
719 1213 824 1288 efficit3
852 1213 945 1276 multo
973 1216 1057 1295 prius
1086 1215 1165 1277 idem
1197 1225 1282 1301 pater

64 1317 140 1379 inerit
159 1317 240 1380 tetris
263 1337 299 1379 ex
319 1316 442 1396 propria
463 1321 566 1377 natura
590 1313 720 1377 oriundi.
765 1313 796 1375 Si
819 1314 898 1377 enim
918 1316 979 1378 lieo
1002 1318 1182 1379 uoluntatem
1204 1317 1283 1379 circa

66 1435 111 1493 ras,
135 1437 213 1498 quae
234 1436 296 1480 nou
318 1425 413 1490 erant,
435 1409 619 1488 attribuunt,¹
632 1434 724 1495 quare
746 1414 825 1495 qnod
847 1418 997 1480 voluntate
1011 1418 1150 1499 superius
1172 1427 1228 1492 ert,
1250 1419 1283 1481 in

67 1517 114 1581 lieo
135 1538 198 1583 nou
220 1517 410 1599 agnoscunt?
453 1517 609 1580 votunute
637 1527 735 1579 autem
759 1519 896 1597 superius
919 1529 982 1594 est,
1015 1539 1084 1582 eum
1113 1539 1149 1581 ex
1178 1527 1283 1589 natura

67 1629 166 1699 patrem
186 1621 305 1703 proprii
326 1620 415 1683 Verbi
437 1639 523 1695 esse3
546 1618 573 1680 si
596 1618 685 1699 igitur
706 1619 752 1695 id,
775 1620 856 1699 quod
877 1620 960 1701 prius
981 1631 1043 1696 est,
1071 1640 1179 1702 nempe
1200 1620 1283 1702 quod

69 1739 94 1784 rr
109 1733 216 1787 natura
237 1732 295 1797 est,
317 1741 377 1785 non
400 1722 511 1796 existit,
533 1729 567 1783 ut
588 1721 678 1783 stulte
700 1720 741 1782 itti
762 1721 874 1795 volunt,
897 1723 1047 1802 quomodo
1070 1723 1110 1798 id,
1134 1723 1213 1803 quod
1230 1729 1286 1787 eat

67 1827 214 1901 posterius,
237 1824 317 1905 quod
340 1824 480 1886 nimirum
502 1832 550 1885 est
571 1842 606 1885 ex
628 1823 788 1897 voluntate,
810 1824 921 1903 poterit
935 1844 1047 1905 quaeso
1070 1825 1158 1888 fieri?
1194 1824 1283 1906 Atqui

66 1926 205 2003 prius-est
218 1927 359 2002 Verbum,
381 1926 533 2006 posterior
553 1944 604 1988 ros
625 1933 732 1987 creata.
772 1924 878 1987 Verum
894 1926 994 1988 existit
1007 1927 1144 2001 Verbum,
1166 1925 1284 1989 etiamsi

66 2029 165 2091 nriora
185 2038 292 2091 contra
313 2027 473 2091 moliantur
495 2027 594 2108 impii;
622 2046 690 2089 nam
717 2045 773 2107 per
802 2027 899 2107 ipsum
922 2029 1013 2090 tactae
1035 2037 1105 2092 sunt
1124 2048 1175 2091 res
1195 2008 1287 2090 crea-¹

65 2136 108 2193 tra
149 2131 190 2196 Et
211 2139 293 2193 certe
314 2131 424 2193 alarum
447 2138 505 2203 est,
527 2130 621 2191 Deum
643 2137 677 2189 ut
698 2129 869 2191 effectorem
890 2128 1019 2192 Verbum
1041 2131 1128 2193 etiam
1151 2129 1284 2195 afficient

63 2228 162 2296 babere
182 2251 247 2295 non
271 2241 437 2306 externum,
459 2231 512 2293 sed
534 2230 613 2311 quod
638 2230 684 2292 sui
707 2231 748 2291 sit
762 2230 926 2309 proprium.
970 2230 1052 2293 Idem
1075 2232 1154 2293 enim
1175 2250 1283 2293 rursus
1396 2306 1399 2311 1

62 2332 212 2397 uoenuum
232 2343 289 2397 est.
332 2334 477 2396 Nimirum
500 2334 526 2395 si
550 2332 728 2394 volontatem
751 2331 850 2404 habet,
877 2331 1000 2411 eiusque
1022 2334 1157 2396 voluntas
1180 2333 1284 2395 efficax

61 2444 98 2497 ast
116 2444 148 2498 et
170 2436 283 2498 sufficit
304 2436 341 2498 ad
362 2455 462 2498 rerum
485 2436 628 2497 factarum
650 2434 905 2508 constitutionem,
929 2434 955 2496 si
977 2445 1131 2513 praeterea
1154 2435 1283 2496 Verbum

59 2537 114 2601 eius
137 2546 188 2600 est
210 2539 311 2600 efficax
334 2546 365 2600 et
386 2538 501 2618 opite13
528 2537 651 2598 dubium
674 2536 774 2614 utique
796 2555 857 2597 non
880 2544 941 2609 est,
970 2536 1042 2615 quin
1064 2537 1141 2597 idem
1165 2552 1284 2615 quoque

57 2640 92 2701 rit
110 2640 212 2702 Patris
235 2641 336 2701 vivens
358 2639 514 2701 consilium
530 2639 593 2699 sire
615 2637 762 2709 uoluntas,
788 2637 992 2699 substantialis
1008 2638 1163 2698 efficientia
1180 2646 1210 2698 et
1230 2649 1284 2699 te-

56 2759 116 2804 rom
140 2741 282 2813 Verbum,
305 2740 417 2821 inquo
440 2741 540 2802 omnia
563 2750 592 2802 et
612 2748 753 2802 coustant
767 2747 797 2801 et
811 2748 891 2801 recte
906 2739 1159 2801 administrantur.
1189 2739 1284 2800 Nemo
1370 2807 1380 2823 ⁴

55 2864 121 2906 vero
144 2843 192 2906 rel
215 2843 364 2921 ambigere
386 2843 500 2923 possit,
530 2843 601 2922 quin
628 2841 813 2922 compositor
842 2849 871 2903 et
903 2842 1120 2921 compositione
1143 2850 1172 2902 et
1192 2840 1285 2903 rebus

53 2945 228 3026 compositis
251 2946 334 3024 prior
356 2946 405 3007 sit.
448 2945 602 3006 Posterius
624 2945 694 3005 item
718 2952 781 3016 est,
816 2951 848 3004 ut
870 2944 928 3003 iam
950 2942 1026 3016 diri,
1056 2943 1149 3005 Deum
1172 2960 1285 3017 creare,

51 3026 139 3127 quam
161 3048 293 3127 gignere.
336 3047 469 3127 Namque
490 3046 581 3108 Filius
603 3046 725 3125 proprie
747 3054 778 3107 et
805 3064 873 3106 rere
902 3064 937 3106 cn
968 3044 1053 3106 beata
1076 3045 1122 3106 illa
1147 3062 1283 3124 semper-

51 3168 109 3230 que
130 3150 280 3211 exiatente
301 3157 406 3210 natura
429 3156 476 3209 est
497 3156 634 3221 exortus,
661 3166 736 3227 qnae
764 3155 863 3209 autem
893 3166 929 3208 ex
950 3148 1015 3208 eius
1037 3147 1188 3209 voluntate
1210 3165 1284 3227 pro·

49 3252 211 3323 ducuntur,
234 3251 419 3312 extrinsecus
441 3252 515 3311 fiunt
537 3270 571 3312 nc
592 3268 646 3330 per
668 3249 821 3330 proprium
845 3257 875 3312 et
897 3268 932 3310 ex
948 3249 1014 3327 ipsu
1029 3259 1133 3311 natura
1148 3258 1286 3313 exortum

51 3356 144 3415 tetum
167 3362 373 3433 procreantur.

137 3459 169 3520 3.
215 3454 287 3516 Cum
311 3454 400 3533 igitur
421 3454 658 3528 ostenderimus,
687 3452 900 3534 perabsurdam
928 3472 997 3515 esse
1026 3472 1132 3516 eorum
1161 3461 1285 3515 senten-

51 3559 134 3630 tiam,
158 3555 210 3637 qui
232 3557 390 3619 Dominum
412 3557 465 3618 Dei
480 3557 585 3621 Filium
607 3576 677 3618 esse
699 3565 817 3636 negant,
840 3556 893 3617 sed
909 3574 985 3635 opus
1002 3574 1071 3616 esse
1087 3556 1288 3630 contendunt;

51 3659 110 3721 iam
133 3659 270 3738 proiecto
292 3677 416 3720 neeesse
438 3659 535 3733 suerit,
558 3659 716 3720 Dominum
732 3658 839 3719 Filium
863 3676 932 3719 esse
953 3658 1099 3718 confiteri.
1146 3657 1234 3728 Quod
1256 3656 1286 3718 si

51 3762 132 3822 fitius
156 3770 215 3831 est,
239 3761 281 3822 uti
304 3780 406 3823 revera
428 3770 484 3834 cst,
507 3774 744 3840 concessumque
766 3767 813 3821 est
829 3759 932 3820 Filium
948 3776 1009 3819 nou
1031 3758 1215 3819 extrinsecus
1230 3755 1285 3818 sed

50 3882 89 3923 ex
110 3863 252 3941 gignente
274 3881 360 3936 esse;
389 3882 429 3924 ne
457 3881 527 3942 ergo
556 3863 682 3943 amptius
711 3864 747 3924 de
776 3861 891 3935 verbis,
922 3869 954 3921 ut
981 3879 1070 3941 supra
1103 3861 1285 3932 monuimus,

50 4077 138 4147 φύσει
154 4075 300 4149 πρότερον.
336 4082 399 4132 Editi
417 4075 442 4132 ei
464 4084 559 4130 τοίνυν
581 4076 648 4148 πρό·
732 4086 755 4133 h.
775 4085 874 4145 Sequor.
893 4083 979 4132 omittit
997 4075 1042 4128 καὶ
1060 4071 1176 4141 ἀληθῶς.

50 4163 143 4215 τερον·
721 4155 749 4229 ⁸i.
774 4154 872 4230 qubius.
891 4150 1065 4200 etFoicim.l.
1081 4144 1289 4213 δημιουργεῖται

87 4254 104 4302 f.
128 4254 271 4311 Seruarian.
298 4251 395 4302 Gobier.
420 4260 444 4302 et
468 4253 573 4301 Fetcim.
591 4243 647 4300 tt
698 4215 873 4337 mko‘g‘og'mst
980 4286 1050 4336 m
1098 4285 1108 4332 ¹
1156 4273 1274 4330 mna

49 4315 198 4380 vamt-
243 4321 304 4369 rua.
326 4322 425 4383 sum.
442 4312 643 4400 noooptc-
698 4295 963 4406 munilia?
989 4299 1084 4402 unt·
1105 4298 1176 4400 ,tuin
1201 4359 1225 4398 u
1242 4294 1289 4399 si?

50 4390 104 4439 Ιοι
123 4392 186 4440 utem
206 4398 230 4439 et
250 4389 355 4438 rourum.
372 4389 396 4438 4.
421 4379 465 4437 ὅτι
489 4384 535 4437 καὶ
554 4402 660 4443 aaron
698 4439 763 4484 Bw·
784 4441 812 4474 ac
830 4425 925 4472 mcum
948 4423 972 4472 4·
989 4413 1037 4469 καὶ
1053 4413 1289 4484 διαφερέσθωω

85 4507 109 4555 q.
126 4493 201 4544 nuit.
220 4481 312 4544 vareo
327 4483 360 4540 δὲ
376 4484 534 4549 διατάξειεν.
698 4499 722 4541 ει
740 4507 793 4542 mox
811 4486 986 4556 προείπομεν.
