2948 5092
333 204 345 213 ⁸
369 264 372 268 .
458 246 566 293 emmo
582 248 603 291 r.
620 247 736 290 course
750 243 884 292 annuos.
1222 235 1282 298 17⁶

64 421 126 464 enm
146 400 253 463 Filium
274 399 330 462 sed
352 399 474 460 tratrem
494 396 594 460 Patris
615 397 724 460 dicere.
768 396 794 459 0
817 397 943 459 stolidos
971 398 1130 460 admodum
1158 408 1189 462 et
1218 401 1368 464 liti-eus.

62 501 175 582 giososl
219 502 252 563 Si
273 500 355 562 enim
378 518 446 561 eum
468 499 505 561 ab
526 499 701 561 aeternitate
722 507 836 560 tantum
858 500 946 561 simul
963 501 1099 564 extitisse
1114 521 1181 565 oum
1195 502 1283 566 Patre

60 624 111 667 nee
130 604 241 666 Filium
260 621 330 666 esse
358 619 615 674 asseveraremus,
647 600 758 679 aliquid
789 601 890 681 ntique
916 601 1132 682 probabilitatis
1160 603 1284 667 baberet

60 705 193 768 simulata
215 705 335 767 illorum
356 702 473 782 religio.
505 701 558 764 Sin
580 710 678 764 autem
700 720 766 763 oum
789 721 856 764 eum
879 710 1031 765 aeternum
1047 704 1181 778 dicimus,
1205 724 1281 768 eun·

58 809 122 869 dem
143 806 322 868 eonfitemur
348 805 480 884 genitum
503 823 540 864 ex
560 803 648 865 Patre
668 802 790 877 Filium,
817 823 874 883 qua
895 824 1005 884 quaeso
1027 807 1142 868 ratione
1164 808 1281 888 genitus

58 908 200 988 genitoris
223 908 315 970 frater
335 905 436 987 possit
456 903 643 967 existimari?
686 904 718 966 Si
740 904 811 966 item
834 914 936 968 nostra
957 908 1031 969 lides
1054 916 1101 971 est
1118 909 1148 970 iu
1163 909 1282 973 Patrem

56 1020 85 1073 et
102 1010 230 1083 Filium,
257 1026 403 1089 quaenam
424 1007 589 1069 interillos
612 1005 768 1069 intercedit
787 1008 918 1069 fraterna
939 1009 1100 1088 cognatio?
1132 1019 1183 1073 aut
1203 1031 1282 1093 quo·

57 1113 146 1174 modo
167 1119 272 1192 potest
294 1110 423 1172 Verbum
445 1110 510 1171 eius
533 1109 590 1171 dici
612 1110 718 1186 irater,
747 1109 832 1170 ouius
860 1117 908 1170 est
929 1110 1080 1173 Verbum?
1122 1112 1184 1175 Neo
1211 1133 1282 1177 vero

56 1217 129 1276 baeo
149 1214 209 1276 illis
231 1213 333 1292 ignota
354 1219 403 1273 est
422 1211 632 1291 repugnantia,
660 1229 730 1272 nam
756 1211 910 1273 veritatem
939 1220 968 1274 et
994 1213 1052 1292 ipsi
1081 1200 1281 1293 perspiciunt}

56 1316 107 1376 sed
131 1323 182 1376 est
203 1333 277 1376 sane
298 1313 416 1376 ludaico
437 1313 588 1375 excusatio
611 1321 641 1375 et
661 1313 831 1386 huminum,
860 1312 927 1392 qui,
956 1323 990 1375 ιιι
1017 1313 1057 1375 ait
1078 1314 1236 1389 Salomon,
1264 1335 1282 1380 a

55 1417 178 1478 veritate
201 1417 303 1478 volunt
324 1415 488 1478 discedere.
530 1416 632 1495 Neque
654 1415 734 1476 enim
756 1433 792 1475 ex
814 1414 912 1495 aliquo
934 1415 1081 1495 principio
1109 1415 1194 1497 prius
1217 1418 1282 1479 exi·

55 1527 153 1579 sterne
176 1517 265 1579 Pater
286 1527 316 1579 et
337 1517 430 1579 lilius
452 1517 542 1596 geniti
566 1519 701 1590 luerunt,
729 1526 762 1578 ιιι
782 1524 961 1578 censeantur
982 1535 1050 1579 esse
1072 1518 1196 1593 iratres,
1228 1519 1282 1582 sed

55 1619 144 1681 Pater
164 1620 284 1699 quidem
307 1619 485 1699 principium
508 1627 538 1680 et
557 1618 676 1698 genitor
697 1624 745 1680 est
766 1618 847 1692 Filii,
869 1627 899 1680 et
918 1619 1007 1681 Pater
1026 1626 1112 1700 pater
1133 1627 1193 1691 est,
1227 1638 1291 1684 neo-

55 1721 180 1783 alienius
203 1720 260 1783 luit
278 1721 387 1796 Filius3
408 1720 500 1782 lilius
521 1720 719 1813 uutemJilius
741 1730 799 1794 est,
821 1739 882 1782 non
903 1723 1002 1783 irater.
1046 1721 1077 1782 Si
1095 1722 1173 1782 idem
1188 1738 1365 1801 porrorum.

56 1833 197 1884 aeteram
211 1823 309 1885 Patris
331 1824 409 1884 letus
432 1822 548 1895 dicitur,
570 1829 651 1884 reete
673 1822 796 1884 omnino
812 1821 929 1883 dieitur.
957 1823 1032 1884 Nam
1047 1842 1108 1887 nou
1123 1824 1280 1905 aliquando

55 1925 228 2002 imperfecta
250 1925 304 1986 luit
324 1924 421 1987 Patris
444 1933 557 1997 natura,
580 1932 613 1985 ut
632 1924 711 2003 quod
734 1925 812 1985 illins
827 1923 982 2003 proprium
997 1933 1087 1999 esset,
1110 1926 1206 1988 eidem
1221 1945 1281 2006 po·
1361 1962 1364 1969 ·

56 2034 120 2087 stes
139 2025 305 2100 secederet,
329 2045 425 2106 neque
447 2033 480 2088 ut
500 2027 591 2086 bomo
614 2044 649 2086 ex
672 2025 793 2086 bomine
814 2026 929 2104 genitus
952 2036 999 2087 est
1020 2026 1123 2101 Filius,
1147 2036 1179 2088 ut
1195 2028 1282 2091 Patre

56 2127 199 2188 existeret
219 2126 380 2207 posterior,
403 2127 456 2188 sed
478 2127 531 2188 Dei
555 2129 631 2189 letus
653 2135 708 2200 est,
731 2127 782 2205 qui
805 2134 907 2205 utpote
928 2128 1068 2207 proprius
1086 2127 1140 2189 [lei
1162 2147 1283 2210 semper

56 2228 211 2290 existentis
233 2228 325 2289 Filius
347 2227 384 2291 ab
407 2228 579 2290 aeternitate
600 2237 630 2289 et
651 2228 715 2306 ipse
738 2228 846 2289 existit.
891 2229 1051 2291 Hominum
1066 2229 1186 2309 quidem
1206 2249 1281 2310 pro-

55 2330 152 2408 prium
182 2337 230 2390 est
256 2330 443 2408 intempore
465 2329 586 2408 gignere
607 2339 731 2408 propter
753 2337 875 2390 naturae
897 2329 1058 2404 deiectum,
1086 2340 1116 2393 at
1139 2341 1281 2397 aeternus

56 2438 101 2491 est
120 2429 176 2491 llei
197 2431 287 2503 letus,
309 2432 376 2510 quia
399 2449 518 2510 semper
539 2430 754 2510 perfectissima
777 2430 830 2491 luit
846 2430 897 2491 [lei
920 2440 1033 2494 natura.
1063 2432 1164 2511 ltaque
1179 2433 1206 2494 si
1221 2451 1282 2495 non

55 2542 102 2592 est
121 2532 228 2604 Filius,
250 2533 303 2593 sed
325 2552 341 2593 e
364 2533 456 2593 uibilo
479 2540 525 2594 est
547 2536 656 2603 laetus,
679 2532 708 2591 id
732 2533 859 2610 primunr
881 2531 937 2610 ipsi
960 2532 1097 2611 probent,
1120 2554 1154 2595 ao
1175 2534 1282 2596 deinde

55 2630 141 2694 liceat
162 2633 223 2694 illis
245 2643 382 2713 tanquam
403 2634 441 2696 de
463 2652 496 2695 re
518 2634 592 2694 iaotn
614 2633 776 2695 clamitare:
799 2633 867 2695 Fuit
880 2633 1037 2712 aliquando
1059 2653 1125 2696 enm
1147 2654 1208 2696 nnn
1231 2653 1282 2697 es-

57 2741 117 2806 set;
145 2753 198 2795 res
220 2734 329 2814 quippe
350 2754 425 2814 quae
447 2735 539 2796 laetae
561 2743 646 2809 sunt,
675 2743 760 2795 autea
783 2742 862 2794 certe
885 2752 945 2794 nnn
967 2743 1059 2795 eraut.
1106 2736 1165 2797 Sed
1188 2737 1215 2797 si
1237 2743 1283 2798 est

56 2832 146 2896 Filius
169 2836 225 2909 (uti
248 2836 334 2896 Pater
356 2843 482 2897 testatur
504 2845 535 2896 et
557 2836 727 2915 Scripturae
748 2835 946 2916 praedicant),
976 2835 1068 2898 Filius
1089 2844 1186 2897 aulem
1210 2835 1283 2898 nibil

56 2937 132 2998 aliud
156 2946 203 2997 est
225 2955 312 3016 quam
334 2937 413 3017 quod
435 2956 470 2999 ex
492 2938 580 2998 Patre
602 2938 740 3017 gignitur,
763 2937 851 3016 idque
873 2936 953 3014 quod
975 2956 1011 2997 ex
1034 2937 1119 2997 Patre
1141 2937 1282 3016 gignitur,

57 3039 118 3098 eius
141 3047 191 3100 est
214 3038 341 3100 Verbum
363 3047 393 3099 et
415 3038 564 3119 Sapientia
587 3049 617 3099 et
637 3038 798 3118 splendor,
820 3038 889 3116 quid
911 3039 989 3100 aliud
1012 3038 1079 3100 iude
1102 3038 1282 3100 concluden-

57 3140 125 3200 dum
147 3149 207 3211 est,
230 3158 404 3219 quomens,
427 3140 477 3218 qui
499 3140 615 3201 dieunt:
639 3141 705 3201 Fuit
726 3140 892 3218 aliquando,
915 3159 981 3200 num
1004 3158 1065 3200 non
1082 3149 1165 3201 esset
1178 3139 1283 3210 Filius,

57 3242 134 3302 velut
156 3242 242 3301 iures
263 3242 407 3320 quosdam
424 3240 550 3302 Verbum
572 3241 666 3303 allen
688 3242 853 3314 detrahere,
876 3251 1034 3320 aperteque
1056 3242 1199 3302 adversus
1215 3259 1283 3303 eum

58 3342 250 3414 contendere,
272 3343 371 3420 ipsum
393 3344 487 3404 luisse
507 3344 665 3421 aliquando
687 3343 753 3404 sine
775 3343 896 3422 proprio
920 3362 975 3405 suo
989 3343 1084 3405 Verbo
1107 3353 1136 3404 et
1157 3342 1283 3422 Sapien-

58 3444 105 3515 tia,
128 3445 229 3505 lunem
252 3443 343 3505 inisse
364 3445 521 3523 aliquando
543 3444 608 3506 sine
631 3444 807 3524 splendore,
829 3447 941 3506 iontem
965 3445 1095 3506 sterilem
1117 3454 1149 3505 et
1169 3445 1285 3507 aridum

58 3543 149 3606 esse?
195 3544 269 3606 Nam
300 3548 417 3607 tametsi
439 3546 584 3625 temporis
605 3565 715 3608 nomen
737 3556 817 3608 metu
840 3547 869 3608 id
891 3547 947 3608 sibi
971 3546 1210 3627 exprobrantium
1232 3565 1283 3608 re-

59 3649 161 3726 lngere
185 3647 360 3709 simulantes
383 3649 529 3721 fatentur,
559 3668 625 3711 eum
654 3658 722 3709 aute
751 3658 885 3727 tempora
914 3650 1064 3721 extitisse3
1098 3656 1195 3708 tamen
1217 3647 1285 3727 quia

58 3748 203 3827 quaedam
226 3747 370 3810 deliniunt
390 3749 551 3823 intervalla,
575 3751 605 3811 iu
627 3750 735 3830 quibus
756 3750 853 3830 ipsum
876 3769 936 3811 non
959 3750 1052 3812 luisse
1066 3750 1179 3823 volunt,
1201 3749 1284 3811 valde

90 4019 111 4064 g.
132 3996 337 4063 Segoenau.zoi
354 3995 392 4055 de
408 4001 530 4057 deod,iu
549 4003 646 4052 erNaa-
732 4005 747 4052 l
775 4005 814 4052 Sic
838 4005 976 4066 Segnenau.
1007 4005 1063 4066 Reg.
1094 4004 1231 4054 Gobbruu.
1261 4011 1285 4053 et

59 4073 110 4118 nius
130 4073 198 4131 legii.
238 4070 282 4118 Alii
305 4079 328 4118 et
346 4073 402 4119 editi
421 4064 467 4118 καὶ
485 4069 560 4120 θεοῦ.
596 4073 647 4120 ltux
699 4073 874 4120 istcinest.
912 4074 972 4121 Elui
998 4087 1053 4121 tero
1078 4081 1102 4121 et
1126 4073 1166 4120 alil
1189 4063 1217 4118 dit
1236 4069 1284 4118 τοῦ

58 4139 165 4187 Felctrn.
176 4139 200 4186 b.
222 4128 317 4191 ditior
333 4129 474 4206 ὑπάρχων.
698 4138 774 4188 θεοῦ,

733 4204 1283 4269 tmffimmfflgmwmfflmd

699 4265 1281 4324 MMMmmmmhmmmn

88 4331 647 4403 ffnwfflffimmffifflmm
702 4332 1284 4403 Mmfflmufflwdmstmv

57 4408 161 4458 restem.
176 4410 197 4458 l.
235 4411 286 4459 llos
305 4411 448 4469 Segiierion.
469 4403 504 4457 τά
519 4403 645 4472 yervasii.
699 4400 753 4458 sind
771 4408 847 4458 θεοῦ.

56 4477 121 4527 ldem
140 4492 196 4529 mox
214 4476 297 4527 τοῦτο
315 4472 373 4546 γὰρ
391 4469 407 4524 ὃ
424 4470 524 4545 ustaig.
732 4493 764 4527 m.
782 4481 882 4540 Seguer.
899 4475 948 4536 trit·
964 4471 1075 4542 σοφίαι.

88 4241 111 4289 Ιι.
131 4230 168 4287 τό
186 4240 254 4288 deest
279 4243 302 4289 iu
321 4240 478 4302 Segurriauo.
567 4294 573 4305 ¹
