2948 5092
463 286 577 336 ormo
592 290 625 339 ιι,
641 290 757 337 eomas
770 290 906 338 mares.
1106 326 1109 331 .
1222 283 1285 348 341

62 458 161 510 utros
185 443 389 518 contenditis,
416 443 566 526 particeps
587 462 658 507 asso
679 461 740 505 non
762 452 873 522 potest.
917 445 1036 517 Otaama
1057 446 1147 525 igitur
1168 444 1374 515 illerumme.

62 557 102 612 est
121 546 294 620 dementia,
323 562 360 608 ex
386 562 445 625 qua
466 563 517 606 res
538 544 597 606 iam
619 545 710 607 lactas
732 544 797 605 lieri
818 563 880 606 nou
900 546 1038 626 potuisse
1059 548 1197 612 arbitrari
1217 551 1288 615 illos

10 640 14 685 t
59 667 181 712 recessa
211 656 268 710 est.
311 648 357 708 An
384 664 457 708 vero
484 646 610 708 necdum
637 647 729 707 Amas
753 665 820 707 esse
842 646 1000 727 opinantur
1010 649 1289 732 intermediumque

63 752 184 832 aliquem
208 749 307 811 adhue
327 745 497 828 quaerunt?
519 747 612 809 ‘Nam
635 746 717 809 iuxta
738 746 859 826 impiam
880 749 957 811 hanc
977 759 1009 812 et
1028 750 1148 813 stubam
1169 752 1289 819 illorum

63 853 237 917 sententium
258 850 382 912 minime
404 849 568 913 existerent
589 848 677 913 edam
699 867 742 922 oa,
766 868 842 928 quae
857 849 997 925 existunt,
1014 871 1081 915 cum
1094 852 1289 918 intermedius

64 974 117 1018 uon
138 953 319 1034 reperiatur.
1077 938 1085 947 ’

141 1058 196 1120 27.
239 1055 278 1117 At
298 1070 371 1114 voro
393 1052 463 1132 quid
485 1051 626 1114 ohiiciant
646 1050 809 1112 rideamus.
840 1051 949 1127 ,Arce
970 1053 1118 1133 inquiunt,
1139 1055 1220 1119 Deus
1234 1075 1290 1136 per

66 1158 220 1237 „iloysem
241 1153 386 1236 populum
408 1152 529 1215 deduxit
550 1172 594 1214 er
606 1154 748 1233 Aegypto,
770 1171 826 1233 per
845 1154 972 1216 eundem
986 1155 1082 1234 legem
1096 1156 1187 1230 dedit,
1210 1165 1288 1221 um-

65 1258 144 1332 „etsi
173 1258 267 1319 hono
296 1255 362 1335 ipse
390 1264 469 1329 erat,
507 1273 541 1316 ae
568 1253 696 1333 proinde
717 1253 826 1316 similia
847 1272 902 1334 per
923 1255 1021 1318 simila
1042 1266 1170 1336 possunt
1191 1258 1289 1320 fieri‘·

64 1360 166 1440 lltique
189 1357 319 1421 maxime
342 1354 441 1417 decuit
462 1354 536 1417 haec
555 1355 612 1417 eos
634 1355 759 1417 latenter
779 1355 878 1434 loqui,
900 1375 940 1418 ue
962 1375 1079 1419 summo
1102 1359 1290 1422 afficerentur

63 1462 184 1540 pudore.
229 1458 292 1519 Nec
324 1456 403 1518 enim
431 1456 548 1536 Moyses
581 1455 696 1518 missus
730 1466 777 1517 est
806 1456 841 1518 ad
870 1457 1029 1519 creandum
1057 1477 1154 1538 neque
1182 1468 1216 1522 ut
1243 1480 1288 1535 ea,

63 1581 132 1642 quae
160 1578 225 1624 non
256 1567 344 1631 sunt,
370 1567 490 1620 voearet
511 1567 544 1620 ut
564 1557 640 1631 siut,
670 1560 767 1636 neque
788 1567 820 1620 ut
841 1558 988 1620 homiues
1001 1559 1114 1621 similes
1136 1562 1289 1636 formaret,

64 1663 113 1724 sed
146 1669 264 1724 mutum
294 1670 332 1720 ut
359 1659 435 1738 apud
464 1658 607 1739 populum
636 1666 666 1721 et
686 1659 765 1739 apud
786 1677 886 1738 regem
908 1661 1095 1723 Pharaonem
1116 1682 1290 1726 sermonum

64 1775 140 1827 esset
162 1762 354 1836 administer,
383 1780 457 1841 quae
479 1762 614 1841 proiecto
638 1761 761 1823 multum
784 1761 863 1822 inter
884 1781 917 1824 se
939 1763 1090 1826 dillerunt
1134 1763 1208 1826 Nam
1230 1765 1289 1827 mi-

62 1867 188 1928 nistrare
210 1881 311 1925 rerum
334 1864 476 1924 laetarum
500 1871 547 1924 est
569 1870 706 1941 tauquam
728 1880 894 1937 serrorum,
916 1883 965 1926 res
986 1883 1057 1926 vero
1080 1865 1245 1944 producere
1261 1875 1291 1928 et

61 1985 159 2029 creare
182 1965 278 2027 solius
300 1963 354 2025 Dei
377 1971 423 2024 est
444 1962 617 2043 propriique
639 1962 705 2025 eius
728 1963 815 2026 Verbi
838 1973 867 2026 et
888 1964 1060 2046 sapientiae.
1104 1967 1181 2029 lliue
1201 1985 1290 2029 nemo

61 2071 136 2131 alius
158 2068 192 2129 in
213 2067 306 2129 rebus
330 2065 467 2127 creandis
491 2066 622 2126 occurrit
643 2074 762 2144 praeter
784 2067 881 2129 solum
897 2066 950 2129 Dei
962 2067 1100 2141 Verbum,
1125 2073 1224 2130 omniu
1244 2067 1376 2135 sunem.

59 2171 180 2251 quidem
204 2174 237 2231 ia
259 2172 412 2249 snpientia
433 2169 518 2246 sacto
540 2178 623 2242 eunt,
646 2179 675 2230 et
697 2171 762 2229 sire
780 2167 873 2230 Verbo
889 2171 1006 2248 [cetum
1016 2180 1067 2249 est
1082 2169 1168 2232 uitat.
1203 2169 1292 2242 Quod

60 2281 160 2334 summ
181 2270 219 2332 ad
243 2288 305 2342 eos,
329 2269 380 2348 qui
401 2269 582 2337 ministrant,
606 2275 731 2347 spectat,
753 2287 815 2331 nou
836 2288 914 2331 uuus
937 2279 1032 2343 certe,
1057 2271 1110 2332 sed
1132 2290 1168 2332 ex
1190 2270 1290 2334 omni-

57 2375 114 2437 hus
143 2371 266 2454 plurimi
295 2379 380 2443 aaut,
411 2389 487 2450 quos
516 2370 656 2431 nimirum
682 2370 809 2431 Domino
838 2370 983 2449 placuerit
1002 2371 1130 2434 mittere.
1173 2371 1292 2434 Etenim

58 2475 144 2539 multi
165 2472 359 2551 Archangeli,
382 2472 467 2533 multi
490 2471 604 2532 Throni
627 2480 657 2532 et
677 2471 846 2533 Potestates
869 2491 903 2534 ac
924 2471 1158 2545 dominationes,
1180 2474 1290 2535 millia·
1365 2500 1370 2514 ’

58 2578 127 2658 que'
139 2576 264 2639 millium
294 2582 325 2636 et
352 2573 451 2635 decies
480 2573 587 2651 millies
616 2573 691 2635 dena
720 2574 810 2635 millia
833 2573 1007 2649 ministrant,
1022 2593 1057 2634 ac
1077 2583 1196 2654 praesto
1218 2582 1292 2637 sunt

59 2681 96 2740 ad
125 2679 316 2740 missionem.
360 2675 443 2736 hlulti
475 2694 592 2754 quoque
623 2682 694 2737 sunt
719 2675 903 2755 Prophetae,
936 2675 1094 2738 duodecim
1120 2684 1190 2737 sunt
1219 2677 1292 2738 item
1375 2750 1376 2754 Ἰ
1444 2743 1451 2757 ,

59 2779 199 2862 Apostoli
222 2788 254 2840 et
273 2778 393 2840 Paulus.
438 2777 475 2838 Et
496 2777 657 2856 veroipse
679 2778 797 2856 lloyses
821 2796 881 2837 non
903 2777 1005 2848 solus,
1028 2776 1081 2838 sed
1103 2777 1291 2840 Auruncum

59 2902 113 2955 eo,
144 2900 180 2942 ae
209 2878 316 2942 deinde
342 2878 391 2939 alii
414 2878 599 2956 septuaginta
622 2886 724 2938 sancto
747 2878 862 2956 Spiritu
883 2877 989 2956 repleti
1018 2887 1104 2951 suot3
1136 2897 1171 2939 ao
1198 2878 1292 2957 hloqsi

59 2985 146 3046 lesus
169 2982 247 3044 iilius
269 2980 348 3041 Nave
370 2980 526 3053 suecessit,
550 2980 596 3040 cui
619 2997 794 3040 successere
814 2978 942 3052 ludices,
965 2978 1114 3041 ludicihus
1136 2998 1208 3040 vero
1230 2997 1292 3042 uon

60 3104 139 3147 unus
161 3083 216 3145 sed
239 3082 323 3144 multi
345 3081 452 3160 Reges.
497 3081 531 3141 Si
553 3080 644 3159 igitur
665 3090 781 3142 creatus
805 3089 835 3142 et
850 3081 944 3142 laetus
960 3088 1043 3142 esset
1056 3079 1158 3154 Filius,
1181 3080 1291 3144 mutos

58 3181 184 3267 quoque'
202 3183 373 3247 huiusmodi
398 3182 475 3243 filios
499 3201 568 3244 esse
592 3191 755 3260 oporteret,
779 3189 811 3244 ut
832 3181 943 3244 multos
963 3182 1076 3260 pariter
1092 3183 1157 3243 eius
1173 3181 1292 3262 generis

59 3288 218 3349 ministros
240 3284 365 3346 haberet
384 3284 481 3353 Deus,
510 3283 759 3362 quemadmodum
781 3283 905 3345 aliorum
928 3302 1032 3361 magua
1055 3293 1101 3345 est
1122 3284 1290 3346 multitudo.
1337 3303 1341 3312 ’

59 3388 152 3461 Quod
175 3387 202 3448 si
224 3386 254 3446 id
276 3404 378 3446 verum
401 3404 462 3446 non
485 3394 542 3458 est,
567 3385 620 3446 sed
640 3404 691 3446 res
712 3385 831 3466 quidem
847 3394 960 3447 creatae
976 3385 1084 3447 multae
1098 3394 1176 3455 sunt,
1200 3404 1292 3447 unum

59 3499 161 3551 autem
184 3498 232 3549 est
254 3487 399 3561 Verbum3
432 3487 498 3566 quis
521 3504 583 3548 non
605 3486 675 3549 iude
696 3487 855 3567 perspicit,
883 3486 989 3548 Filium
1011 3485 1048 3547 ab
1071 3485 1209 3547 omnibus
1232 3485 1290 3547 dil·

59 3593 156 3663 lerre,
190 3607 245 3651 neo
276 3607 325 3650 res
361 3597 474 3650 creatas
503 3589 545 3650 illi
568 3608 636 3650 esse
666 3590 820 3669 aequales,
852 3589 906 3650 sed
939 3606 1006 3650 eum
1038 3588 1190 3666 proprium
1223 3605 1292 3648 esse

59 3690 186 3757 Patris?
230 3691 314 3752 Unde
342 3708 404 3751 uon
432 3691 523 3751 multa
547 3698 618 3752 sunt
638 3690 752 3763 Verba,
776 3689 830 3769 sed
853 3690 950 3750 solum
971 3707 1065 3750 uuum
1086 3688 1175 3750 unius
1195 3686 1292 3750 Patris

92 4051 119 4099 d.
138 4049 239 4110 Sequor.
259 4039 329 4110 πρὸς
345 4040 465 4107 βασιλέα.
739 4046 763 4095 h.
780 4045 822 4095 ste
839 4045 937 4105 Sequar.
956 4032 1055 4092 Gobler.
1074 4042 1177 4090 Fstclm.
1200 4042 1220 4089 t.
1232 4047 1257 4088 st
1269 4040 1294 4090 l.

93 4114 404 4168 cooeternitatem.
427 4103 653 4177 1.ἢμὴμόνον.
707 4113 735 4161 At
752 4110 793 4160 elii
811 4118 835 4160 et
852 4111 908 4159 aditi
920 4103 966 4157 καὶ
978 4104 1090 4160 Παῦλος.
1121 4109 1211 4156 thidum
1224 4108 1294 4158 nott.

92 4189 110 4236 l.
134 4186 176 4234 Sic
194 4187 296 4246 Sequor.
315 4181 372 4242 lleg.
385 4181 456 4230 hasil.
468 4181 538 4231 Gohl.
550 4180 655 4230 l'elelrm.
708 4191 730 4232 et
750 4179 852 4229 Fotctm.
874 4179 894 4227 1.
913 4169 995 4228 odric
1011 4170 1058 4224 καὶ
1071 4167 1183 4242 Ἀαρών.

59 4254 150 4305 heti.
186 4255 231 4302 Alii
251 4260 275 4300 et
293 4249 350 4298 editi
368 4241 423 4315 reip
442 4250 561 4298 omittunt.
594 4248 654 4297 lhid.
742 4281 756 4328 ἰ.
776 4269 1298 4344 sememaqngwoeeqmmgpmp

56 4325 174 4454 “¹33⁶
182 4311 414 4449 ⁴s'effifig‘fflffi
433 4384 537 4435 felem
558 4384 579 4433 ι·
595 4392 619 4433 a
630 4384 655 4433 4·
706 4341 827 4468 dduiim
866 4347 892 4397 le
910 4347 964 4398 aliia
983 4354 1007 4396 et
1024 4347 1095 4397 editis
1109 4338 1157 4393 καί
1167 4345 1297 4410 utrobique

57 4463 87 4510 At
103 4461 145 4508 ehi
164 4467 190 4508 et
208 4458 267 4506 cetui
287 4450 455 4518 λειτουργῶν
471 4448 517 4502 arci
534 4447 655 4518 ἑτοίμων

54 4521 96 4583 sis
111 4521 144 4577 si
161 4516 420 4585 lamentatores.
490 4523 495 4538 '
740 4519 762 4568 t.
782 4518 881 4578 Sequar.
899 4508 929 4566 ds
945 4508 1051 4564 rosires.
