2948 5092
434 294 548 337 coleron
563 294 780 338 anoeernanrmr
794 294 880 340 uasa
895 270 918 338 r.
1220 285 1284 348 870

55 445 280 526 blasphemetis,
305 444 455 507 dicentes:
479 442 564 505 Certo
586 461 643 504 noa
665 461 743 516 sum,
767 444 815 522 qui
839 464 873 505 ex
897 445 987 509 bieria
1011 457 1182 522 natusest,
1206 470 1366 517 coo-ean.

56 545 283 611 substantialem
306 544 386 607 Patri
409 543 545 605 dicimus.
589 543 685 605 Porro
706 544 779 610 baec
799 555 897 607 vestra
920 567 1006 626 qnam
1023 551 1202 629 praeclaram
1218 553 1284 614 eai-

56 649 187 711 stimatis
210 646 351 724 loquendi
373 644 449 705 ratio
471 653 521 706 ant
543 645 693 723 superflua
713 654 764 706 aut
779 646 867 708 stulta
883 650 1135 729 comprobabitur.
1166 653 1284 716 Etenim

57 749 127 831 quis
150 769 167 810 e
187 747 322 809 fidelibus
346 766 405 807 non
427 747 612 819 confiteatur,
635 746 728 811 neom
744 748 882 822 Verbum,
905 750 955 829 qui
977 751 1096 814 advenit
1115 763 1144 815 et
1159 774 1193 816 ex
1210 772 1285 816 sau·
1335 745 1336 749 ¹
1427 796 1432 809 ·

54 861 104 914 cta
119 849 238 929 Virgine
253 848 342 911 blaria
363 848 453 913 bomo
477 847 587 927 prodiit
601 848 739 927 Patrique
761 849 1021 917 consubstantialis
1039 863 1094 929 est,
1118 855 1285 921 exsemine

57 952 209 1023 Abrabae,
238 949 323 1010 cuius
347 949 425 1014 lilius
447 958 636 1023 recensetur,
664 949 815 1015 huminem
838 970 907 1013 esse
930 955 1055 1029 sadum,
1084 966 1134 1020 aut
1158 956 1285 1018 Verbum

55 1055 122 1118 Deo
144 1050 396 1118 consubstantiale
418 1050 580 1112 seeundum
603 1070 723 1118 caruem
744 1052 836 1118 fllium
848 1053 938 1115 [levid
960 1056 1068 1120 sadum
1083 1056 1177 1118 esso?
1212 1057 1285 1121 ideo

55 1155 236 1235 Prophetae,
258 1153 394 1231 Apostoli
417 1161 446 1212 et
468 1152 671 1231 Evangelistae
692 1153 842 1218 Christum
865 1157 1037 1218 exsemine
1059 1157 1150 1222 liavid
1173 1175 1283 1223 secun·

57 1257 130 1319 dum
152 1272 272 1315 carnem
295 1262 391 1318 ortum
416 1254 536 1315 duxisse
558 1260 689 1322 narrant.
734 1253 894 1326 Quomodo
918 1256 1024 1335 igitur,
1053 1276 1119 1319 oum
1142 1259 1215 1321 haec
1235 1259 1283 1321 di·
1310 1232 1376 1341 ,Ἰ

57 1357 150 1429 catis,
179 1373 240 1416 uon
270 1355 462 1427 erubescitis,
484 1372 618 1428 carnem,
647 1374 722 1435 quae
745 1375 780 1417 ex
802 1357 916 1423 semiue
938 1358 1029 1420 florid
1052 1368 1116 1420 orta
1137 1368 1284 1435 narratura,
1338 1368 1342 1377 ’

57 1454 345 1522 consubstantialem
367 1455 446 1515 Patri
470 1454 665 1539 asseverare?
709 1454 759 1521 Vel
786 1472 922 1531 rursum,
954 1469 986 1520 ut
1013 1459 1181 1535 alebamur,
1211 1462 1311 1523 baou'

58 1559 153 1621 stulte
174 1557 282 1628 dicitis,
308 1575 367 1616 non
392 1557 604 1635 intelligentes,
628 1557 708 1635 quod
730 1567 778 1620 cst
799 1558 1051 1624 consubstantiale
1070 1562 1194 1629 eandem
1216 1562 1284 1641 qui·

55 1661 128 1725 dom
149 1668 284 1721 naturam
306 1658 427 1730 babere,
448 1658 597 1737 propriam
620 1668 719 1719 tamen
740 1660 953 1737 perlectionem
977 1661 1120 1742 iuseipso
1134 1663 1285 1728 exhibere.

60 1762 246 1825 sicutenim
269 1760 380 1834 Filius,
408 1760 458 1839 qui
487 1759 747 1826 consubstantialis
770 1760 849 1822 Patri
872 1760 1052 1836 dederetur,
1082 1767 1231 1843 perfectus
1253 1763 1286 1827 iu

55 1864 193 1945 perlecto
216 1864 403 1942 agnoscitur,
426 1863 470 1924 sic
492 1872 523 1929 et
544 1861 673 1940 Spiritus
697 1872 832 1937 sanctus3
854 1864 1115 1931 consubstantialis
1138 1868 1217 1929 enim
1239 1875 1288 1931 eal

55 1965 200 2032 Trinitas.
246 1965 356 2025 Dabitis
380 1982 450 2041 ergo
473 1956 717 2026 consubstantiali
739 1964 819 2025 carni
842 1965 1055 2044 perlectionem
1077 1977 1196 2046 praeter
1217 1967 1285 2031 Filii

54 2067 283 2147 perlectionem,
307 2074 337 2125 el
358 2065 519 2130 secundum
542 2084 596 2126 vus
618 2065 801 2144 quamunitas
822 2083 877 2144 pro
894 2065 1037 2130 Trinitate
1058 2070 1284 2146 praedicabitur.

54 2169 249 2247 Ecquodnam
273 2167 344 2230 illud
365 2174 477 2227 tanum
501 2167 658 2245 impietatis
681 2165 905 2233 conimenturu?

148 2274 197 2334 10.
242 2270 300 2335 Sed
324 2268 437 2334 dicitis:
470 2268 573 2341 „Caro
596 2269 671 2328 lucta
693 2276 740 2327 est
761 2267 857 2328 Verbo
880 2267 1174 2331 consubstantialis.“
1220 2260 1296 2342 Qua*

55 2373 175 2433 ratione
204 2374 277 2432 laeta
309 2378 355 2429 est
384 2367 670 2431 consubstantialis?
714 2369 914 2448 Respondete.
962 2369 1090 2431 Verbum
1125 2371 1199 2431 lacta
1228 2379 1284 2444 est,

56 2474 115 2540 sod
138 2482 167 2534 el
188 2472 318 2551 Spiritus
341 2473 415 2532 lacta
438 2480 494 2534 est.
539 2471 615 2531 Sane
638 2470 665 2531 si
688 2489 731 2543 ea,
754 2488 829 2548 quae
852 2479 956 2532 natura
980 2489 1033 2531 sua
1056 2470 1201 2532 [livinitus
1224 2489 1286 2533 non

57 2583 125 2646 est,
154 2593 208 2654 per
237 2572 430 2634 mutationem
453 2571 596 2635 Divinitas
624 2572 784 2644 alliciatur,
819 2590 871 2632 cur
893 2571 982 2650 igitur
1002 2572 1128 2634 Arianos
1150 2571 1285 2651 arguitis,

57 2676 111 2756 qui
134 2676 210 2740 banc
232 2675 268 2736 de
291 2675 388 2735 Verbo
418 2673 595 2739 sententiam
616 2674 648 2735 iu
669 2672 800 2738 medium
823 2672 983 2734 adserunt?
1027 2673 1112 2734 Licet
1131 2673 1368 2751 Scripturarnoo

57 2778 154 2843 dicat:
182 2777 306 2839 Verbum
331 2795 403 2837 cero
426 2778 542 2855 fectum
566 2787 620 2843 est.
663 2774 729 2835 Nou
753 2774 863 2835 dictum
886 2783 946 2834 est:
970 2772 1045 2834 Caro
1061 2773 1189 2836 Verbum
1210 2751 1309 2836 lacta⁸

58 2889 124 2953 est,
153 2879 206 2944 sed
230 2877 357 2943 Verbum
387 2895 456 2939 earo
484 2880 591 2938 laetum
625 2885 687 2949 eet,
722 2876 789 2954 quia
812 2874 898 2935 Verbi
920 2877 995 2938 lacta
1016 2883 1062 2935 est
1083 2893 1151 2935 caro
1174 2884 1204 2936 et
1225 2894 1288 2937 nou

57 2981 194 3046 heminis
216 2980 384 3053 cuiusdam,
408 2979 438 3039 id
461 2989 506 3040 est
528 2980 607 3040 Deus
631 2979 720 3042 borno
743 2980 837 3043 lactus
861 2986 922 3049 est,
947 2986 976 3037 et
997 2976 1120 3037 dicitur:
1148 2994 1217 3038 caro
1238 2977 1287 3038 la..

58 3093 127 3145 ctus
149 3091 204 3155 est,
229 3100 267 3141 ne
290 3082 387 3142 earnis
410 3100 517 3142 nomen
540 3079 825 3161 praetermitteretis.
871 3077 901 3137 Si
918 3078 1015 3156 itaquo
1030 3077 1115 3137 vobis
1137 3096 1198 3139 nou
1219 3078 1285 3139 enr-

58 3187 122 3250 licit
148 3183 292 3245 naturalis
308 3178 370 3248 'illa
399 3183 465 3243 sine
493 3183 668 3246 contusione
692 3180 777 3241 Verbi
800 3199 865 3240 eum
888 3180 1009 3260 propria
1031 3197 1119 3239 nune
1141 3179 1231 3254 uuio,
1257 3188 1289 3242 et

57 3287 141 3367 quod
162 3286 242 3348 bens
266 3285 356 3345 liomo
378 3285 472 3349 lactus
494 3285 534 3345 sit
556 3293 633 3348 certe
656 3283 714 3347 inm
736 3301 833 3361 neque
855 3281 956 3344 audire¹
973 3300 1069 3360 nequo
1084 3282 1206 3346 eredere
1220 3281 1288 3344 rul-
1391 3330 1394 3334 ,

58 3390 110 3460 tis,
134 3406 190 3449 uec
212 3374 285 3448 satis
308 3386 393 3446 vobis
409 3394 465 3458 est,
489 3405 555 3446 cum
572 3385 610 3458 id,
634 3385 713 3464 quod
726 3383 1144 3447 omnemcommendationem
1157 3390 1289 3462 superat,

58 3507 171 3568 eorpus
206 3487 319 3551 scilicet
339 3487 408 3558 nei,
438 3487 579 3573 audietis,
609 3486 806 3555 ubidicitur:
832 3486 896 3558 Qec·
916 3486 1153 3565 trerraferaeabit
1174 3503 1288 3564 corpur

58 3589 241 3654 bumiliten'a
271 3599 410 3660 nostrae,
440 3599 476 3650 ut
503 3595 544 3650 eit
567 3589 790 3670 confipurotem
812 3591 937 3666 corpori
956 3587 1074 3666 pieriae
1095 3607 1183 3657 auae.
1212 3602 1289 3664 quae

58 3703 108 3754 est
138 3692 227 3751 luturi
243 3680 369 3757 'saeculi
398 3690 583 3769 significatio.
628 3691 665 3751 Et
692 3698 845 3769 praeterea
877 3688 997 3750 dieitur:
1031 3686 1147 3766 Corpus
1177 3685 1289 3764 gloriae

57 3847 187 3897 Allienoslo
208 3846 312 3893 dicente:
333 3845 426 3892 Verbum
446 3859 513 3902 euro,
533 3859 577 3891 non
597 3860 650 3892 coro
703 3843 761 3891 tuati
780 3854 872 3889 sumus.

62 3916 160 3963 Verbum
176 3916 261 3973 [ectum
281 3919 322 3960 est.
362 3913 453 3960 Verbum
466 3919 541 3960 nutem
552 3926 604 3959 erro
614 3916 651 3974 [c-
737 3910 760 3957 b.
780 3909 805 3956 ln
825 3908 980 3968 Sepueriano,
1000 3905 1097 3956 Gobler.
1115 3913 1139 3954 ct
1150 3904 1254 3954 raucum.
1267 3904 1289 3953 l.

58 3989 122 4032 ctum
141 3981 239 4039 dieitur,
260 3981 315 4042 quio
335 3979 400 4029 Verbi
417 3983 610 4041 sceleratiore,
631 3986 652 4027 et
703 3968 848 4039 ἇόυγχύτῳ
867 3976 941 4023 deest.
978 3963 1123 4022 lloxuiroai
1139 3967 1290 4037 γενομένην

56 4065 107 4098 non
127 4049 227 4097 alicuius
245 4049 359 4096 beminis:
378 4050 420 4097 lior
439 4053 486 4106 eet,
507 4046 566 4093 liene
585 4048 651 4095 bomo
703 4046 771 4092 deest
798 4045 821 4091 in
848 4044 947 4104 Seguer.
983 4042 1009 4089 lu
1038 4042 1136 4090 Golden.
1162 4049 1241 4088 autern
1266 4047 1291 4088 et

56 4123 137 4181 [actua
156 4123 206 4175 est,
226 4122 247 4162 et
266 4116 351 4163 dieitur
368 4130 436 4174 cero,
456 4130 485 4162 ne
500 4116 651 4176 praetereatis
704 4112 856 4160 Folclrmanui
878 4112 898 4158 l.
923 4109 989 4157 deest
1013 4115 1104 4156 tantum
1128 4103 1286 4172 γενομένην.

58 4186 139 4234 cornis
157 4197 257 4260 VWV'.
285 4182 329 4230 Cur
346 4198 399 4259 erpo
418 4198 463 4230 non
482 4182 566 4259 sufficit
585 4183 652 4230 nobie
703 4176 777 4256 Paulo
794 4180 968 4258 post'Seguer.
984 4167 1099 4226 eseiae.
1143 4246 1146 4252 Ι

57 4251 178 4301 καὶναὶιν
196 4258 270 4298 ansteo
286 4250 350 4298 Verbi
368 4252 398 4298 od
414 4265 533 4312 propriam
551 4265 649 4309 earnem,
737 4263 752 4294 i.
777 4259 815 4298 εις
840 4259 871 4292 ro
893 4239 1025 4308 γενέσθαι
1049 4246 1116 4292 deest
1142 4259 1166 4293 ra
1191 4242 1291 4292 Goblar.
1401 4287 1404 4293 .

56 4326 80 4369 el
101 4320 157 4382 pain
175 4317 235 4365 liena
253 4319 319 4365 bomo
336 4321 412 4379 [uetus
429 4324 470 4365 est.
507 4317 566 4367 liuta
585 4319 652 4367 nobis
703 4315 840 4364 Folo-lml.
860 4314 958 4374 Sepuer.
994 4314 1050 4361 l'osr
1067 4301 1291 4375 ptttouoeatd·

55 4385 190 4448 irrepsisse
205 4398 254 4460 pro
272 4386 345 4433 ociis.
701 4397 749 4434 νος
766 4382 882 4446 quaedam
901 4382 1001 4429 deerant
1019 4381 1138 4439 ineditis,
1156 4394 1218 4443 quae
1237 4391 1302 4426 ωηο·

95 4444 154 4514 μὶ
181 4448 252 4517 capi
273 4443 353 4514 λόγος
377 4443 490 4517 εἴρηται.
529 4453 570 4502 Sic
594 4452 650 4501 editi
703 4454 760 4499 tuan
779 4464 863 4498 sumus
882 4463 909 4497 ex
927 4449 1026 4509 sepner.
1047 4450 1143 4499 Gobler.
1162 4456 1186 4497 et
1204 4445 1289 4496 l'elel·

55 4519 162 4572 omneis
179 4521 340 4584 interpositis,
358 4535 421 4584 quae
437 4534 465 4570 aa
478 4522 578 4583 Sernes.
596 4533 651 4570 utu·
702 4519 818 4570 mannil.
838 4530 916 4580 usqua
932 4516 964 4566 ad
979 4508 1027 4564 sal
1043 4508 1058 4563 ὁ
1074 4507 1173 4582 ao'ptos.
