2948 5092
340 254 540 303 taisson-att
556 254 701 300 nscssrrs
715 255 859 299 nicusus
874 255 991 305 sruonr.
1107 314 1113 325 .
1241 242 1326 306 87·

115 428 146 471 ex
168 408 232 471 ileo
255 426 344 481 vero,
373 406 523 486 genitum,
552 425 613 468 non
643 406 766 478 lactum,
798 406 1079 469 consubstantialem
1102 408 1198 480 Patri,
1228 423 1368 487 perram

115 529 202 590 mem
224 510 325 571 omnia
347 509 424 570 lacta
446 517 526 582 sunt,
549 509 611 570 sire
633 526 707 587 quae
730 507 760 568 in
783 507 863 568 caelo
886 508 948 570 sive
970 509 1091 588 quaein
1107 518 1184 571 terra
1200 519 1281 586 sunt,

113 612 161 691 qui
183 619 310 691 propter
331 628 389 671 nos
412 610 548 671 hominos
577 619 608 672 ct
628 618 751 688 propter
774 616 907 669 nostram
929 610 1054 672 salutem
1077 610 1231 672 descendit
1251 619 1368 675 stesso.

114 714 284 776 incarnatus
308 720 364 785 est,
387 711 477 773 horno
499 712 593 772 lactus
617 719 673 784 est,
695 728 802 790 passus
823 720 871 770 est
892 717 922 771 ot
943 712 1106 774 resurrexit
1120 714 1205 774 tertia
1220 713 1279 787 die,

113 813 249 876 ascendit
277 814 309 874 in
336 812 436 875 caelos
464 820 494 873 et
527 812 626 873 reniet
646 811 824 874 iudicaturus
846 811 927 873 rivos
950 821 979 873 et
1002 822 1146 875 mortuos.
1192 814 1228 874 ut
1249 814 1281 876 in

113 914 259 995 Spiritum
282 921 428 976 sanctum.
472 913 543 975 lllos
566 932 635 974 vero
658 913 709 992 qui
732 913 841 986 dicunt,
866 914 941 988 „luit
963 914 1119 993 ahquando
1137 934 1204 977 cum
1219 934 1280 977 non

114 1022 257 1090 „esset,“
280 1025 326 1077 et:
356 1023 534 1094 „antequam
556 1014 672 1094 genitus
695 1023 825 1076 estnon
848 1023 949 1088 erat‚“
973 1025 1016 1077 et:
1040 1036 1099 1090 „ex
1120 1017 1279 1078 non-exi-

114 1118 292 1192 „steutihus
315 1117 377 1178 sire
400 1136 436 1178 ex
457 1116 551 1178 nihilo
573 1118 667 1177 lactus
690 1122 775 1188 est,“
804 1115 849 1177 rol
878 1117 928 1197 qui
951 1117 1004 1177 llei
1025 1117 1131 1179 Filium
1160 1138 1194 1179 ex
1224 1117 1280 1179 alia

112 1219 268 1300 hypostasi
289 1218 336 1280 vel
357 1217 520 1280 substantia
542 1236 609 1279 esse
630 1225 680 1279 aut
701 1226 830 1278 creatum
853 1237 920 1280 esse
942 1226 992 1279 aot
1013 1220 1120 1281 mutari
1136 1221 1181 1280 rel
1203 1237 1279 1281 con·

111 1322 187 1382 serti
210 1339 306 1400 posse
328 1320 469 1392 sentiunt,
492 1319 676 1380 anathemate
698 1318 768 1380 lerit
789 1320 929 1382 catholica
952 1320 1093 1382 Ecclesia.

132 1528 164 1587 5.
210 1522 274 1583 llac
307 1522 404 1602 itaque
437 1521 473 1608 ab
500 1521 557 1583 illis
585 1521 662 1581 edita
690 1521 815 1583 formula
848 1521 998 1583 noluimus
1032 1522 1188 1596 assentiri,
1216 1523 1280 1585 nisi

62 1633 209 1704 postquam
233 1623 390 1701 diligenter
411 1623 446 1684 ab
468 1623 543 1702 ipsis
566 1622 783 1701 inquisivimus,
807 1642 936 1702 quonam
959 1624 1048 1685 modo
1068 1623 1214 1686 dixissent
1228 1624 1279 1685 Fi-

61 1725 119 1787 lum
141 1745 178 1787 ex
202 1724 368 1787 substantia
388 1725 488 1786 Patris
514 1733 544 1786 et
564 1723 643 1785 Patri
675 1724 955 1786 consubstantialem
987 1744 1066 1787 esse.
1110 1726 1186 1786 llinc
1208 1744 1280 1805 ergo

60 1837 146 1890 notae
174 1835 249 1889 sunt
277 1825 465 1906 quaestiones
495 1836 524 1887 et
551 1826 783 1905 responsiones,
817 1828 943 1907 quisque
971 1827 1090 1888 illorum
1119 1827 1280 1890 verborum

61 1948 156 1992 tensius
180 1938 281 2002 esset,
310 1928 425 1989 ratione
448 1936 494 1988 est
515 1927 721 1989 examinatum.
766 1928 865 2007 ltaque
887 1930 965 1989 inter
988 1947 1040 1990 eos
1062 1928 1201 1990 convenit
1222 1929 1280 1991 ista

60 2031 179 2093 dictione
201 2049 242 2093 ea·
263 2030 436 2093 substantio
458 2028 643 2108 significari,
665 2027 770 2091 Filium
799 2048 867 2091 esse
890 2030 1009 2109 quidem
1031 2050 1066 2092 ex
1088 2030 1194 2102 Patre,
1217 2047 1279 2090 non

59 2141 145 2194 tamen
167 2131 253 2193 velut
273 2141 387 2210 partem
409 2130 504 2191 Patris
527 2130 665 2191 existere.
710 2132 804 2202 Quam
827 2150 899 2193 sane
922 2132 1099 2193 sententiam
1122 2131 1211 2193 nobis
1227 2150 1279 2193 re·

58 2243 125 2294 τίσω
148 2233 247 2295 visum
269 2241 318 2294 est
339 2232 475 2312 amplecti
499 2240 601 2312 utpote
623 2242 851 2293 consentaneam
874 2234 940 2312 piae
962 2233 1123 2305 doctrinae,
1150 2253 1207 2313 qua
1229 2233 1279 2295 ni-

57 2335 155 2396 mirum
178 2334 361 2406 declaratur,
390 2334 494 2395 Filium
523 2353 556 2395 ex
580 2333 667 2394 Patre
695 2333 812 2413 quidem
835 2353 920 2407 esse,
949 2353 1009 2395 non
1038 2344 1136 2396 tamen
1164 2343 1288 2415 partem¹

58 2436 113 2498 eius
142 2435 329 2497 substantiae
358 2436 495 2497 existere.
548 2435 693 2507 Quocirca
725 2434 813 2496 nobis
841 2454 959 2515 quoque
987 2437 1125 2516 placitum
1153 2445 1216 2508 est,
1245 2446 1280 2498 ut

57 2538 229 2599 sententiam
251 2537 339 2598 istam
361 2538 603 2616 approbaremus.
647 2536 749 2615 Neque
772 2537 859 2597 etiam
886 2539 1153 2600 consubstantialis
1175 2556 1277 2599 rocem

57 2638 279 2717 repudiarimus,
303 2658 368 2699 cum
391 2648 512 2718 propter
533 2638 614 2716 pacis
637 2637 770 2710 bonum,
793 2639 872 2718 quod
894 2640 982 2700 nobis
1004 2648 1072 2699 ante
1095 2639 1197 2700 oculos
1219 2657 1278 2717 po·

57 2740 199 2802 tissimum
222 2739 407 2810 versabatur,
431 2749 492 2800 tum
515 2759 552 2799 ue
574 2759 590 2799 a
613 2748 690 2800 recta
714 2741 858 2802 sententia
881 2740 1096 2801 decideremus.

134 2845 163 2905 6.
210 2841 353 2902 Similiter
380 2841 553 2902 admisimus
576 2860 665 2901 voces
685 2845 820 2921 percitum
842 2854 870 2903 ct
891 2860 953 2904 non
981 2843 1112 2920 fortune,
1143 2842 1279 2920 quando-

58 2943 167 3020 quidem
191 2944 267 3004 hanc
288 2961 391 3004 rocem
417 2944 534 3021 sactum
556 2961 742 3003 communem
771 2961 837 3004 csse
864 2942 960 3004 aiebat
987 2951 1150 3004 ceterarum
1179 2961 1279 3004 rerum

58 3053 223 3115 uestarnm,
249 3062 323 3121 quas
345 3062 399 3121 per
421 3043 524 3106 Filium
548 3046 639 3104 iactae
663 3051 742 3116 sunt,
765 3062 889 3122 quarum
911 3044 983 3104 nihil
1000 3045 1096 3105 simile
1110 3043 1202 3105 Filius
1222 3044 1282 3105 ha-.
1385 3112 1388 3119 ,

58 3142 148 3216 heret,
183 3164 217 3206 ac
246 3145 371 3223 proinde
400 3144 498 3223 ipsum
527 3163 586 3205 non
616 3163 683 3206 esse
712 3164 775 3206 rom
803 3147 906 3206 luctam
936 3145 1025 3207 rebus
1055 3146 1112 3208 illis
1141 3145 1279 3219 similem,

58 3262 122 3322 quse
143 3264 200 3326 per
221 3265 289 3306 eum
312 3248 404 3307 laetae
425 3256 512 3320 suut,
546 3247 599 3307 scd
627 3247 850 3326 praestantioris
880 3266 966 3328 quam
989 3266 1038 3308 res
1061 3267 1165 3309 omnes
1186 3249 1279 3308 lactas

57 3346 234 3408 substantiae
256 3366 340 3423 esse,
369 3366 455 3427 quom
485 3367 520 3410 ex
541 3349 628 3409 Patro
657 3367 725 3410 esse
753 3349 880 3428 genitam
902 3348 999 3409 divina
1021 3349 1129 3411 docent
1150 3348 1277 3422 oracula,

56 3449 171 3510 modum
193 3457 291 3510 autem
313 3449 513 3527 generationis
535 3449 769 3529 inexplicabilem
792 3468 875 3523 esse,
904 3469 959 3510 nec
987 3450 1023 3510 ah
1046 3450 1104 3511 ulla
1125 3451 1198 3511 lacta
1222 3467 1277 3510 na-

55 3558 114 3610 tura
135 3569 230 3630 posse
251 3550 362 3630 percipi
385 3560 434 3612 aut
456 3551 588 3631 cogitari.

136 3655 166 3713 7.
210 3650 254 3712 Re
276 3652 347 3712 item
370 3653 532 3714 examinata
555 3653 759 3714 confirmatum
783 3659 839 3724 est,
861 3651 967 3713 Filium
983 3651 1063 3713 Patri
1078 3651 1277 3713 cousubstan-

55 3750 148 3812 tialem
178 3769 245 3836 esse
272 3771 333 3813 non
362 3771 521 3833 corporum
550 3762 601 3814 aut
627 3753 795 3815 mortalium
828 3752 1019 3815 animantium
1048 3772 1148 3826 more,
1180 3770 1278 3833 neque

53 3853 128 3913 αιίω
155 3851 186 3914 id
213 3852 277 3914 lieri
304 3853 451 3916 divisione
481 3855 664 3917 substantiae
687 3864 737 3917 aut
757 3853 944 3935 praecisione
966 3873 1062 3933 neque
1084 3854 1181 3935 aliqua
1203 3854 1277 3915 alle-

83 4021 107 4068 ι
124 4006 206 4059 Gelos.
231 3997 328 4060 οὖσίσς
350 4004 401 4056 τοῦ
427 4002 541 4073 πατρός.
577 4009 637 4058 lbid.
723 4010 745 4058 lr.
771 4009 811 4058 Sic
835 4008 891 4069 lleg.
918 4008 992 4057 codex
1017 4015 1042 4056 et
1066 4006 1139 4056 editio
1158 4005 1277 4055 Commel.

49 4066 350 4154 Somtusipoio'yqto.
687 4074 864 4134 torneator,
882 4076 951 4124 Socr
971 4083 993 4124 st
1012 4074 1091 4125 Gelos.
1111 4065 1243 4140 ἔφασκον.

81 4142 107 4192 lt.
123 4143 238 4193 Socrates
255 4141 353 4192 sooria
721 4142 877 4192 l.Theodor.
895 4136 973 4221 μηδέ.

81 4212 99 4260 i.
108 4211 238 4275 theodor.
248 4211 352 4261 ctSoer.
372 4206 566 4290 σσνσιθέμεθσι.
584 4211 637 4260 llox
723 4225 755 4259 m.
773 4213 886 4260 Socrates
905 4223 1012 4274 aporos.

48 4260 169 4329 reddor
194 4287 220 4329 et
237 4279 321 4331 Gelas
340 4276 520 4328 omittantsor‘r
538 4292 637 4344 σμοου-
722 4293 745 4326 n.
764 4278 804 4327 Sic
822 4278 895 4327 editio
915 4277 1033 4328 Commel.
1053 4292 1097 4325 nec
1116 4289 1164 4324 non
1182 4272 1275 4322 theou.

45 4346 115 4396 stes.
134 4347 168 4397 dt
190 4357 321 4412 praetem
340 4346 461 4396 Theodor.
480 4347 588 4396 hohstn
534 4358 638 4461 ὥ·
688 4354 711 4395 et
730 4345 810 4395 Gelas.
846 4347 875 4393 tt
892 4346 948 4406 uer.
968 4359 1014 4394 ms.
1031 4334 1169 4408 τυγχάνει.

45 4406 207 4495 σσσημσθι
241 4415 271 4465 Et
290 4414 367 4479 paolo
385 4423 441 4478 post
457 4407 511 4484 πρὸ
530 4404 570 4479 οφ
723 4428 747 4462 o.
766 4413 878 4463 Socrates
895 4411 1021 4478 γεννησῇ.

43 4497 114 4548 Μ.
121 4474 210 4551 W?
722 4480 888 4544 pThsodor.
906 4489 931 4532 ot
948 4481 1027 4531 Gelas.
1046 4471 1168 4536 συνίστη.
