2948 5092
461 218 578 315 'mum
594 221 626 266 ιι.
643 221 759 266 eonraa
772 221 910 269 urmes.
1222 210 1285 278 339

63 382 218 451 σηοως
238 388 304 435 m
325 369 471 435 tetum
491 389 586 454 mque
607 381 689 435 mot.
734 372 809 438 Dico
831 386 932 439 oeten
953 376 1046 448 cobis,
1069 379 1139 457 peto
1159 377 1370 442 necSo-raac.

62 476 158 539 onos
189 477 227 536 ts
260 475 345 535 ostri
373 471 475 552 pteron
508 489 565 536 sata
594 483 756 555 coopmca
782 484 830 537 eat
851 479 932 539 sicot
951 494 1048 540 urent
1068 496 1108 540 em
1128 482 1207 543 istit.
1252 479 1289 544 Si

62 584 155 639 retest
175 574 306 655 [orm
327 575 404 653 apri,
426 575 505 654 quod
527 573 613 637 bodie
636 583 681 637 cst
702 586 732 637 ct
746 592 816 637 eros
832 579 865 637 in
880 576 1031 640 clibanum
1045 584 1187 653 mittitur,
1203 579 1287 653 Deae

64 681 99 740 tic
119 679 235 749 nostin
263 692 366 738 nonne
393 673 490 738 mito
517 679 612 756 raupta
634 694 689 739 coa
711 676 844 739 modicae
864 676 961 759 fidet?
1004 678 1036 741 si
1059 699 1130 761 ergo
1152 700 1215 743 non
1235 683 1286 745 in·

63 779 179 859 dignum
201 776 267 840 lieo
287 774 406 839 ridetur
427 794 476 838 res
498 777 637 850 tantulus,
660 784 694 839 ut
714 776 819 858 capitis
841 779 964 853 crinem,
985 799 1141 861 passerem
1164 782 1290 863 agrique

64 882 188 955 toccum,
212 897 268 941 suu
289 878 445 958 complecti
467 878 662 959 providentia,
685 888 765 941 certe
786 899 842 941 neo
862 880 943 960 ipsas
966 901 1068 945 creare
1089 883 1286 965 iudignumci

64 983 119 1045 init.
164 980 284 1056 Quibus
306 979 385 1042 enim
402 979 480 1042 bens
502 980 690 1062 providentia
712 999 766 1043 sua
781 981 920 1050 consulit,
942 977 1046 1045 eorum
1060 1004 1115 1064 per
1128 985 1284 1066 proprium

64 1082 186 1146 Verbum
209 1093 257 1145 est
278 1083 411 1145 effector.
455 1081 624 1155 Praeterea,
646 1080 697 1162 qui
719 1082 792 1145 baec
813 1083 923 1145 audent
935 1083 1050 1168 dicero¹
1074 1087 1286 1166 turpioremin

63 1203 192 1248 errorem
212 1182 358 1247 incidunt
401 1183 445 1246 tttt
467 1184 547 1246 enim
568 1203 618 1246 res
639 1192 753 1246 creatas
777 1194 807 1247 et
827 1185 1008 1248 creationem
1029 1186 1174 1263 dividunt,
1197 1188 1238 1250 ita
1252 1197 1287 1250 ot

63 1287 132 1350 banc
158 1285 254 1349 velint
274 1285 371 1349 Patris
395 1304 471 1366 opus
494 1304 578 1360 esse,
613 1284 678 1350 illos
700 1295 799 1348 autem
821 1286 888 1348 Filii
912 1306 980 1349 esse
1003 1307 1110 1368 opera3
1138 1308 1204 1351 cum
1227 1307 1284 1351 ne·

64 1407 141 1453 mse
172 1388 222 1451 sit·
244 1387 291 1451 rel
313 1386 413 1450 omnia
435 1405 510 1449 cum
523 1386 598 1448 Filio
620 1406 637 1449 a
657 1387 747 1470 Patre
768 1388 850 1463 beri,
872 1390 918 1451 vel
940 1389 966 1450 si
988 1409 1038 1452 res
1061 1409 1166 1454 omncs
1188 1392 1287 1454 tactae.

61 1509 108 1569 per
128 1489 239 1553 rtrum
260 1491 342 1565 bunt,
364 1507 427 1551 non
448 1489 604 1564 affirmare,
628 1508 696 1551 eum
718 1508 807 1552 unam
831 1490 959 1552 erebus
983 1492 1067 1554 iactis
1089 1510 1169 1554 esse.

137 1697 192 1760 26.
237 1694 367 1774 insuper
396 1692 453 1754 boc
480 1693 568 1754 etiam
596 1700 684 1772 pacto
712 1693 849 1773 redargui
879 1703 980 1774 potest
1006 1694 1125 1758 illorum
1154 1695 1281 1757 inscitia.
1291 1708 1370 1755 mot.

60 1794 87 1859 si
107 1797 210 1877 ἰριιιω
232 1813 352 1877 quoque
373 1794 503 1856 Verbum
525 1796 619 1856 iactae
641 1803 688 1857 est
709 1803 843 1870 naturae,
865 1796 916 1876 qui
938 1797 1003 1859 fieri
1024 1804 1139 1877 potest,
1162 1806 1194 1860 ut
1215 1817 1283 1860 cum

61 1899 117 1980 ipsa
139 1898 196 1960 bei
217 1898 366 1961 actionem
389 1896 538 1959 sustinere
560 1915 622 1958 non
644 1905 748 1978 queat,
778 1898 875 1961 solum
897 1898 1027 1960 Verbum
1049 1919 1085 1961 ex
1108 1899 1286 1962 omnibusa

59 2001 212 2064 nnn-taeta
236 2006 267 2062 et
286 1998 448 2081 purissima
469 1998 522 2060 liei
545 2006 651 2060 natura
672 1998 736 2061 beri
758 2000 904 2079 potuerit,
937 2001 980 2062 oti
1001 2018 1056 2061 ros
1079 1998 1286 2063 asseveratis?
1332 2002 1334 2008 ’

60 2101 126 2165 bam
148 2120 278 2165 necesse
299 2109 358 2176 est,
381 2101 407 2162 si
429 2100 528 2181 possit
550 2100 690 2175 Verbum,
711 2119 762 2163 res
785 2121 890 2163 omnes
912 2101 1050 2164 similiter
1069 2121 1170 2182 posse,
1193 2108 1243 2163 aut
1258 2101 1285 2162 si

61 2203 134 2266 uuita
155 2204 269 2284 possit.
291 2221 348 2265 nec
369 2202 497 2264 Verbum
519 2201 592 2263 item
612 2221 716 2281 posse,
739 2211 843 2282 utpote
865 2203 943 2283 quod
967 2203 1130 2265 secundum
1151 2221 1205 2264 ros
1227 2220 1285 2265 una

63 2306 98 2368 sit
118 2325 135 2368 c
155 2306 244 2368 iactis
265 2304 368 2367 rebus.
412 2304 527 2367 Rursus
551 2304 588 2378 si,
611 2304 679 2366 ideo
698 2304 777 2384 quod
794 2306 867 2366 iacta
882 2313 986 2366 natura
1001 2324 1062 2367 non
1078 2305 1177 2384 possit
1190 2305 1284 2367 actio-

64 2408 107 2468 nis
125 2407 225 2489 ipsius
248 2405 302 2468 liei
326 2424 395 2468 esse
417 2406 576 2486 particeps,
600 2405 768 2469 intermedii
790 2406 914 2469 alicuius
937 2425 1013 2487 opus
1036 2407 1105 2482 iuit3
1128 2426 1200 2469 sane
1217 2426 1286 2469 cum

64 2508 187 2572 Verbum
216 2508 327 2571 iactum
355 2507 395 2569 sit
423 2517 453 2568 et
473 2518 620 2582 creatum,
648 2516 680 2570 ut
700 2508 801 2588 possit
823 2509 928 2582 creari,
952 2509 1139 2570 necessarius
1162 2507 1285 2570 omnino

64 2609 147 2677 inerit
177 2609 285 2690 aliquis
319 2609 389 2671 item
415 2609 624 2683 intermedius,
658 2610 898 2690 quandoquidem
921 2610 1020 2689 ipsum
1041 2629 1158 2690 quoque
1181 2618 1228 2672 est
1249 2629 1286 2672 cx

69 2728 182 2773 numero
216 2713 360 2773 tantarum
393 2719 584 2784 naturarum,
619 2730 694 2791 quae
721 2711 847 2773 actionis
869 2711 922 2777 oet
949 2711 1109 2792 participes
1132 2730 1200 2773 esse
1223 2729 1285 2773 nou
1370 2721 1377 2733 '

69 2823 201 2889 omont,-
216 2813 270 2875 sed
299 2811 476 2874 intermedio
498 2812 631 2891 indigent
652 2812 761 2892 aliquo.
806 2812 894 2885 Quod
916 2812 943 2873 si
965 2813 1158 2874 intermedius
1180 2812 1286 2891 aliquis

70 2912 134 2976 inter
160 2915 247 2978 illum
279 2914 490 2977 intermedium
519 2923 549 2975 et
569 2900 867 2994 'Deum'reperiatur⁹
896 2914 954 2976 aiio
978 2913 1083 2975 iterum
1107 2913 1284 2975 intermedio

70 3025 182 3096 propter
203 3017 293 3078 istum
316 3035 392 3095 opus
415 3016 481 3089 erit,
503 3016 602 3097 itaque
624 3015 692 3096 quis
713 3015 931 3096 progrediendo
954 3025 984 3076 et
1005 3025 1104 3077 mente
1119 3015 1285 3094 indagando

71 3119 214 3180 unimam
246 3118 458 3180 confluentium
491 3117 737 3180 intermedicrum
768 3118 884 3180 turbam
913 3117 1060 3191 offendet,
1094 3136 1128 3178 ac
1159 3115 1285 3197 proinde

69 3219 135 3282 nulla
163 3239 214 3282 res
243 3227 342 3282 creata
370 3219 480 3301 poterit
502 3218 629 3281 existere
651 3227 682 3280 et
702 3219 854 3291 constitui,
877 3238 943 3281 com
966 3238 1085 3298 semper
1106 3217 1286 3281 intermedio

69 3319 158 3401 aliquo
181 3320 327 3400 indigeat.
356 3338 493 3400 unusque
521 3319 715 3382 intermedius
739 3319 803 3380 sine
825 3320 882 3380 atio
905 3320 1082 3381 intermedio
1104 3339 1165 3380 non
1187 3319 1287 3401 possit

66 3420 142 3496 fieri,
173 3422 242 3483 ideo
272 3423 340 3501 quia
363 3440 468 3484 omnes
490 3423 583 3484 iactae
604 3428 675 3483 sunt
696 3429 833 3494 naturae,
858 3439 934 3500 quae
956 3420 1081 3481 actionis
1103 3420 1198 3481 solius
1219 3419 1284 3495 Dei,

91 3591 110 3626 e.
128 3577 233 3636 Segner.
258 3574 356 3625 Gobier.
381 3584 405 3625 et
423 3574 528 3624 Feicbm.
550 3574 572 3623 l.
590 3571 648 3622 τῶν
696 3567 803 3622 τούτου.
841 3574 930 3624 ibidem
950 3573 1021 3622 iidem
1041 3580 1064 3620 et
1081 3572 1284 3650 Segner.bngiic

58 3642 179 3758 'rt
196 3630 289 3760 ‘tn
315 3640 537 3760 ttttnt:
553 3655 648 3758 tta
698 3633 1286 3759 tt'ttttt‘tt-„ttritnttrttt

58 3724 136 3859 εἴξειε
167 3724 251 3856 Vbnto
266 3725 323 3842 panset
339 3727 439 3840 Seeg¹uen
458 3787 482 3827 et
500 3725 603 3856 Feb-bqr.
623 3777 647 3826 4.
699 3777 755 3826 ibid.
775 3792 833 3826 mss.
852 3791 937 3826 omnes
954 3766 1075 3834 ἢπάσης.
1101 3747 1284 3834 Editirtiniuqc,

57 3846 146 3895 omnir
163 3859 216 3905 την
233 3859 338 3894 arom.
375 3847 437 3896 diditi
455 3854 479 3895 et
498 3847 539 3895 atii
557 3858 649 3893 αυεων
696 3858 833 3909 perperam.
1054 3865 1055 3868 ¹

56 3910 106 3976 τὴν
121 3907 251 3980 ἀνομίαν,
734 3914 757 3960 n.
777 3911 914 3961 reterns.
934 3901 958 3960 tt
975 3911 999 3960 5.
1016 3907 1162 3974 γεννηνῶν.
1192 3909 1286 3959 tannen

87 4019 106 4068 i.
122 4017 266 4081 Seguerian.
291 4016 390 4066 Gcbier.
415 4014 519 4064 Fetcitm.
542 4014 563 4063 l.
583 4021 606 4063 et
624 4012 648 4062 t.
696 3974 745 4061 “f
761 3978 829 4028 ⁸h⁰⁸¹
846 3994 858 4027 ⁸
878 3979 975 4055 ⁶⁰!Vtt'·
995 3979 1099 4028 Fcicirm.
1121 3979 1142 4027 Ι.
1161 3987 1185 4028 et
1203 3977 1226 4026 t.

55 4077 161 4145 rubruc,
200 4085 282 4135 ceteri
301 4092 326 4134 et
342 4084 398 4132 editi
417 4075 507 4141 αὐτῆς,
536 4081 587 4129 nto,
601 4083 647 4130 Se·
733 4062 747 4096 ¹·
766 4048 866 4109 segnes.
884 4041 966 4093 natan
983 4059 1019 4094 τε.

53 4170 122 4275 5235·
141 4142 585 4284 ppp-gffipssygppi'0f
602 4139 648 4196 αὖ·
733 4115 873 4242 ῗ·ἒέξὲ’ἰ,ἷ“
886 4105 1286 4232 tttd?¹‘tt..a⁴dttt‘t.⁹;t⁹:

699 4262 747 4302 τας
764 4236 841 4298 ebat.
876 4249 921 4298 diii
930 4256 954 4298 et
964 4249 1021 4298 editi
1031 4240 1122 4296 ritino
1130 4234 1208 4294 sirac.
1235 4245 1286 4294 lbi-

88 4339 114 4386 g.
128 4324 234 4387 Smer.
253 4321 353 4372 anier.
372 4329 395 4370 et
414 4320 520 4370 Feicttm.
536 4319 558 4368 i.
575 4312 647 4383 γίνε-
697 4318 751 4366 dem
771 4316 864 4378 Seguer
890 4318 946 4373 bae.
965 4316 1062 4366 Gobter.
1081 4315 1185 4364 deictus.
1198 4313 1219 4361 l.
1229 4320 1252 4361 et
1261 4313 1286 4363 5.

51 4391 128 4442 σθαι.
172 4391 256 4442 Ceteri
283 4398 308 4438 et
333 4388 391 4438 editi
412 4382 551 4453 γενέσθαι»
595 4387 647 4435 ttox
696 4383 746 4444 τῆς
761 4382 876 4447 γενικῆς
893 4378 1008 4448 po'otur.
1035 4384 1155 4438 Ceterict
1172 4377 1290 4440 editioris·

50 4459 194 4512 Gobieriau.
219 4467 244 4509 ct
262 4457 368 4511 Fetckm.
389 4456 410 4506 l.
428 4446 532 4522 ἀνάγκη
548 4448 605 4520 γὰρ
623 4446 648 4504 ti
696 4450 878 4519 perpriscis·
896 4444 1013 4518 φύσεως.

1028 4532 1084 4585 22*
