2948 5092
19 230 22 233 ·
105 214 167 278 136
503 224 530 268 ε.
544 216 699 267 numu
712 222 943 276 ιιιιιιιιιιαοιι

17 373 123 465 εμωιὴ
156 374 324 460 ἀμπελος,
363 375 418 438 καί
451 364 600 448 ἄλλος’
583 392 601 434 ο
632 367 781 454 γεωργός.
833 365 898 436 666
928 369 997 457 γὰρ
1024 366 1070 449 ὥς
1095 363 1365 495 ἀποξενοάντα

101 477 160 544 τόν
183 472 296 545 6666’
271 474 347 542 απὸ
368 475 428 540 τοῦ
451 471 578 557 πατρὸς
600 472 728 556 λέγεται
749 470 841 558 ῥητά,
864 474 969 539 ταῦτα
990 471 1103 539 διὰ
1069 497 1127 558 την
1149 472 1266 595 σάρκα,
1288 473 1329 597 ἢν

103 574 192 647 δι’“
174 581 261 665 ημᾶς
283 575 432 665 έφόρεσε,
456 575 584 658 λέγεται
605 571 684 658 περὶ
706 566 817 638 αὐτού.
861 571 993 653 ξένα
957 597 1019 694 γαρ
1041 572 1083 640 τὰ
1103 575 1224 662 γενητὰ
1244 575 1329 644 κατά

104 681 205 806 φύσιν
228 679 296 746 ἔστί
320 680 378 744 τοῦ
399 678 494 743 θεοῦ.
540 672 597 741 διὰ
617 677 715 740 τούτο
736 676 825 797 γοῦν
837 673 1014 761 έπειδη”
974 701 1034 793 της
1055 674 1176 762 σαρκὸς
1196 680 1332 766 γενητῆς

16 799 93 845 ενοι.
104 780 204 870 ούσης
225 786 363 867 γέγονεν,
388 774 434 856 ἀς
456 770 503 842 6’
496 775 641 863 Ιωάννης
664 772 782 864 φησίν,
807 799 825 842 6
813 771 944 862 (λόγος
966 775 1029 863 σάρ
1030 777 1093 857 ξ’),
1116 773 1228 845 καίτοι
1249 779 1333 847 κατὰ

104 884 205 974 φύσιν
227 883 316 960 λ’διος
336 882 391 947 καὶ
414 871 651 965 ἀδιαίρετος
624 904 670 945 ων
691 880 749 943 τοῦ
772 875 910 998 πατρός,
932 873 1024 962 ὅμως
1046 871 1093 944 δι’
1118 872 1219 998 αύτην
1242 881 1332 966 λέγε-

102 1010 159 1052 ται
180 987 234 1051 καί
258 979 275 1050 ό
298 981 408 1070 πατὴρ
429 979 571 1103 μακρὰν
580 974 637 1046 ἀπ’
662 973 772 1045 αύτού
810 978 853 1046 τὰ
873 977 944 1065 γὰρ
955 983 1014 1065 τῆς
1036 978 1156 1066 σαρκὸς
1178 978 1313 1049 ιδια’
1274 1008 1333 1050 αν-

102 1086 160 1167 τὸς
182 1083 331 1173 ἀνέχεται
352 1085 448 1205 ’περί
471 1077 572 1150 αὐτοῦ
595 1075 803 1200 λέγεσθαί,“
788 1106 842 1148 ινα
865 1076 1018 1169 ‘’26³6‘'
998 1104 1053 1148 οτι
1068 1075 1126 1148 οάιι
1141 1080 1245 1150 ἀλλον
1261 1078 1329 1151 ἀλλ’

103 1178 245 1255 66666³
226 1214 266 1275 ην
288 1187 375 1254 ίδισν
397 1183 436 1250 τὸ
459 1187 564 1268 σῶμα.
608 1180 766 1270 τοιαύτης
788 1184 825 1250 δὲ
846 1185 905 1270 τῆς
926 1181 1139 1262 διανοίας
1098 1206 1210 1273 συθηςι
1234 1185 1332 1269 ταχύ-

102 1313 197 1378 τερον
220 1286 455 1376 ἐλεγχθήσεται
474 1286 663 1372 Σαβέλλιος,
687 1281 741 1351 ὅτι
762 1285 808 1372 μή
831 1283 920 1352 έστιν
943 1280 961 1350 6
983 1284 1093 1374 πατὴρ
1117 1281 1136 1351 6
1156 1285 1332 1372 γενόμενος

102 1391 194 1478 σάρξ,
219 1385 288 1457 ἀλλ’
314 1385 332 1454 6
356 1389 498 1454 Ι’τούτου
519 1385 625 1473 λόγος,
649 1382 667 1452 6
689 1385 745 1454 καὶ
766 1385 886 1475 ταύτην
909 1387 1128 1474 λυτρούμενος
1149 1386 1208 1455 καὶ
1228 1413 1332 1477 προς·

102 1492 190 1579 άγων
223 1494 270 1579 τῷ
294 1495 406 1576 πατρί.
452 1486 538 1556 οότω
561 1491 598 1556 δὲ
620 1490 790 1574 διελέγξας
810 1491 864 1556 καὶ
887 1495 1009 1568 πείσας
1030 1489 1152 1557 λοιπὸν
1174 1488 1331 1578 καὶπερὶ

100 1597 160 1682 τῆς
180 1596 240 1658 τοῦ
263 1591 362 1679 λόγου
384 1590 546 1678 θεότητος
563 1589 776 1678 ἑτοιμότερον
792 1589 929 1670 διδάξει,
947 1587 1001 1656 δτι
1015 1589 1130 1677 ολόγος
1143 1590 1200 1658 καί
1214 1599 1329 1680 σοφία,

101 1694 173 1774 υἱός
194 1698 249 1761 καὶ
272 1693 418 1779 δύναμις,
443 1688 647 1777 ἀπαύγασμα
667 1695 720 1758 καὶ
742 1691 916 1780 χαρακτήρ.
961 1687 1082 1780 ἀνάγκη
1104 1692 1166 1781 γάρ
1189 1698 1243 1760 καὶ
1260 1693 1340 1761 Ιιέν·-

101 1799 214 1863 ταύθα
236 1794 339 1862 πάλιν
361 1805 458 1873 νοεῖν,
483 1789 536 1859 ὅτι
557 1796 615 1860 τού
639 1792 739 1878 λόγου4
760 1791 855 1873 ὄντος
878 1789 964 1861 εἶναι
985 1794 1038 1861 δεῖ
1059 1798 1113 1862 καλ
1127 1794 1186 1861 τὸν
1201 1801 1331 1881 πατέρα

100 1900 160 1963 τού
193 1897 307 1983 λόγον,
341 1894 397 1962 καὶ
429 1901 551 1982 σοφίας
580 1891 680 1982 ούσης
709 1889 794 1963 εἶναι
822 1898 875 1962 καί
904 1894 961 1961 τὸν
983 1894 1103 1982 ταύτης
1130 1903 1243 1982 γονέα,
1277 1900 1329 1962 καί

102 1992 363 2084 ἀπαυγάσματος
391 1994 485 2075 ὄντος
514 1992 597 2063 εἶναι
624 2000 677 2062 καί
700 1996 739 2062 τὸ
762 2001 844 2085 φῶς,
868 1999 921 2064 καὶ
945 1994 1050 2077 οὕτως
1072 1993 1157 2065 εἶναι
1179 1998 1237 2064 τὸν
1259 1999 1329 2064 υἱόν

103 2103 156 2167 καὶ
179 2099 237 2165 τὸν
260 2104 389 2184 πατέρα
411 2099 454 2165 έν.

187 2207 238 2268 27.
286 2203 400 2267 Ταῦτα
421 2201 600 2278 Διονύσιος
622 2200 718 2279 εἰδὼς
739 2202 889 2287 ’ἔγραψε
913 2201 1004 2267 καί’
990 2227 1023 2268 εν
1040 2200 1251 2285 έκείνοιςμέν
1266 2207 1331 2266 Σα-

100 2298 271 2428 βέλλιογέ
274 2308 433 2425 ιγίμωσεν,
458 2301 491 2368 έν
513 2299 644 2380 τούτοις
666 2301 750 2369 δέ
716 2327 775 2389 την
787 2297 1006 2424 ’Agetarv‘yv‘
975 2326 1104 2388 αιρεσιν
1118 2308 1329 2390 κατέστρεψε.

102 2431 156 2471 και
184 2403 246 2490 γὰρ
270 2400 380 2489 όίςπερ
403 2400 627 2525 ἀνατρέπει
603 2403 840 2488 Σαβέλλιον
803 2429 846 2471 τα
849 2399 1070 2526 >ἀνθριύπινα
1091 2407 1150 2470 τού
1173 2409 1330 2492 σωτῆρος,

105 2503 192 2573 ούτω
214 2509 268 2573 καὶ
291 2504 377 2591 πρὸς
398 2504 475 2584 τούς
494 2499 746 2591 Ἀρειομανίτας
767 2500 825 2572 ούκ
840 2499 910 2572 ἀπὸ
925 2508 991 2571 τῶν
1007 2499 1244 2591 ἀνθρωπίνων,
1259 2502 1329 2575 ἀλλ

104 2602 173 2675 ἀπὸ
195 2612 262 2673 τῶν
285 2607 512 2694 σημαινόντων
533 2605 592 2691 τὴν
614 2605 761 2693 θεύτητα
782 2610 841 2673 τού
852 2605 961 2701 λόγου
984 2612 1167 2673 ποιεῖσθαι
1179 2607 1240 2694 χρὴ
1255 2607 1331 2687 τούς

46 2744 49 2751 ·
103 2734 164 2776 κατ
196 2703 305 2779 αύτων
328 2708 489 2794 ἐλέγχους,
513 2707 634 2794 ἵναμὴ
657 2711 711 2775 καὶ
734 2697 827 2774 οὗτοι
848 2707 890 2774 τὰ
913 2708 970 2774 διὰ
990 2707 1029 2773 τό
1053 2711 1150 2792 σῶμα
1172 2710 1333 2791 λεχθέντα

103 2815 181 2897 περὶ
203 2815 262 2878 τοῦ
284 2818 396 2898 κυρίου
419 2810 617 2898 παρεξηγούι
617 2834 699 2878 ιενοι
721 2817 885 2895 νομίσωσι
906 2814 1058 2877 τοιοῦτον
1082 2804 1168 2877 εἶναι
1188 2811 1248 2877 τὸν
1276 2810 1336 2877 λδ-

100 2936 168 2999 γον,
193 2909 261 2979 οἷοί
282 2913 378 2997 ἐσμεν
400 2909 495 3000 ἡμεῖς
518 2913 550 2978 οἱ
573 2910 762 2999 ἀνθρωποι,
784 2915 839 2978 καί
862 2911 982 2978 λοιπὸν
995 2911 1243 3000 έπιμείνωσιτῇ
1257 2911 1332 2980 ἑαυ-

102 3017 168 3079 τῶν
190 3021 301 3101 μανίᾳ.
334 3008 374 3082 ἀν
397 3016 432 3081 δὲ
455 3015 662 3096 διδαχθῶσιν
682 3008 737 3080 καὶ
760 3003 853 3080 οὗτοι
876 3017 1023 3100 περὶτῆς
1035 3013 1205 3100 θεότητος,
1230 3038 1331 3081 κατα-

103 3113 287 3200 γνώσονται
318 3117 378 3199 μὲν
400 3118 458 3203 τῆς
480 3115 604 3182 ἑαυτῶν
626 3122 814 3195 κακονοίας,
850 3108 1068 3199 εὐκολώτερον
1092 3115 1128 3182 δὲ
1149 3113 1329 3199 μαθόντες,

104 3211 157 3282 ὅτι
186 3212 203 3280 6
232 3215 328 3301 λόγος
355 3215 439 3301 σὰρξ
460 3215 600 3301 ἐγένετο,
629 3217 852 3302 ’διακρινοῦσι
873 3216 994 3283 λοιπὸν
1016 3221 1070 3283 καὶ
1094 3206 1188 3283 οὗτοι
1208 3217 1252 3283 τὰ
1275 3211 1339 3283 ἀν·-

102 3314 265 3401 θρυόπινα
292 3319 346 3383 καὶ
373 3316 416 3383 τὰ
445 3320 484 3404 τῇ
506 3316 645 3405 θεότητι
667 3314 861 3406 ἁρμόζοντα.
906 3312 1087 3385 τούτωνδ’
1113 3314 1219 3397 οὕτως
1241 3318 1332 3401 έχόν-

102 3443 178 3499 των,
202 3421 257 3485 καὶ
279 3423 459 3485 Διονυσίου
481 3423 540 3485 τοῦ
563 3418 750 3487 ἐπισκόπου
774 3408 1069 3509 δειχθέντσςέξ
1041 3445 1087 3485 ων
1110 3419 1255 3542 ε’γηαψεν
1278 3416 1331 3487 εύ-

103 3524 299 3606 σεβοῦς,τί
325 3543 506 3644 ποιησουσι
533 3520 654 3587 λοιπόν
677 3522 711 3588 σί
728 3516 996 3608 Ἀρειομανῖταις
1029 3520 1155 3599 τίνος
1141 3518 1206 3642 ἀρα
1228 3521 1331 3588 πάλιν

104 3616 356 3708 ἐλεγχθέντες
337 3621 407 3687 απὸ
436 3621 562 3689 τούτων
590 3621 875 3708 καταψεύσοιται,
909 3617 1029 3709 ἀνάγκη
1051 3621 1113 3707 γάρ
1136 3617 1257 3701 αύτούς
1279 3622 1332 3690 ἐκ·

103 3721 269 3801 πεσόντας
291 3717 360 3790 ἀπὸ
383 3726 441 3788 τοῦ
463 3725 623 3807 θεμελίου
634 3727 700 3790 τῶν
712 3718 976 3791 ἀποστόλωνκαλ
989 3720 1184 3811 εύσάλεντσν
1196 3723 1330 3807 ἔχοντας

100 3821 159 3912 τὴν
188 3823 338 3891 διάνοιαν
367 3824 473 3911 ζητεῖν
502 3825 652 3910 ἔρεισμα,
681 3828 735 3893 καί
757 3826 801 3915 μὴ
825 3821 1033 3913 εὑρίσκοντας
1054 3824 1330 3910 καταψεύδεσθαι

101 3925 221 4007 λοιπὸν
244 3929 310 3993 τῶν
332 3933 495 4012 πατέρων.
534 3923 602 3994 ἀλλ’
628 3924 737 4008 οὐδεὶς
758 3924 872 4008 αὐτοῖς
895 3928 944 3996 ’έτι
964 3927 1147 4007 πιστεύσει,
1171 3920 1233 4014 κᾷν
1253 3927 1330 4014 βιά-

171 4116 194 4175 1)
213 4116 279 4165 1666
301 4116 384 4176 1,14.

103 4251 172 4302 Colb.
192 4253 237 4301 166
258 4253 296 4301 Fr.
313 4252 331 4301 1
355 4245 401 4299 καί
418 4243 539 4320 ἕτερος“
527 4267 541 4300 6
559 4246 689 4371 γεωηγός.
775 4255 880 4304 b.Tnur.
889 4255 935 4303 Ιιι
944 4247 1041 4300 τουτου
1050 4266 1099 4301 του
1088 4246 1193 4317 λογαυ
1204 4253 1328 4303 mendose

101 4319 147 4367 Alii
175 4328 199 4368 ιιι
224 4321 288 4370 ιδίιί.
325 4321 349 4369 In
376 4321 461 4370 iisdem
487 4337 540 4371 mox
559 4335 596 4374 ως
630 4329 681 4371 eost
776 4339 796 4371 c.
815 4323 855 4370 Sic
879 4323 975 4371 Tanrin.
1002 4322 1070 4372 colb.
1098 4322 1141 4370 les
1177 4323 1205 4371 λι
1226 4323 1282 4371 na.
1307 4327 1329 4370 εί

103 4385 178 4436 Iidem
195 4383 301 4452 λέγεται
319 4380 438 4452 ῥηματα.
742 4381 830 4439 εδίιί“
818 4403 832 4436 6
851 4381 932 4466 λόγος
948 4389 1027 4439 minus
1046 4399 1119 4440 recle.
1157 4336 1328 4439 601666666

135 4455 273 4507 ιιΤιυιίιι.
292 4457 361 4507 (2616.
380 4457 448 4507 Frml
468 4448 637 4523 ἀναδέχεται.
736 4448 882 4524 χαρακτήρ
901 4457 995 4509 deest
989 4458 1079 4520 ιιιίιις.
1090 4457 1189 4508 Tauria.
1199 4456 1269 4508 Colb.
1282 4457 1326 4506 Ιιι.
