2934 5078
594 234 764 279 emersere.
1242 226 1284 291 39

54 378 116 443 stit
132 378 384 460 disputationis
410 383 472 447 hac
492 387 607 449 ratione
628 386 863 467 amplificandae,
887 405 987 449 rerum
1010 389 1098 451 etiam
1119 356 1283 453 necessita·

53 492 90 545 ΙΙ
105 482 267 562 imposuit.
321 485 470 548 Constat
491 487 569 548 enirn
591 488 755 550 haereticos
772 489 849 562 illos,
872 489 997 555 maxime
1011 490 1148 565 Arianos,
1164 501 1283 571 praeter

53 602 143 647 erent
167 584 383 665 primarios,
415 588 585 668 dequibus
606 590 809 652 controversia
830 600 932 652 exorte
955 601 1051 665 esset,
1080 592 1151 653 alies
1173 604 1280 673 protu-

52 686 104 749 he
120 687 167 748 vel
188 698 284 751 certe
309 690 438 753 fovisse
459 690 616 769 opiniones
638 691 822 770 [alsasense
844 691 888 753 rel
911 691 1082 771 genuissent
1104 693 1170 755 illos
1192 714 1296 774 erro·¹

53 806 88 852 tet
114 789 159 852 rel
191 808 232 854 cx
265 791 393 853 iisdem
422 800 509 853 natae
536 799 651 853 essent:
687 793 719 873 itl¹
744 793 823 872 quod
845 792 951 854 mirum
974 793 1064 855 rideri
1087 813 1146 855 non
1168 804 1281 874 petest,

52 910 125 973 paru
151 888 310 971 dogmata
340 893 402 954 alia
431 912 469 955 cx
496 892 561 955 aliie
582 900 648 973 epta
671 902 701 955 et
722 911 794 955 next
817 894 879 955 sint
899 903 929 954 et
950 893 995 956 sic
1015 894 1093 955 intur
1114 914 1148 956 se
1169 897 1278 958 cobae-

53 994 131 1055 reatia
157 1012 262 1055 unum
295 994 394 1056 veleb
414 1012 526 1073 corpus
547 994 687 1067 efficiant,
716 1004 749 1057 ιιι
770 994 820 1073 qui
842 994 881 1055 de
903 1011 962 1055 uno
984 994 1081 1073 aliquo
1103 996 1278 1075 praesertim

53 1096 196 1177 pehtipeli
221 1114 294 1157 non
317 1106 403 1157 recte
426 1094 544 1167 sentiat,
567 1096 594 1157 is
609 1095 777 1157 necessario
789 1094 924 1174 pluribus
938 1095 1105 1175 implicetur
1116 1097 1279 1184 erroribus.

54 1197 167 1259 manos
189 1216 271 1259 sero
296 1214 364 1258 non
385 1186 500 1259 tentum
521 1197 558 1259 de
579 1197 703 1277 singulis
724 1196 897 1275 quibusdam
920 1197 1106 1275 dogmatibus
1121 1216 1138 1258 e
1153 1199 1277 1259 catholi-

54 1301 90 1361 tis
108 1300 319 1370 dissensisse,
342 1297 398 1359 scd
419 1296 505 1359 aliam
527 1316 652 1377 prorsus
674 1298 826 1378 religionis
841 1297 1018 1359 christianae
1033 1298 1161 1377 speciem
1177 1307 1277 1361 ruente

55 1400 240 1463 inornatam
263 1400 423 1471 hahuisse,
445 1408 528 1460 scete
549 1406 579 1459 et
600 1398 747 1461 subtiliter
769 1399 1003 1461 demonstratum
1025 1409 1072 1460 est
1093 1400 1276 1462 elloehlero

58 1502 105 1565 ll.
124 1502 191 1563 lul.
208 1503 235 1564 l.
261 1520 293 1581 p.
314 1503 373 1566 195
390 1520 436 1580 sq.
459 1508 490 1561 et
509 1519 525 1561 ι
547 1501 653 1561 Baurio
675 1501 705 1561 in
720 1500 851 1562 Historia
871 1500 1017 1579 dogmatis
1038 1500 1075 1561 de
1096 1501 1227 1561 trinitate
1248 1509 1280 1563 et

59 1604 260 1666 humatione
289 1602 339 1663 dei
373 1602 442 1673 (Dte
477 1602 649 1666 christliche
676 1602 771 1665 lehre
799 1620 861 1664 oon
887 1602 942 1664 cler
968 1600 1180 1681 Dres'erin'glreit
1213 1604 1278 1665 cet
1337 1654 1352 1675 ,

10 1694 13 1777 ξ
60 1705 328 1784 lmcdeeerrletng
351 1704 455 1765 Gottet
484 1707 517 1764 ιἰι
537 1703 623 1765 ihrer
643 1703 889 1782 getcdr'elttlt'cden
909 1702 1145 1781 Ectwlelrelttng)
1169 1703 1231 1764 Vol.
1254 1703 1278 1765 l.

10 1810 13 1839 ³
61 1810 159 1887 pili
173 1826 227 1887 sq.
271 1790 407 1885 [lenique
427 1804 601 1865 Athanasius
623 1804 710 1866 etiam
732 1804 796 1869 aliis
812 1805 848 1869 ln
871 1803 990 1883 scriptis
1005 1804 1161 1882 exegeticis
1177 1814 1207 1866 et
1220 1823 1274 1884 pa·

62 1909 211 1971 neuetieis
242 1907 358 1988 passim
381 1905 528 1968 derebus
555 1906 591 1966 etl
614 1906 701 1967 litlem
723 1905 939 1985 pertinentibus
960 1905 1116 1976 disseruit,
1146 1904 1275 1966 velutin
1390 1946 1397 1961 .

64 2008 305 2089 &positionibus
326 2010 357 2069 in
379 2008 516 2069 Psalmos
538 2005 618 2069 etin
640 2006 783 2086 Epistolis
805 2005 968 2081 lestalibus,
990 2025 1063 2086 quas
1086 2006 1163 2067 Guil.
1180 2005 1274 2067 Cure·

68 2120 112 2171 ton
130 2130 165 2173 ex
185 2111 310 2191 Syriaca
340 2110 478 2172 tersione
498 2109 624 2171 hundini
646 2127 672 2170 a.
692 2111 782 2174 1848.
810 2108 937 2187 primurn
965 2107 1056 2169 edidit
1077 2116 1107 2169 et
1128 2126 1222 2186 nuper
1243 2106 1276 2169 ll.

10 2244 12 2251 ·
67 2196 215 2275 murias
250 2212 283 2273 iu
312 2210 515 2272 Germanicam
544 2211 671 2291 linguam
694 2211 848 2273 translatas
875 2208 1275 2289 bips.a.1852.mtgavit

68 2312 113 2375 llis
137 2316 229 2395 igitur
252 2316 285 2375 iu
307 2313 426 2392 scriptis
447 2312 597 2373 Athanasii
620 2311 756 2390 genuinis
779 2312 962 2384 universam,
990 2329 1076 2389 quem
1099 2310 1276 2389 cogitatione

10 2418 13 2509 j
68 2416 229 2497 conplexus
253 2423 336 2487 eret,
360 2414 512 2475 doctrinae
532 2412 708 2474 christianae
729 2415 854 2474 termam
875 2422 904 2474 et
926 2411 1069 2473 rationem
1092 2411 1131 2473 ita
1153 2411 1274 2491 exposi-

10 2516 12 2529 '
69 2524 116 2577 ιιι
134 2517 296 2588 habemus,
318 2524 350 2577 ut
371 2515 409 2576 da
431 2513 553 2575 scientia
574 2513 736 2592 theologica
759 2522 789 2574 et
808 2513 914 2575 studiis
936 2513 1126 2593 dogmaticis,
1149 2531 1183 2574 ex
1206 2513 1274 2591 qui·

69 2616 114 2679 lus
129 2632 255 2700 patrem
271 2618 435 2679 hodiernae
451 2615 613 2695 theologice
632 2615 661 2675 b.
678 2634 705 2676 e.
726 2623 877 2695 parentem
900 2635 934 2678 ac
954 2622 1094 2677 statorem
1110 2615 1275 2692 theologice

73 2720 274 2782 ttdesiasticee
295 2717 418 2797 agnosci
442 2717 586 2786 volumus,
610 2717 759 2794 explorate
780 2717 900 2778 iudicari
924 2717 1030 2796 possit,
1054 2716 1108 2776 etsi
1125 2716 1198 2776 liber
1213 2732 1274 2775 non

10 2846 12 2853 ·
74 2832 147 2884 octat
174 2820 357 2899 singularis,
386 2837 445 2898 quo
473 2815 587 2878 sumina
614 2817 764 2879 doctrinae
791 2818 968 2881 christianae
996 2836 1032 2879 ex
1053 2818 1126 2877 artis
1147 2816 1212 2895 lege
1234 2815 1271 2877 ab

69 2918 119 2998 'pto
143 2922 293 3002 explicata
323 2921 372 2982 sit.
417 2919 477 2980 lam
505 2937 574 2979 reru
597 2929 628 2979 ut
649 2920 825 2993 domamus,
853 2919 960 2980 studiis
982 2917 1153 2997 dogmaticis
1176 2916 1273 2995 magni

66 3021 328 3085 intentamenta
356 3022 429 3082 iacta
460 3021 631 3098 firmataque
659 3039 743 3094 esse,
770 3021 879 3100 quibus
907 3021 1053 3100 theologia
1076 3020 1272 3081 ecclesiastice

67 3123 170 3199 utitur,
198 3123 343 3202 illumque
373 3121 493 3182 omnino
516 3122 546 3183 iu
567 3122 750 3198 dogmatibus
773 3122 937 3184 enodandis
960 3131 990 3184 et
1011 3122 1185 3183 deliniendis
1209 3140 1272 3182 eam

66 3243 166 3288 sumna
189 3226 367 3288 auctoritate
390 3223 548 3302 praeivisse
570 3223 655 3295 viam,
677 3242 733 3302 qua
756 3233 858 3303 postea
880 3225 1018 3285 doctores
1039 3223 1180 3286 ecelesiae
1197 3242 1271 3301 pru-

65 3346 175 3406 gressos
198 3346 269 3390 esse
289 3334 417 3398 constet,
440 3343 500 3385 non
522 3343 598 3404 opus
621 3325 668 3385 bic
690 3325 972 3417 estAtbanasianetn
995 3326 1143 3386 docrinae
1157 3326 1272 3385 lorum·

64 3428 121 3501 len,
141 3447 233 3509 quam
256 3427 425 3488 lloehlerus
447 3426 641 3505 particulatim
663 3428 750 3488 variis
772 3426 871 3506 operis
894 3428 938 3490 sui
960 3426 1033 3488 locis
1049 3426 1272 3503 diligentissime

63 3531 215 3602 manarit,
249 3536 394 3607 perpetua
422 3528 555 3589 cretione
584 3528 722 3607 persequi
750 3536 837 3607 atque
866 3546 932 3589 cum
962 3528 1094 3589 turmulis
1117 3529 1270 3588 doctorum

63 3634 195 3694 ecclesiae
218 3630 355 3710 priorum
378 3638 472 3689 aetate
493 3638 523 3689 et
544 3629 744 3708 posteriorum
767 3631 913 3699 conterre,
937 3631 990 3690 setl
1013 3630 1141 3691 subiciet
1154 3629 1271 3707 potiore

63 3732 130 3796 ilius
158 3731 305 3795 formulae
327 3732 422 3809 cupite
443 3730 516 3791 satis
539 3730 682 3792 celebrata
705 3730 836 3810 attigisse
859 3741 888 3791 et
909 3730 1099 3791 Athanasium
1121 3749 1186 3791 cnm
1210 3747 1270 3791 uno

65 3834 183 3914 Origene
207 3831 439 3912 comparavisse,
463 3831 545 3892 cuius
568 3851 584 3891 a
607 3832 706 3892 schola
729 3833 776 3893 ille
797 3834 947 3912 prblectus
970 3842 1025 3903 est,
1049 3833 1101 3892 sed
1118 3851 1132 3891 a
1149 3840 1271 3892 senten-

63 3938 95 3995 tie
120 3936 256 3997 discessit
288 3934 344 4004 ita,
378 3942 412 3993 ut
438 3932 467 3992 in
497 3933 642 4011 theologia
666 3934 845 4012 dogmatica,
878 3954 952 4012 (guae
974 3934 1211 4012 philosophando
1234 3932 1270 3992 ab

65 4040 180 4116 brigene
201 4038 319 4118 partim·
331 4034 495 4096 deformata
518 4045 607 4105 esset,
630 4035 664 4094 atl
689 4053 821 4095 normam
844 4037 975 4096 veritatis
990 4036 1133 4097 revelatae
1149 4036 1269 4096 consor-
1372 4060 1379 4069 ·

66 4141 157 4201 nonde
190 4157 312 4220 operam
348 4145 379 4197 et
411 4135 539 4197 studium
573 4135 737 4197 collocaret.
782 4135 895 4197 Etenim
925 4136 1048 4197 dubitari
1078 4154 1137 4196 non
1160 4143 1269 4215 potest,

66 4242 123 4316 «tuin
144 4241 337 4313 Atlranasins,
369 4237 419 4316 egui
442 4238 632 4298 Alexandriae
660 4258 675 4298 a
707 4237 815 4298 terteris
839 4238 948 4299 rirerut
971 4252 999 4300 et
1022 4238 1173 4298 institutus
1197 4244 1268 4303 erat,

66 4339 156 4405 litteris
185 4342 363 4422 theologicis
395 4340 552 4418 praecipue
581 4340 618 4399 atl
646 4339 827 4418 disciplinam
852 4339 988 4417 Origcnis
1018 4339 1147 4401 eruditus
1176 4336 1214 4396 sit
1236 4353 1270 4395 ec

67 4443 157 4524 scripte
177 4447 239 4509 eius
263 4444 405 4507 studiose
428 4440 641 4520 diligenterque
664 4441 775 4520 legerit,
799 4460 873 4519 «guae
896 4441 931 4503 ab
956 4439 1166 4504 eruditioribus
1189 4435 1268 4499 illius
