2948 5092
411 237 558 282 srrsrora
572 238 611 281 ns
625 238 768 282 camuris
783 238 927 283 aerumnas
943 239 1062 286 arnoni.
1310 230 1347 293 'll

128 388 273 468 ..dignitas
304 403 483 468 summaque
510 386 627 449 Domini
656 388 826 466 magnitudo
856 398 902 450 est
929 389 960 450 in
986 389 1080 452 Deum
1101 391 1219 454 Patrem
1248 394 1437 459 omni-raas.

127 498 309 569 „potentem
332 496 363 552 et
383 488 415 551 in
438 486 585 550 Christum
608 489 707 552 lesum
728 489 794 551 eius
815 488 930 565 Filium,
953 500 983 552 et
999 491 1030 552 in
1046 491 1188 572 Spiritum
1203 503 1347 572 sanctum,

127 609 179 662 ,ac
205 589 338 652 Verbum
364 588 429 651 lieo
457 588 664 651 universorum
693 608 761 652 esse
790 591 915 653 unitum.
960 592 1021 673 Ego
1051 594 1146 664 enim,
1175 594 1286 675 inquit,
1320 606 1349 660 et

127 691 239 763 „Potor
260 709 358 754 urium
385 709 502 752 sumus.
546 689 597 763 Et,
626 690 688 771 Epo
711 695 744 754 ia
765 690 875 768 lutra,
905 703 934 756 et
955 692 1047 756 Pater
1074 700 1106 757 ia
1133 713 1179 759 ms
1206 708 1260 758 est.
1304 696 1349 759 lta

126 791 259 864 „scilicet
280 791 377 854 divina
400 790 532 853 Trinitas
563 799 593 853 et
615 800 715 854 sancta
736 791 922 854 Monarchiae
943 794 1120 873 praedicatio
1144 797 1257 877 integra
1280 814 1348 859 ser·

128 892 296 967 .,rahitur.“

360 1062 376 1093 l·

202 1300 254 1362 27.
301 1296 389 1371 Quod
412 1304 512 1358 autem
534 1295 661 1358 Verbum
684 1295 720 1358 ab
742 1296 915 1359 aeternitate
931 1297 971 1359 sit
993 1316 1058 1360 cum
1073 1300 1170 1372 Patro,
1194 1317 1250 1362 neo
1272 1299 1347 1362 alte-

126 1399 181 1458 rius
202 1414 291 1485 qnam
313 1396 410 1458 Patris
434 1395 616 1458 substantias
639 1396 684 1458 vel
705 1396 876 1476 hypostasis
897 1399 1037 1478 proprius
1061 1400 1109 1474 sit,
1138 1408 1170 1461 ut
1191 1396 1349 1461 declaravit

125 1498 272 1578 synodus,
300 1497 387 1559 liceat
412 1516 468 1558 ros
496 1497 604 1559 iterum
633 1517 649 1559 a
678 1498 830 1560 laborioso
860 1499 988 1578 Origene
1019 1500 1132 1563 audire.
1175 1500 1249 1562 Nam
1271 1519 1346 1580 quaa

125 1598 166 1661 ille
197 1598 279 1660 velut
310 1598 463 1676 inquirens
495 1606 525 1659 et
552 1598 708 1679 disputans
738 1599 874 1679 scripsit,
909 1618 968 1661 non
1003 1600 1042 1662 ita
1070 1601 1238 1682 accipienda
1266 1608 1431 1677 sunteas.

123 1701 200 1778 quasi
222 1701 269 1762 sic
288 1698 354 1779 ipae
377 1698 518 1772 sentiret,
548 1699 601 1761 sed
630 1719 666 1761 ex
695 1719 799 1762 eorum
822 1709 921 1762 mente
943 1701 1118 1782 quibuscum
1140 1701 1287 1782 disputat;
1316 1709 1348 1779 qt

123 1820 192 1880 qnae
213 1800 341 1862 tidenter
361 1799 465 1861 delinit
486 1807 515 1861 et
537 1801 671 1875 affirmat,
694 1800 769 1862 haec
791 1821 859 1863 vera
881 1810 926 1863 est
946 1801 1001 1863 riri
1017 1803 1104 1864 buius
1120 1821 1261 1883 perquam
1279 1810 1346 1864 stu-

123 1903 194 1964 diosi
217 1901 376 1964 sententia.
420 1901 521 1979 ltaque
541 1910 612 1981 post
633 1920 677 1975 ea,
703 1907 778 1981 quae
800 1902 1019 1964 exercitationis
1042 1903 1133 1983 gratia
1156 1903 1193 1964 ad
1213 1901 1346 1965 baereti-

123 2022 169 2064 cos
191 2002 282 2076 dixit,
316 2001 415 2062 statim
437 2002 588 2081 propriam
609 2001 673 2080 ipse
702 2012 832 2065 mentem
860 2003 908 2066 his
930 2002 1029 2064 verbis
1053 2003 1188 2083 exponit:
1224 2003 1276 2076 „Si
1299 2010 1347 2065 est

123 2105 240 2184 „imago
263 2101 318 2165 Ilei
340 2101 507 2176 invisibilis,
529 2101 684 2164 invisibilis
707 2122 824 2182 quoque
846 2113 891 2166 est
917 2104 982 2184 ipsa
1003 2103 1111 2184 imago.
1156 2103 1236 2177 Quin
1258 2103 1346 2164 etiam

123 2205 254 2276 „addere
270 2204 377 2276 ausim,
400 2222 467 2264 cum
482 2203 523 2264 sit
537 2203 700 2266 similitudo
716 2203 824 2278 Patris,
847 2223 908 2266 non
930 2224 1022 2285 posse
1044 2204 1118 2279 lieri,
1140 2203 1345 2283 utaliquando

122 2324 205 2379 „non
225 2304 328 2367 luerit.
373 2302 499 2377 Quando
522 2305 601 2367 enirn
622 2304 714 2379 lleus,
737 2324 824 2384 quem
846 2307 972 2367 loannes
994 2306 1089 2368 lucem
1111 2304 1238 2386 appellat
1265 2307 1345 2377 (nam

123 2407 225 2477 „llus
254 2404 313 2468 lus
341 2407 416 2480 est),
446 2403 585 2483 propriae
613 2404 723 2484 gloriae
752 2404 912 2484 splendore
941 2407 1048 2479 caruit,
1081 2414 1116 2468 ut
1146 2405 1213 2485 quis
1241 2404 1347 2466 audeat

122 2505 325 2587 „principium
349 2504 493 2566 existendi
515 2504 589 2565 Filio
612 2504 758 2580 tribuere,
782 2505 869 2585 quasi
891 2507 1002 2568 scilicet
1024 2517 1109 2568 autea
1131 2525 1191 2567 non
1215 2501 1346 2566 luisset?

122 2607 340 2680 „Quandonam
363 2623 432 2667 vero
455 2608 517 2666 nori
538 2615 600 2667 erat
614 2605 751 2678 Verbum,
774 2607 913 2680 Verbum,
936 2608 1065 2686 iuquam,
1089 2607 1167 2686 quod
1184 2615 1214 2667 et
1227 2603 1346 2666 Patrem

122 2708 299 2788 „rugnoscit
321 2715 352 2767 et
373 2716 419 2769 ost
440 2706 588 2768 character
609 2726 644 2768 ac
665 2706 761 2785 imago
785 2708 916 2770 eiusdem
939 2707 1138 2780 substantiae,
1162 2724 1236 2786 quae
1258 2704 1346 2783 digne

123 2828 199 2879 „nec
220 2807 348 2886 exprimi
370 2825 425 2868 nec
447 2807 594 2868 nominari
614 2825 671 2868 nec
691 2808 819 2887 proferri
841 2807 961 2887 possit?
1004 2808 1149 2887 lntelligat
1171 2806 1265 2877 enim,
1294 2802 1346 2882 qui

121 2909 243 2980 „dicere
267 2908 370 2969 audet:
395 2907 463 2969 Fuit
485 2909 659 2989 aliquando,
683 2927 749 2970 cum
771 2927 833 2971 uou
856 2921 933 2971 esset
948 2908 1055 2981 Filius,
1078 2908 1155 2969 idem
1179 2924 1246 2967 esse
1268 2924 1302 2967 ac
1319 2903 1345 2965 si

122 3009 271 3080 „beretz
302 3008 458 3088 Sapientia
479 3009 641 3088 aliquando
664 3026 732 3070 aoso·
749 3019 830 3081 erut,
858 3009 984 3072 Verbum
1005 3028 1067 3072 nou
1089 3021 1171 3080 erut,
1199 3012 1262 3069 vito
1283 3023 1347 3068 uon

123 3118 246 3184 „erot.“
290 3109 373 3169 ldem
395 3127 500 3169 rursus
522 3108 562 3169 ita
584 3107 652 3169 alibi
674 3107 820 3187 loquitur:
854 3109 983 3183 „Verum
1013 3112 1096 3171 netas
1119 3117 1165 3171 est
1186 3125 1242 3168 uec
1262 3104 1344 3185 peri-

123 3212 208 3281 „culo
232 3217 326 3279 vacat,
348 3218 472 3288 propter
493 3218 626 3271 nostram
649 3209 849 3271 infirmitatem
862 3209 956 3272 lleum
979 3221 1119 3290 quantum
1142 3210 1172 3269 io
1195 3207 1283 3269 nobis
1299 3215 1347 3269 est

123 3312 298 3392 ..affligenito
320 3309 437 3390 privare
460 3310 566 3384 Verbo,
589 3309 668 3389 quod
692 3327 812 3389 semper
833 3329 900 3370 euna
921 3310 972 3372 illo
995 3311 1065 3386 luit,
1089 3323 1118 3373 et
1141 3309 1188 3371 illa
1210 3317 1274 3370 erat
1295 3326 1345 3369 sa-

124 3413 267 3491 „pientia,
290 3427 348 3490 qua
369 3409 576 3473 delectabatur.
620 3410 757 3488 Alioquin
779 3428 848 3472 eum
871 3428 930 3471 non
960 3429 1078 3492 semper
1099 3411 1193 3473 luisse
1215 3397 1346 3470 delecta·

125 3523 208 3582 „tum
231 3510 456 3590 intelligendum
477 3511 566 3572 'erit“
610 3511 654 3571 En
683 3510 773 3590 igitur
799 3529 857 3572 nos
884 3511 1002 3590 quidem
1031 3512 1107 3574 hanc
1129 3509 1349 3574 sententiama

123 3613 256 3676 Patribus
277 3612 315 3674 ad
337 3610 441 3673 Patres
462 3611 609 3673 transisse
631 3611 887 3686 demonstramus3
915 3630 969 3672 ros
997 3630 1085 3686 vero,
1114 3631 1132 3672 o
1155 3611 1225 3672 novi
1246 3608 1348 3672 ludaei

124 3724 150 3774 et
169 3714 299 3794 Caiphae
320 3711 469 3792 discipuli,
491 3731 568 3791 quos
590 3712 703 3785 Patres,
726 3712 776 3793 qui
797 3712 905 3774 restris
921 3713 1032 3774 voculis
1048 3713 1184 3786 laverint,
1208 3708 1349 3772 exhibere

124 3811 270 3891 potestis?
314 3811 433 3874 Nullum
461 3820 539 3875 certe
567 3814 743 3893 prudentem
773 3821 801 3873 et
829 3813 993 3892 sapientem
1021 3831 1150 3893 unquam
1171 3809 1348 3891 proferetis3

125 3932 224 3977 omnes
252 3912 333 3976 enim
361 3931 378 3975 a
406 3912 490 3974 robis
517 3914 679 3976 abhorrent
704 3922 822 3993 praeter
850 3931 942 3975 unum
970 3912 1136 3988 diabolum,
1169 3911 1219 3990 qui
1241 3926 1349 3989 nempe

122 4238 185 4296 genis
202 4235 322 4298 operibns
336 4246 384 4282 ron
403 4232 522 4294 leguntur.
558 4233 608 4283 Cir.
627 4241 706 4281 tamen
760 4231 816 4282 edit.
834 4230 970 4293 Commel.;
995 4245 1047 4280 arm
1066 4238 1146 4282 tamen
1165 4228 1224 4278 nibil
1242 4233 1306 4278 retas
1322 4226 1347 4276 in

121 4304 180 4369 Opp.
198 4304 254 4353 edd.
272 4301 357 4351 linaei.
377 4299 394 4348 l.
413 4314 437 4364 p.
458 4298 513 4350 189.
532 4316 556 4349 n.
575 4297 611 4362 d.]
761 4299 836 4349 latino
855 4299 964 4362 exprimi.

150 4373 173 4421 d
191 4371 271 4421 Editio
288 4368 434 4417 parisiensis
451 4368 592 4432 particulam
611 4359 647 4420 als
664 4366 708 4417 ad·
794 4381 817 4418 e.
835 4365 892 4428 lieg.
910 4357 990 4413 εἰκών
1007 4364 1101 4414 omittit
1234 4426 1239 4436 Ι
1264 4420 1272 4440 ι

119 4439 152 4488 dit
168 4448 223 4489 ante
240 4428 398 4504 aspictens,
423 4434 466 4484 sed
490 4435 559 4486 abest
575 4449 589 4485 a
607 4448 665 4486 mss
685 4443 709 4485 et
794 4434 812 4484 l.
831 4432 872 4484 Sic
888 4433 945 4496 lteg.
980 4432 1042 4482 Editi
1061 4437 1140 4481 autem
1158 4435 1182 4479 et
1199 4426 1240 4478 alia
1259 4425 1346 4493 ημῶν.
