2948 5092
471 238 578 284 ounrro
594 238 614 281 t.
631 239 745 282 conans
760 239 896 285 munos.
1231 233 1291 293 147

67 401 151 463 ment,
173 394 262 472 attpue
283 388 487 452 detestandam
509 388 655 451 haeresim
671 389 819 471 appellent
833 389 971 468 honam);
994 393 1078 456 robis
1101 396 1289 465 hortantibus
1298 412 1377 457 raas.
1417 414 1424 429 “

66 493 263 555 necessarium
291 491 361 553 duxi
395 491 524 552 thoracis
546 491 689 552 nefandae
710 491 833 554 huiusce
862 492 993 555 haeresis
1021 495 1105 558 sinus
1135 499 1289 578 explicare,

64 605 146 675 atque
169 593 235 656 eius
257 592 399 655 stultitiae
420 593 584 671 patefacere
608 594 763 677 foetorem,
787 593 889 672 utqui
911 595 1013 673 procul
1037 596 1072 657 ah
1095 616 1130 660 ea
1145 611 1216 663 sunt
1237 622 1288 667 re-

64 697 145 771 moti,
168 714 236 757 eam
256 695 351 774 magis
374 693 469 755 adhuc
490 692 612 772 lugiunt,
635 693 684 773 qui
707 703 805 755 antem
826 694 863 754 ab
886 714 919 755 ea
942 696 1056 776 decepti
1078 700 1215 776 ltrerunt,
1238 722 1289 765 re-

62 800 205 879 sipisosut
233 795 405 877 apertisque
427 793 525 856 cordis
549 793 642 856 oculis
664 795 842 874 intelligant,
873 798 1120 875 quemadmodum
1150 802 1289 867 tenebrae

63 920 117 962 oon
141 908 215 962 suut
235 899 285 961 lux
307 916 364 961 nco
384 897 569 961 mendacium
591 895 707 971 veritas,
731 896 769 958 ita
784 897 920 958 Arianam
943 899 1089 961 haeresim
1104 901 1214 964 honam
1229 905 1287 966 mi·
1296 920 1373 965 enos.

61 1005 137 1064 nime
161 1021 249 1071 esse,
279 1001 371 1062 immo
394 1018 463 1061 reru
487 1017 557 1071 eos,
588 999 637 1078 qui
659 999 785 1059 Arianos
808 998 991 1062 Christianos
1013 1013 1133 1075 rorant,
1164 1007 1287 1070 multum

60 1096 359 1184 prolecto.valdcq1ie
383 1120 490 1175 errare,
512 1109 650 1181 tanquam
672 1100 722 1179 qni
745 1119 799 1162 nec
813 1088 981 1181 Scripturas
1002 1104 1127 1184 legerint
1148 1125 1201 1168 nec
1217 1109 1289 1188 qnid
1327 1170 1330 1177 ,

60 1207 95 1267 sit
117 1205 367 1269 christianismus
392 1211 421 1266 et
442 1202 626 1265 Christianae
646 1202 799 1282 religionis
822 1203 895 1265 fides
919 1207 1040 1267 omnino
1063 1207 1165 1268 sciant.

141 1513 174 1573 2.
222 1508 300 1583 Quid
328 1506 406 1570 enim
423 1506 531 1585 ,simile
558 1506 706 1567 haeresim
733 1507 811 1568 inter
839 1516 870 1567 et
896 1519 1005 1571 rectam
1032 1512 1169 1592 piamque
1198 1513 1287 1577 tidem

60 1611 347 1683 animadverterunt,
371 1617 403 1670 ut
424 1609 577 1688 nugatorie
600 1617 785 1682 asseverent,
814 1608 886 1670 nihil
908 1609 973 1672 illos
997 1612 1063 1673 mali
1087 1613 1210 1676 dicere?
1254 1616 1287 1677 Si

60 1714 93 1774 ita
117 1724 179 1784 est,
210 1712 269 1773 iltis
297 1729 371 1773 sane
398 1708 484 1772 liceat
506 1710 644 1789 Catpham
667 1710 866 1773 Christianum
889 1731 1075 1794 nuncupare,
1103 1717 1287 1796 proditorem

60 1815 158 1877 ludam
187 1815 269 1876 inter
288 1812 449 1894 Apostolos
477 1831 648 1884 numerare,
678 1813 856 1875 contendere
887 1813 962 1876 nihil
990 1834 1042 1878 eos
1071 1818 1139 1879 mali
1168 1819 1287 1892 secisse,
1380 1892 1391 1904 ⁵

60 1919 103 1998 qui
131 1916 301 1980 Barahham
327 1934 400 1996 prae
429 1915 582 1976 Salvatore
612 1915 777 1994 petienrnt,
805 1915 1006 1996 Hymenaeum
1034 1928 1064 1980 et
1090 1919 1287 1981 Alexandrum

60 2029 197 2100 tanquam
225 2026 307 2079 recte
334 2017 496 2078 sentientes
526 2017 747 2090 commendare,
780 2018 984 2100 altirmareqne
1011 2020 1186 2100 Apostolum
1215 2022 1287 2084 salsa

60 2122 112 2183 illis
135 2120 299 2183 affluxisse.
344 2118 451 2180 Verum
467 2136 554 2180 nemo
571 2118 756 2180 Christianus
778 2118 835 2181 ista
857 2122 902 2182 rel
924 2121 1025 2184 audire
1040 2123 1175 2195 voluerit,
1197 2142 1286 2185 nemo

62 2243 136 2297 eum,
158 2223 212 2303 qui
232 2222 308 2283 haee
328 2221 407 2282 ausit
428 2221 534 2290 dicere.
559 2240 630 2282 sana
652 2230 751 2283 mente
773 2240 841 2283 esse
862 2224 1018 2302 putaverit.
1057 2224 1214 2287 Enimvero
1228 2245 1285 2307 pro

63 2325 175 2387 turiseo
197 2324 287 2385 Arius
309 2322 367 2384 illis
389 2331 445 2396 est,
468 2323 510 2384 uti
532 2322 711 2384 hlanichaeis
727 2323 925 2385 Manichacus.
958 2324 1100 2387 Similiter
1114 2346 1169 2405 pro
1185 2327 1287 2407 Mopse

65 2427 158 2489 aliisve
180 2425 252 2486 viris
275 2424 391 2487 Sanctis
413 2425 515 2488 nescio
538 2443 625 2504 quem
641 2424 790 2497 Sotadcm,
814 2426 863 2505 qui
882 2425 955 2505 ipsis
971 2426 1136 2488 Gentilibus
1158 2427 1286 2491 ludibrio

67 2539 120 2602 est,
152 2538 183 2590 et
205 2527 293 2589 liliam
316 2526 493 2588 Herodiadis
515 2536 701 2606 repererunt.
745 2527 877 2606 h'amquc
906 2537 936 2588 et
957 2527 1035 2589 illins
1057 2529 1168 2590 fractos
1192 2531 1286 2591 elloe·

69 2632 247 2709 miuatosque
270 2647 369 2689 mores
390 2628 476 2688 Arius
499 2627 617 2688 Thalias
640 2647 757 2707 quoque
785 2629 851 2707 ipse
879 2627 1038 2690 scribendo
1068 2629 1199 2690 imitatus
1229 2639 1286 2703 est,

72 2741 95 2790 et
113 2732 199 2792 huius
221 2729 379 2791 saltatricis
402 2729 589 2791 saltationem
611 2730 675 2790 suis
698 2729 728 2789 in
743 2729 899 2789 [lominum
922 2728 1085 2790 maledictis
1108 2730 1240 2790 saltando
1257 2740 1288 2791 et

72 2831 188 2894 ludendo
211 2839 259 2893 est
280 2829 454 2901 aemulatus,
481 2830 555 2890 adeo
578 2839 610 2891 ut
631 2830 681 2909 qui
703 2830 733 2890 in
756 2829 926 2890 huiusmodi
948 2830 1095 2891 haeresim
1119 2830 1285 2904 inciderint,

74 2942 160 2994 mente
181 2931 396 2995 contrahentur
418 2939 447 2992 et
469 2932 631 3010 desipiant,
661 2940 690 2992 et
716 2951 826 2992 nomen
848 2931 965 2992 Domini
987 2931 1097 3010 gloriae
1119 2941 1234 2993 ululent
1255 2933 1286 2992 in

75 3034 283 3095 similitudinem
306 3032 441 3112 imaginis
464 3033 665 3112 corruptibilis
687 3034 835 3105 hominis,
857 3052 891 3094 ac
913 3033 1040 3113 denique
1062 3052 1116 3112 pro
1139 3034 1285 3094 Christia-

74 3135 113 3193 nis
131 3135 231 3196 Ariani
253 3134 459 3208 nominentur,
490 3134 605 3214 hocque
634 3153 705 3195 sarae
725 3134 885 3215 impietatis
908 3133 1035 3195 habeant
1057 3134 1180 3213 insigne.
1224 3135 1287 3197 Neo

77 3235 140 3295 enim
163 3235 282 3316 seipsos
305 3244 449 3296 conentur
471 3236 645 3309 defendere,
680 3255 734 3297 nec
762 3235 840 3315 qnod
869 3236 927 3298 illis
957 3236 1069 3316 prohro
1099 3246 1146 3299 cst
1173 3236 1203 3296 in
1233 3256 1286 3298 eos

74 3448 183 3505 ἇιοὲσαε.
218 3456 271 3505 llos
289 3456 381 3517 Anglic.
409 3455 480 3505 hasil.
500 3457 604 3505 Felclm.
623 3455 647 3505 2.
699 3452 748 3516 dne
765 3452 847 3522 Κρής,
869 3450 1062 3536 Μαρωνείτης,
1083 3451 1280 3522 δαιμονισθείς.

76 3533 94 3571 et
109 3525 129 3572 5.
155 3519 244 3588 λέγειν
270 3521 368 3577 τοῦτο,
397 3514 531 3585 {piatam
555 3515 590 3568 aiv
607 3537 648 3575 rac
701 3517 894 3590 ιάμβογράᾳος
911 3528 1017 3603 εγςαψε
1035 3516 1157 3587 aptemur
1176 3516 1284 3583 ἤτοικι·

74 3590 161 3639 τοίνυν
176 3589 238 3643 ταῖς
256 3584 358 3655 φρεσὶν
375 3581 514 3652 ὑπολάβοι.
540 3591 646 3641 Sieitem
699 3588 810 3645 untalons
827 3587 956 3655 διαλεκτῳ
970 3582 1084 3657 Ἰωνικῇ.
1120 3594 1216 3642 sotades
1231 3594 1284 3642 cre.

74 3660 159 3709 tiohler.
178 3667 203 3708 et
221 3659 326 3708 felcltm.
348 3658 369 3705 1.
398 3658 440 3706 sed
459 3657 558 3704 τοῦτον
576 3661 647 3708 omit-
701 3665 786 3721 tensis,
807 3662 935 3720 Moronito,
956 3661 1136 3719 Domnoniocas,
1157 3662 1285 3710 tenatorum

73 3736 123 3776 tout
156 3723 353 3788 &guentoniae
371 3720 467 3802 λέγειν,
486 3718 648 3790 ὑγεαὶνειᾶν
700 3732 798 3793 scriptor
816 3732 941 3791 conrposnit
960 3728 1069 3788 l'hlpocos
1088 3730 1164 3786 (idest
1182 3730 1284 3784 screnus)

71 3795 178 3847 suanir
196 3786 299 3875 φρεσὶν
315 3784 456 3855 hactaples.
492 3794 548 3854 llrg.
561 3790 649 3858 λέγειν
701 3800 748 3845 sire
768 3797 880 3845 cinaedos
899 3797 965 3845 louio
983 3796 1090 3844 dialecto.
1128 3795 1160 3845 lle
1180 3797 1226 3845 isto
1245 3796 1284 3844 ul·

71 3862 173 3918 “swa
230 3857 313 3910 “thss
337 3850 372 3907 ἂν
389 3859 489 3907 ῐῡῧῐθν
506 3860 565 3915 ταῖς
583 3876 648 3928 ‹gge-
700 3873 758 3914 tuno
783 3877 863 3912 sermo
888 3863 926 3911 hic
945 3863 1054 3911 hahetur.
1089 3856 1228 3926 [Praeterea
1247 3865 1284 3912 vd.

70 3925 108 3974 air
122 3924 262 3994 ἱπελαροι.
299 3922 458 3991 edicturm
476 3926 575 3977 τοῦτον
591 3923 648 3994 hye-
699 3946 772 3994 supra
792 3946 815 3994 p.
833 3929 875 3980 to.
894 3937 945 3979 not.
964 3925 999 3994 h.]

69 3999 147 4076 (ἄξω
164 3992 199 4046 ‘²'
216 4011 259 4050 Μ
275 3995 336 4050 ῐαῖΐ
354 3990 455 4061 ‘itm‘
472 3989 613 4060 ὑπολάβοι·
734 4016 755 4062 lr.
775 4014 915 4064 Basiliensis
932 4006 1079 4078 γενόμενος
1102 4021 1125 4063 et
1148 4013 1195 4062 alia
1214 4026 1285 4062 manu

97 4082 111 4116 Ι.
129 4070 227 4130 Smer.
254 4065 354 4116 Gsshiel'·
379 4073 403 4112 Ch
421 4064 527 4114 Festum·
549 4066 571 4115 l·
589 4064 647 4113 Σω·
698 4076 858 4147 γελώμενος.
893 4082 985 4142 Angue.
1003 4074 1164 4145 γενόμενος·

66 4126 145 4193 ratas.
183 4136 223 4186 Sic
247 4135 320 4183 etiam
346 4132 499 4182 emendatum
519 4132 647 4210 legitnrin
734 4166 749 4213 l·
769 4167 867 4228 sesua
887 4166 984 4217 comer.
1005 4161 1286 4227 effestkmnltwmz·

64 4206 195 4264 Auglreauo.
230 4202 309 4252 l’orro
328 4197 392 4248 duos
410 4205 494 4264 poetas
513 4201 584 4250 lauans
603 4216 648 4251 no·
699 4247 744 4280 m
764 4242 786 4281 e,
805 4248 860 4283 mox
878 4228 997 4286 mm

65 4271 128 4320 minis
146 4276 324 4322 commemorat
335 4267 432 4326 Suidas,
450 4267 576 4331 dequibus
589 4269 648 4317 haec

64 4337 142 4388 habet:
156 4330 292 4394 Σωτάδης
307 4326 462 4393 Ἀθηναῖος,
472 4329 648 4401 amputaberis
733 4351 764 4384 m.
784 4335 840 4395 Reg.
859 4328 1049 4400 βλαςᾳημίαις,
1077 4334 1128 4382 llor
1143 4332 1283 4393 chuerisn.

59 4402 137 4468 μέσης
158 4398 317 4473 κωμῳδίας.
364 4402 463 4452 Sotades
493 4404 645 4464 Atheniensis,
698 4403 790 4463 Anglic.
815 4403 912 4451 Gohler.
937 4412 961 4451 et
985 4401 1090 4450 Felclrm.
1110 4401 1133 4449 l.
1150 4393 1200 4445 τὸν
1216 4397 1285 4447 νοῦν

59 4483 121 4536 patto
144 4478 245 4527 comicus
262 4471 360 4523 mediae
379 4471 518 4521 comoediae.
553 4463 648 4519 Σωεά·
696 4464 742 4519 καὶ
760 4468 876 4537 φρονεῖν
894 4458 956 4533 παρ’
978 4458 993 4516 δ’
1012 4462 1054 4516 δεῖ
1070 4465 1194 4533 φρονεῖν.

1030 4550 1084 4601 to*
