2948 5092
110 296 114 305 ⁸
205 220 269 289 22⁴
359 224 363 245 ¹
484 276 494 299 ,,
603 237 632 283 ι,
647 238 801 283 numan
817 237 1040 283 ικιοιεωισσει
1124 228 1128 237 ’

8 419 13 427 ’
118 405 194 453 σιω.
290 394 341 457 38.
386 387 428 453 Εἰ
459 383 570 454 τοίνυν
599 382 686 452 οὑτω
717 383 772 452 καὶ
799 384 857 451 τὸν
880 385 1196 472 σωτῆραὶλίχουσι,
1221 384 1436 470 δειχθήσεται

202 487 286 576 μήτε
308 483 469 576 άληθινὸς
489 487 589 609 μήτε)
594 485 675 565 θεὸς
696 486 778 575 μήτε
801 486 880 567 υίός,
903 487 985 575 μήτε
1008 482 1123 571 ὅμοιος
1136 489 1191 573 ,τῷ
1214 494 1336 608 πατρίί
1350 488 1435 577 μήτε

113 590 118 601 ⁸
204 586 291 670 όλως
320 594 378 656 τοῦ
409 585 493 657 εἶναι
521 583 589 656 κατ’
615 583 690 656 ούσί
690 614 730 655 αν
752 589 922 674 πατίρα”
904 615 985 671 εχων
1006 587 1064 653 τόν
1085 587 1168 655 θεὸν
1191 583 1336 655 ἄλλα
1296 615 1355 676 της
1378 591 1435 657 δο-

203 698 324 780 θείσης
347 687 435 778 αύτιῦ
458 690 560 778 μόνης
580 689 723 775 χάριτος,
747 690 866 757 τοῦδὲ
889 685 1001 757 είναι
995 716 1055 756 κατ
1088 685 1204 756 ούσίαν
1225 691 1408 778 κτίστην
1375 717 1433 759 τον

203 792 286 862 θεὸν
294 788 406 859 Ἠκαθ
391 790 571 880 σμιοιότητα
582 795 647 858 τῶν
659 791 795 858 πάντων
807 794 897 875 ’έχων
927 795 1078 870 τοιοῦτος
1096 789 1178 858 δὲ”
1149 817 1205 871 ων,
1222 787 1294 858 οἷον
1316 781 1432 859 1ὀὑτοι

203 895 345 981 λέγουσι,
370 893 554 982 φανήσεται
575 894 701 978 μᾶλλον
722 894 805 981 μηδὲ
827 892 902 973 ίξ’
884 895 983 1015 αρχῇς
1005 891 1200 980 ίσχηκώς
1167 916 1206 958 το
1229 890 1335 978 ὄνομα
1351 894 1432 973 υιός,

76 1066 86 1080 ,
204 997 272 1083 ιίμε
299 999 398 1062 τοῦτο
426 999 494 1063 τῶν
516 995 625 1082 ε’ρχων
641 995 794 1063 ἔπαθλον
818 994 891 1079 ίσχε
912 995 967 1062 καὶ
989 997 1179 1081 προκοπῆς,
1209 989 1267 1061 οὑκ
1289 991 1435 1083 άλληςῆ

203 1101 263 1186 τῇς
284 1094 340 1166 ὅτε
361 1103 492 1184 χίχονεν
514 1095 766 1184 ἄνθρωποςκαὶ
781 1096 840 1184 τὴν
854 1099 914 1164 τοῦ
929 1095 1049 1163 δούλου
1061 1095 1194 1186 μορφὴν
1215 1091 1447 1183 ίάνέλαβενῆᾏ

202 1198 280 1267 τότε
299 1199 361 1287 χάρ
385 1199 484 1280 ἐστιν,
509 1195 565 1267 δ’τε
585 1198 759 1286 γενόμενος
780 1194 925 1286 ὑπήκοος
938 1205 1033 1286 μέχρι
1047 1197 1227 1279 θανάτου’)
1249 1193 1435 1285 ὑπιρυιμῶ-

204 1304 290 1371 σθαι
323 1303 452 1387 λέγεται
482 1304 537 1370 καί
562 1301 659 1389 χάριν
688 1301 860 1390 εἰληφέναι
880 1299 919 1367 τό
942 1298 1061 1386 ὄνομα,
1089 1301 1146 1368 ἵνα
1167 1298 1201 1368 ίν
1222 1302 1271 1386 τῷ
1294 1293 1435 1384 ὀνόματι

199 1398 304 1490 Ἰησοῦ
333 1403 450 1492 κάμψῃ
477 1408 547 1472 πᾶν
568 1403 686 1490 χόνυλ).
730 1409 765 1470 τί
786 1392 844 1470 οὖν
864 1391 905 1490 ἦν
926 1401 994 1490 πρὸ
1014 1402 1150 1484 τούτου,
1174 1401 1204 1470 εί
1225 1405 1283 1469 νῦν
1303 1396 1434 1488 ὑψώθη

202 1509 257 1572 καί
280 1507 337 1573 νῦν
358 1504 480 1592 ἤρξατο
503 1511 767 1591 προςκννεῖσθαι
787 1503 865 1572 ικαὶ
892 1508 949 1572 νῦν
972 1504 1043 1584 υίὸς
1051 1503 1200 1627 ἐλέχθη,
1224 1500 1281 1572 ὅτε
1301 1509 1433 1589 μέμονεν

203 1605 405 1694 άνθρωπος,·
435 1613 589 1695 φαίνεται
609 1607 672 1694 γάρ
693 1608 795 1694 μηδὲν
816 1606 1001 1693 βελτιώσας
1023 1600 1122 1686 αύτδς
1135 1604 1193 1692 τὴν
1209 1604 1324 1693 σάρκα,
1349 1599 1433 1673 ἀλλὰ

194 1701 390 1794 ’μᾶλλσν’
352 1708 451 1788 αυτὸς
473 1704 522 1776 δι
547 1706 646 1799 αὐτῆς
667 1711 884 1831 βελτιωθείς,
905 1710 972 1795 είχε
992 1706 1076 1776 κατδι
1096 1707 1154 1795 τὴν
1176 1706 1416 1774 κακόνοιαναυ

201 1813 269 1878 τῶν
291 1810 366 1878 τότε
388 1806 515 1900 ὑψώθη
537 1814 591 1878 καί
614 1811 686 1892 υίὸς
709 1806 884 1934 ίλίχθη,“’
864 1834 919 1878 οτε
940 1817 1070 1897 γέγονεν
1093 1807 1286 1897 άνθρωπσς.
1317 1815 1354 1876 τί
1375 1798 1432 1876 σύν

202 1938 242 2000 ην
263 1912 332 1999 πρὸ
353 1912 492 1996 τούτους
524 1912 628 1981 πάλιν
649 1913 711 2000 γάρ
734 1907 854 1991 αύτούς
876 1907 1043 2000 ίριστᾷν’
1024 1911 1156 2000 ανάχκη,
1179 1912 1235 1979 ἵνα
1256 1913 1311 1978 καὶ
1325 1909 1372 1977 τὸ
1381 1918 1432 1976 τέ

202 2011 269 2094 λος
288 2016 346 2103 τῆς
374 2008 561 2100 άσεβείας
556 2011 664 2082 αὐτῶν
690 2017 864 2102 θεωρηθῇ
911 2014 940 2081 εί
968 2012 1029 2100 γάρ
1053 2009 1182 2081 ἐστιν(
1167 2038 1185 2080 ο
1206 2012 1318 2098 κύριος
1339 2013 1431 2092 θεός,

202 2115 283 2196 υίός,
307 2115 412 2202 λόχος,
437 2112 496 2184 οὑκ
517 2107 556 2204 ἦν
580 2118 615 2184 δὲ
637 2119 742 2184 ταῦτα
764 2114 832 2203 πρὸ
854 2119 913 2181 τοῦ
935 2121 1068 2204 γένηται
1089 2113 1291 2201 ἅνθρωπος·
1313 2108 1432 2202 ηάλλσ
1470 2146 1472 2150 ·

201 2242 234 2283 τι
257 2208 295 2304 ἦν
316 2217 410 2303 παρὰ
431 2221 535 2284 ταῦτα
557 2221 610 2284 καὶ
633 2214 770 2303 ὑστερον
792 2217 918 2284 τούτων
941 2216 977 2297 ἐξ
997 2214 1114 2306 ἀρετῆς
1134 2223 1298 2301 μετέσχεν,
1322 2213 1431 2301 ὥςπερ

201 2319 377 2403 ἐ’ίπαμεν,
410 2313 431 2407 ἢ
458 2318 498 2385 τὸ
527 2319 653 2406 ἕτερον,
689 2316 774 2406 ὅπερ
803 2320 851 2399 είς
877 2318 937 2398 τὰς
959 2318 1090 2386 ἐκείνων
1111 2318 1258 2407 κεφαλὰς
1279 2326 1432 2404 τραπείη,

182 2413 322 2508 ’άνάχκη
345 2422 450 2506 λέγειν
473 2416 601 2501 αὐτούς,
624 2422 708 2509 μηδὲ
731 2417 817 2489 εἶναι
838 2420 906 2508 πρὸ
928 2420 1047 2488 τούτου
1067 2416 1176 2501 αὑτόν,
1200 2416 1284 2488 άλλὰ
1299 2419 1339 2486 τὸ
1355 2415 1432 2509 ὅλοιν

199 2518 402 2606 ’ἄνθρωπον
425 2517 511 2590 εἶναι
533 2522 633 2610 φύσει
654 2525 708 2591 καὶ
730 2525 832 2611 μηδὲν
855 2525 967 2590 πλέον.
999 2517 1068 2590 ἄλλ’
1086 2518 1144 2590 ούκ
1167 2523 1238 2590 ἔστι
1259 2525 1359 2588 τοῦτο
1374 2526 1432 2609 τῆς

201 2620 381 2708 ἐκκλησίας,
404 2628 463 2689 τοῦ
486 2625 520 2691 δὲ
536 2631 758 2710 Σαμσσατέως
780 2624 851 2692 ἐστὶ
872 2628 926 2691 καί
948 2628 1015 2691 τῶν
1038 2629 1093 2692 νῦν
1112 2623 1277 2692 Ἰουδαίων
1291 2623 1332 2690 τὸ
1347 2623 1433 2712 φρό-

201 2750 296 2813 νημα.
332 2726 423 2792 διατί
445 2716 502 2793 οὑν
523 2726 565 2794 τὰ
587 2727 717 2795 ἐκείνων
740 2729 938 2815 φρονοῦντες
953 2722 1024 2810 ούχλ
1039 2726 1095 2795 καὶ
1110 2723 1155 2807 ὡς
1166 2721 1321 2793 Ἰουδαῖοι
1335 2751 1433 2812 περι-

114 2831 391 2911 οκωτίμνονται,
426 2823 494 2895 ἀλλ’
518 2824 760 2915 ὑποκρίνονται
775 2829 833 2918 τόν
855 2827 1121 2916 Χριστιανισμιδν
1142 2827 1198 2896 καί
1219 2827 1306 2914 πρὸς
1329 2821 1430 2894 αὑτὸν

202 2929 314 3013 ίχουσι
335 2927 393 3016 τὴν
414 2929 538 3017 μάχην,·
562 2931 591 2997 εί
612 2930 674 3016 γὰρ
697 2926 755 2999 οὑκ
776 2920 825 3017 ἦν,
847 2924 869 3017 ἢ
890 2921 929 3018 ἦν
943 2937 1013 3014 μέν,
1031 2929 1215 3018 ἐβελτιιύθη
1232 2931 1267 2997 δὲ
1282 2925 1431 3015 ὑστερον,

201 3035 277 3109 πῶς
294 3025 340 3096 ’δι’
366 3027 466 3097 αὐτοῦ
488 3038 599 3118 χίχονε
619 3032 662 3099 τὰ
683 3032 803 3112 πάντα,
826 3026 848 3119 ἢ
869 3036 943 3111 πῶς
966 3031 1126 3118 ἐντούτῳ,
1143 3022 1432 3120 ῑείχεμητὲλεισς

165 3222 167 3227 γ
200 3120 256 3216 ἦν,
286 3139 500 3219 προςέχαιρεν
529 3130 700 3221 όπατήρ,·
731 3137 786 3201 καλ
808 3128 909 3213 αὑτὸς
931 3136 968 3202 δὲ
990 3134 1019 3203 εἰ
1041 3138 1098 3201 νῦν
1121 3134 1322 3219 ἐβελτιώθη,
1356 3137 1432 3210 πῶς

200 3234 269 3318 πρὸ
297 3232 416 3300 τούτου
444 3230 643 3322 ἠυφραίνετο
673 3236 707 3304 ἓν
735 3235 906 3324 προςιύπῳ
929 3240 1007 3302 ΙΙτοῦ
1036 3235 1211 3321 πατρός*),·
1245 3239 1321 3315 πῶς
1342 3236 1380 3302 δὲ
1403 3235 1432 3301 εί

200 3334 285 3419 μετὰ
311 3334 372 3401 τὸν.
397 3335 547 3404 θάνατον
576 3336 673 3423 ἔλαβε
695 3337 734 3404 τὸ
755 3335 1033 3425 προςκυνεῒσθαι,
1064 3345 1219 3426 φαίνεται
1241 3334 1259 3404 ὁ
1278 3334 1432 3424 Ἀβραὰμ

200 3433 301 3504 αὑτὸν
324 3437 358 3504 ἐν
379 3440 419 3525 τῇ
442 3441 542 3526 σκηνῇ
564 3443 784 3525 πρσςιυνῶνῆ
805 3442 860 3507 καί
882 3443 1014 3527 Μωσῆς
1036 3439 1070 3508 ίν
1091 3443 1131 3529 τῇ
1153 3438 1285 3526 βάτῳῆ,
1308 3441 1363 3507 καὶ
1387 3435 1432 3517 ιὺς

201 3533 269 3607 εἶδε
291 3539 434 3626 Δανιήλ,
468 3540 586 3626 μύριαι
616 3540 775 3625 μυριάδες
804 3541 861 3609 καὶ
888 3543 994 3624 χίλιαι
1024 3541 1170 3625 χιλιάδες
1205 3540 1431 3629 ἐλειτούργουν

119 3728 125 3737 ·
201 3636 338 3731 011²>qu
371 3646 446 3722 πῶς
468 3645 505 3709 δὲ
527 3643 557 3710 εί
579 3645 635 3710 νῦν
656 3637 725 3710 κατ’
750 3639 869 3722 αὑτοὺς
892 3643 965 3727 ἔσχε
985 3643 1045 3730 τὴν
1066 3646 1258 3731 βελτίωσιν,
1282 3647 1341 3730 τῆς
1360 3641 1429 3728 πρὸ

150 3827 156 3839 Ι
199 3741 324 3826 κόσμου
345 3748 399 3811 καὶ
420 3747 493 3830 ἰτης
513 3741 738 3831 ὑπερκσομίου
762 3744 859 3834 δόξης
882 3745 1002 3813 ἑαυτοῦ
1020 3744 1233 3832 μνημονεύων
1248 3745 1355 3832 ἔλεγεν
1371 3739 1429 3811 αύ-

199 3842 257 3923 τδς
280 3840 298 3963 ὑ
319 3845 406 3924 υίός·
431 3846 570 3926 δόξασόν
592 3873 634 3932 με
656 3846 706 3928 σύ,
730 3844 847 3960 πάτερ,
870 3850 909 3935 τῇ
933 3846 1022 3934 δόξῃ,
1046 3837 1068 3936 ἦ
1090 3842 1176 3931 εἶχον
1199 3845 1267 3934 πρὸ
1289 3850 1349 3913 τοῦ
1372 3845 1431 3911 τὸν

1277 3990 1301 4029 0

270 4052 294 4112 1)
319 4052 405 4115 Philip
424 4053 448 4112 2,
468 4054 490 4101 7.
578 4052 603 4108 2)
630 4055 715 4118 Philip.
735 4053 759 4111 2,
779 4053 802 4103 8.
890 4054 915 4108 3)
936 4055 1022 4120 Philip.
1042 4054 1066 4115 2,
1087 4055 1126 4105 10.
1212 4055 1239 4114 4)
1258 4054 1327 4105 Ριοι
1346 4053 1372 4116 8,
1391 4053 1431 4104 30.

200 4119 433 4180 5)eenes.18,2.
504 4121 622 4181 wod.
643 4121 666 4170 3.
737 4122 840 4182 ηοω.
861 4122 885 4182 ἵ,
906 4123 945 4172 10.

232 4289 254 4322 a
273 4275 373 4335 Seguer
395 4267 514 4320 θέλουσι
874 4291 895 4324 c.
914 4273 1013 4336 Seguer
1031 4266 1117 4338 ἔλαβε.

136 4358 142 4365 ·
231 4341 255 4390 h.
262 4342 373 4402 8ιςσιι.
394 4341 490 4390 ίῖοίιίεικ
510 4339 685 4389 ιῑθιίιίιωηῐ
700 4331 787 4389 αύτσί
873 4342 896 4391 d.
914 4343 1013 4405 Seguer.
1028 4343 1124 4392 ῦοόΙει.
1137 4341 1275 4393 ιῑΕιΙιίιω.
1288 4343 1309 4393 1.
1321 4337 1435 4392 καλνίν

197 4406 259 4457 Edisti
278 4418 302 4458 ει
320 4410 359 4459 alii
379 4393 463 4459 οὑτοι.
499 4408 589 4457 Ibidem
606 4402 788 4473 μᾶλλονιοεει
837 4401 903 4464 υἱός.
939 4409 1001 4459 Εδῑιί
1019 4423 1064 4457 και
1081 4402 1147 4464 υίύς.

78 4517 81 4529 .
198 4476 328 4538 ιὸεςσιι
468 4544 479 4559 .
873 4493 894 4526 ι.
914 4478 1012 4541 Seguer.
1032 4469 1152 4544 εἴπομεν.
