2948 5092
409 271 923 318 sersrcnnnnsonnrrsuressuaa
939 273 1057 318 sruonr.
1306 261 1347 327 69

115 426 233 499 „ridit‚
261 422 409 487 diabolica
432 440 506 485 sane
527 431 589 496 est,
617 440 676 483 non
706 431 803 484 autern
832 441 967 486 verorum
990 423 1100 486 Christi
1121 423 1431 504 discipulorumrau.

118 528 191 603 „rel
212 544 338 599 eorum,
369 524 479 604 quibus
501 523 662 586 Salvatoris
685 523 840 602 disciplina
862 524 966 604 placet.
1009 525 1048 586 Hi
1070 524 1148 587 enirn
1172 526 1348 591 Trinitatem

119 629 265 708 „quidem
288 646 350 688 non
371 627 509 706 ignorant
529 624 561 687 iu
582 624 680 688 divina
700 624 852 704 Scriptura
873 625 1052 704 praedicari,
1075 633 1136 689 tres
1157 634 1256 691 autem
1279 646 1347 693 esec

121 729 224 804 ,lleos
255 746 314 789 nec
340 729 372 789 in
399 734 500 788 vetere
525 744 581 788 nee
607 726 638 786 in
666 744 743 787 novo
772 725 962 788 Testamenta
993 726 1104 788 doceri.
1154 727 1220 790 Non
1247 729 1346 792 minus

123 829 235 901 „etiam
255 828 298 890 illi
322 827 459 908 culpandi
480 835 559 901 sunt,
583 828 633 906 qui
648 827 754 889 l'ilium
770 845 845 908 opus
869 846 937 888 esse
960 828 1130 890 existimant
1144 828 1347 902 etllominum

124 933 252 1004 „lactum
276 948 344 991 esse
366 930 513 1002 sentiunt,
541 929 626 1009 quasi
648 928 785 993 videlicet
807 947 897 991 unum
920 938 1002 991 esset
1025 949 1060 991 ex
1081 931 1146 1004 his,
1180 949 1255 1009 quae
1276 949 1347 994 rere

125 1034 220 1103 „laeta
241 1040 326 1104 sunt,
347 1049 415 1092 cum
438 1031 533 1092 divina
556 1030 708 1110 Scriptura
729 1031 812 1092 illum
834 1031 966 1109 genitum
988 1050 1074 1104 esse,
1098 1039 1130 1092 ut
1151 1031 1246 1093 eidem
1260 1045 1430 1095 con-ersa.

126 1133 225 1203 „venit
247 1133 455 1211 congruitque,
478 1150 538 1192 non
560 1140 657 1193 autem
679 1133 836 1193 lomratum
859 1141 889 1194 et
909 1133 1016 1193 lactum
1032 1149 1097 1192 esse
1112 1114 1253 1194 testetur.¹
1279 1133 1346 1197 Nou

125 1234 218 1305 „levis
242 1233 349 1312 igitur,
372 1233 425 1294 sed
448 1232 982 1313 summaestirnpietas,1)ominum
1005 1233 1102 1312 aliquo
1125 1233 1214 1294 modo
1237 1250 1345 1312 manu·

127 1337 255 1405 „lactum
278 1334 388 1396 dicere.
431 1334 506 1396 Nam
534 1335 560 1394 si
588 1334 682 1395 laetus
711 1343 757 1396 est
784 1334 892 1407 Filios,
924 1334 979 1395 luit
1005 1333 1160 1412 aliquando
1189 1351 1256 1394 curn
1284 1352 1346 1396 non

127 1444 244 1509 „esset3
267 1436 348 1515 atqui
370 1436 425 1497 luit
447 1454 575 1514 semper,
598 1435 623 1496 si
646 1435 746 1514 utique
768 1435 808 1497 sit
830 1435 859 1496 in
883 1435 978 1506 Patre,
1002 1443 1035 1495 ut
1056 1435 1122 1513 ipse
1145 1433 1292 1507 declarat,
1316 1442 1346 1497 et

127 1538 173 1607 „si
195 1537 333 1598 Christus
362 1537 461 1615 ipsum
490 1536 529 1598 sit
550 1536 699 1615 ¹Verbum,
727 1537 870 1616 sapientia
900 1544 930 1597 et
950 1536 1054 1597 virtus.
1098 1535 1178 1597 llaec
1199 1536 1345 1615 siquidem

127 1638 297 1712 „Cliristum
320 1655 387 1698 esse
410 1638 525 1699 divinae
547 1637 650 1699 literae
671 1638 798 1712 docent,
820 1645 853 1699 ut
873 1637 956 1699 robis
979 1645 1059 1698 certe
1081 1655 1143 1697 non
1164 1637 1250 1709 latet3
1272 1636 1346 1699 liaeo

127 1747 243 1812 „autem
267 1739 371 1800 eadem
393 1739 517 1800 virtutes
538 1738 592 1800 Dei
614 1746 698 1813 sunt3
727 1757 761 1800 ac
781 1739 907 1818 proinde
929 1739 955 1799 si
977 1740 1070 1799 laetus
1094 1747 1140 1799 cst
1160 1738 1266 1811 Filius,
1290 1737 1346 1799 luit

126 1858 216 1919 „ergo
239 1840 407 1919 aliquando,
430 1858 498 1901 cuni
519 1840 593 1901 haec
613 1858 675 1900 non
696 1849 806 1902 essent.
850 1841 945 1920 Igitur
967 1848 1083 1919 tempus
1104 1839 1170 1912 luit,
1192 1857 1258 1899 cum
1280 1837 1345 1900 sine

127 1940 192 2012 „liis
214 1948 299 2001 esset
320 1940 416 2013 Deus,
445 1941 524 2020 quod
551 1939 768 2020 perabsurdum
796 1949 852 2002 est.
896 1940 955 2002 Sed
984 1940 1053 2019 quid
1080 1938 1215 2019 pluribus
1238 1938 1274 1999 de
1296 1938 1343 2001 his

127 2041 221 2119 „apud
248 2058 303 2100 ros
337 2040 501 2114 disseram,
532 2041 613 2103 viros
636 2041 748 2120 Spiritu
776 2042 898 2121 plenos,
932 2041 1038 2121 quibus
1066 2041 1167 2121 utique
1194 2039 1345 2120 exploratu

127 2150 227 2214 „sunt
248 2159 325 2220 quae
347 2140 476 2204 absurda
498 2149 663 2222 sequuntur
681 2160 716 2203 ex
730 2141 1020 2215 illorumsententia,
1043 2142 1093 2222 qui
1107 2141 1213 2203 Filium
1235 2141 1344 2202 lactum

127 2260 214 2311 ,esse
236 2241 437 2314 contendunt,
469 2242 504 2303 ad
533 2259 609 2322 quae
636 2261 708 2304 sane
737 2261 798 2303 non
819 2243 982 2304 attendisse
1003 2243 1076 2304 mihi
1098 2243 1233 2304 ridentur
1254 2240 1343 2302 liuius

127 2343 296 2422 „opinionis
319 2342 419 2413 duces,
443 2350 531 2422 atque
553 2342 662 2405 idcirco
686 2361 704 2403 a
724 2342 846 2405 veritate
868 2362 993 2422 prorsus
1016 2342 1181 2417 aberrasse,
1208 2343 1257 2421 qui
1281 2341 1342 2402 sci-

127 2444 212 2514 „lirat
233 2452 337 2505 contra
358 2452 487 2505 mentem
510 2443 625 2505 divinae
648 2452 678 2504 et
698 2443 889 2523 propheticae
904 2443 1072 2523 Scripturae
1091 2444 1164 2505 haec
1186 2441 1273 2503 verba
1290 2461 1343 2503 ex-

126 2544 268 2622 „plicantt
292 2543 440 2605 Dominus
464 2549 578 2608 creavit
599 2562 644 2606 me
662 2546 849 2623 principium
870 2549 992 2606 viarum
1013 2562 1149 2606 suorum.
1178 2543 1239 2604 Nec
1253 2542 1342 2623 enirn,

127 2654 177 2711 ,ut
198 2645 302 2716 scitis,
326 2662 384 2704 una
406 2655 451 2706 est
473 2644 647 2722 significatio
669 2643 749 2705 verbi
774 2649 897 2708 creavit.
940 2645 1013 2706 Nam
1035 2645 1093 2705 hoc
1114 2643 1145 2704 in
1166 2643 1232 2705 loeo
1255 2661 1343 2705 crcu-

127 2746 291 2818 „nitidem
313 2752 361 2805 est
382 2764 416 2806 ac
437 2745 577 2824 praefecit
598 2743 738 2824 operibus
761 2743 797 2805 ab
815 2745 881 2824 ipso
903 2745 998 2816 lactis,
1020 2745 1115 2816 lactis,
1138 2745 1267 2822 inquam,
1289 2762 1344 2823 per

126 2846 242 2924 „ipsum
264 2844 383 2906 Filium.
427 2846 490 2906 lloc
512 2853 609 2908 antem
629 2844 753 2909 verbum
775 2851 891 2907 creauit
911 2844 960 2907 hic
980 2845 1201 2925 intelligendum
1221 2852 1345 2906 nonest

127 2964 199 3023 „pro
222 2947 314 3024 fecit:
338 2944 484 3023 siquidem
506 2948 603 3008 lacere
626 2953 655 3007 et
676 2963 777 3006 creare
800 2945 877 3008 inter
898 2965 931 3007 se
950 2946 1099 3007 dillerunt.
1135 2946 1212 3006 llice
1226 2946 1342 3024 Moyses
1423 2954 1426 2959 ’

127 3047 175 3114 ,in
196 3064 303 3124 niagno
326 3044 549 3106 Deuteronomii
577 3046 706 3107 carmine
734 3045 788 3107 ait:
819 3046 970 3128 Numquid
997 3065 1059 3108 uon
1086 3050 1151 3126 ipsc
1181 3057 1226 3108 est
1250 3057 1344 3126 puter

127 3158 224 3218 ⁸,tarrac
249 3149 303 3228 qui
319 3147 458 3225 possedit
479 3158 507 3208 te
530 3156 558 3208 et
579 3149 651 3225 [ecit
664 3159 701 3212 ,te
723 3159 752 3210 et
775 3150 889 3209 creavit
911 3145 963 3209 tc?
1006 3146 1056 3207 Sic
1076 3145 1165 3207 etiam
1180 3146 1247 3208 illos
1263 3153 1342 3207 recte

127 3248 211 3325 „quis
234 3245 336 3325 possit
356 3264 531 3324 coarguere:
567 3245 791 3325 Opraecipites
821 3247 1028 3326 temerariique
1048 3247 1203 3318 homines,
1232 3264 1343 3323 ergone

127 3349 219 3413 ,iacta
239 3365 291 3408 res
315 3355 360 3408 cst
381 3346 597 3425 primogenitus
620 3345 716 3406 omnis
739 3355 904 3421 creaturae,
938 3347 1045 3426 quiex
1067 3355 1153 3408 utero
1175 3354 1243 3407 ante
1265 3346 1342 3407 luci-

127 3449 240 3516 ,lerum
263 3447 382 3525 genitus
405 3456 461 3521 est,
484 3448 534 3527 qui
556 3454 589 3508 ut
610 3445 758 3525 Sapientia
781 3445 865 3508 dicit:
894 3448 971 3509 Auta
993 3465 1092 3510 omues
1117 3447 1207 3509 colles
1229 3465 1275 3506 me
1295 3451 1343 3526 qi·

127 3545 233 3625 ‚quiri
276 3547 409 3626 Denique
430 3547 598 3626 Scripturas
621 3547 737 3608 divinae
758 3546 859 3608 multis
882 3548 911 3608 in
943 3547 1015 3608 locis
1043 3546 1175 3625 genitum
1203 3565 1272 3608 euni
1294 3545 1343 3606 di·

126 3656 229 3721 „cunt,
251 3665 399 3726 nusquam
420 3666 490 3709 vero
512 3650 638 3721 lactum,
667 3647 830 3726 exquibus
853 3655 954 3725 aperte
976 3647 1189 3708 mnnncuntur
1211 3647 1284 3706 lalsa
1306 3644 1343 3706 de

127 3746 262 3817 „llomirsi
282 3747 476 3826 generatione
499 3748 614 3830 opinari
637 3747 678 3819 hi,
701 3747 751 3826 qui
773 3746 900 3808 divinam
922 3747 986 3809 eius
1008 3755 1094 3829 atquo
1109 3745 1343 3825 inexplicabilem

128 3848 367 3925 ,commoneam
393 3849 550 3911 factionem
579 3848 688 3910 audent
707 3847 815 3910 dicere.
858 3849 961 3927 ltaque
982 3846 1163 3910 admirabilis
1186 3846 1343 3924 divinaque

129 3947 243 4018 „unitas
265 3949 297 4010 in
318 3956 379 4011 tres
402 3948 568 4012 divinitates
589 3967 651 4010 non
674 3957 720 4010 est
742 3949 914 4028 separanda,
937 3966 1033 4028 neque
1051 3947 1185 4008 lectionis
1201 3945 1343 4007 vocabulo

158 4149 176 4181 e
193 4134 232 4183 Sic
256 4134 312 4197 ileg.
339 4142 365 4185 ut
382 4142 406 4185 et
422 4135 494 4197 erigit
511 4149 606 4185 sensns.
643 4134 704 4182 Editi
756 4133 899 4182 parisiensis
922 4124 992 4181 ἄντί.
1029 4133 1140 4182 Ceterum
1165 4123 1199 4179 ἂν
1217 4123 1263 4178 tui
1280 4129 1343 4178 idem

130 4193 241 4250 ualiiai
259 4195 299 4250 δέ.
758 4201 796 4248 hic
817 4202 935 4260 significat
960 4215 988 4249 ec
1012 4190 1085 4250 int.
1122 4201 1172 4248 llox
1196 4191 1228 4245 τὸ
1252 4190 1345 4243 κτίσαι

159 4300 307 4364 dSicch.
341 4303 387 4352 Am
407 4315 465 4350 mo
483 4301 581 4350 mdiu
595 4301 708 4351 ommam
757 4267 821 4330 quod
840 4267 1138 4316 abestabed.Commol.
1157 4265 1345 4314 restituimusax

132 4360 223 4427 ‘aar
469 4358 487 4426 r
593 4353 619 4434 a·
759 4348 817 4449 aa
832 4333 1257 4450 aaranatriaticum

161 4469 233 4522 eSir
256 4484 315 4521 mss.
338 4477 363 4523 et
386 4468 428 4522 ed.
452 4468 571 4521 Commel.
605 4466 635 4520 lt
652 4467 708 4520 edit.
794 4467 811 4516 l.
830 4467 887 4529 llas,
904 4475 928 4518 et
944 4467 1017 4520 Busil.
1034 4458 1132 4529 ψευδῆ.
