2948 5092
106 236 127 300 11
559 287 563 296 ,
628 248 803 293 amrelmo.

105 409 220 476 010110,
250 400 356 480 quibus
386 399 530 479 imprimis
560 399 696 461 monachi
723 398 906 461 Benedictini
929 418 964 460 ex
986 399 1215 479 congregatione
1237 398 1337 461 sancti

105 501 200 564 Mauri
215 520 285 564 suas
297 509 413 580 patrum
431 501 576 562 editiones
593 508 818 581 cremaverunt.
844 499 918 561 Pars
935 499 1054 579 quidem
1071 501 1250 580 optimarum
1266 499 1336 560 edi-

108 603 222 666 tionum
243 602 456 664 Parisiensium
489 602 607 664 saeculo
637 602 797 682 praeterito
825 601 856 661 in
888 601 971 663 ltalia
998 602 1130 663 Venetiis
1159 608 1189 662 et
1209 600 1337 674 Patavii,

106 703 179 765 aliae
200 722 297 784 nuper
311 703 432 765 Parisiis
453 704 529 783 typis
553 722 675 766 recusae
697 711 777 776 sunt,
800 703 852 764 scd
874 702 1006 782 exempla
1021 704 1146 782 repetita
1161 721 1222 763 non
1238 702 1338 764 multo

105 805 232 867 minoris
261 804 430 866 renduntur
457 823 545 884 quam
573 805 730 885 archetypa
758 822 813 865 nec
841 804 955 865 lacilius
984 803 1129 866 studiosis
1159 803 1195 866 ad
1225 822 1337 865 manus

105 907 239 968 veniunt.
280 904 480 967 Bibliothecae
501 914 599 968 autem
621 917 739 987 patrum
760 923 836 985 quae
862 904 1061 985 appellantur,
1093 906 1172 967 velut
1199 904 1339 984 locuple·

107 1007 223 1069 tissima
246 1006 444 1081 Gallandiana,
467 1026 528 1068 non
550 1006 786 1085 complectuntur
806 1014 907 1087 patres
929 1006 1070 1081 maiores,
1092 1024 1220 1087 quorum
1243 1024 1341 1085 opera

106 1107 242 1189 pluribus
265 1109 465 1171 voluminibus
489 1117 641 1182 constant,
675 1117 705 1169 et
729 1107 759 1168 in
780 1107 845 1168 aliis
869 1107 934 1168 eius
957 1108 1075 1186 generis
1097 1107 1339 1182 collectionibus,

106 1228 181 1290 quae
203 1211 317 1272 nostris
340 1209 524 1290 temporibus
546 1210 701 1270 inchoatae
723 1217 792 1270 sunt
814 1218 843 1270 et
863 1207 1061 1288 particulatim
1083 1206 1202 1269 venales
1218 1208 1339 1270 baben·

107 1318 167 1383 tur,
197 1311 306 1391 scripta
332 1311 495 1390 dogmatica
518 1309 637 1371 illorum
661 1309 800 1371 ecclcsiae
826 1327 948 1388 graecae
972 1308 1177 1388 theologorum
1200 1317 1339 1371 autnon

106 1412 312 1491 reperiuntur,
333 1421 390 1472 aut
411 1411 500 1472 latine
522 1420 635 1472 tautum
658 1410 842 1472 exhibentur.
887 1409 937 1470 Sic
958 1410 1143 1474 Bibliotheca
1164 1430 1257 1473 sorra
1275 1431 1341 1492 po·

107 1505 191 1573 trum
213 1511 355 1574 ecclesiae
374 1531 564 1594 graecorum,
588 1531 676 1592 quam
698 1512 764 1573 Car.
787 1511 857 1571 Ern.
880 1511 1039 1572 Richterus
1061 1511 1180 1592 Lipsiae
1195 1530 1223 1574 a.
1242 1514 1339 1578 1826.

107 1611 196 1674 01010
217 1613 333 1693 coepit,
363 1632 424 1674 non
453 1614 527 1677 ultra
556 1615 673 1675 tertiam
699 1621 813 1693 partem
837 1610 996 1674 Clementis
1018 1613 1098 1674 Alex.
1122 1630 1214 1692 opera
1236 1614 1340 1676 couti-

105 1721 227 1774 nentem
249 1714 407 1793 processit,
429 1722 459 1776 et
480 1714 665 1778 Bibliotheca
683 1725 811 1796 potrum
831 1714 971 1776 ecclesiae
994 1713 1168 1788 catholicoe,
1191 1718 1246 1794 qui
1264 1722 1341 1777 01110

109 1813 245 1877 Orientis
268 1829 298 1880 et
322 1817 489 1879 Occidentis
510 1816 639 1878 schisma
666 1819 859 1896 floruerunt,
889 1815 998 1877 Oronii
1021 1814 1057 1876 ab
1080 1833 1106 1876 a.
1132 1817 1225 1880 1838.
1248 1834 1340 1878 sum·

106 1912 186 1976 tibus
213 1916 334 1978 Parlreri
364 1935 472 1978 excusa
498 1935 593 1997 paene
620 1925 683 1979 tota
711 1925 829 1978 constat
862 1916 981 1995 scriptis
1015 1916 1185 1995 exegeticis.
1228 1917 1342 1980 lnsunt

107 2016 185 2078 euim
208 2025 275 2078 0010
298 2019 343 2080 rel
365 2036 472 2079 norem
494 2017 711 2091 voluminibus,
740 2037 814 2096 quae
836 2018 933 2079 adhuc
954 2026 1201 2096 comparuerunt,
1232 2018 1340 2098 hugu-

107 2117 178 2179 01101
201 2120 418 2191 confessiones,
446 2118 650 2197 chrysostomi
673 2118 811 2180 homiliae
833 2118 864 2178 in
886 2119 1064 2179 blatthaeum
1092 2127 1181 2197 atque
1206 2118 1240 2178 in
1269 2119 1340 2198 epi·

107 2217 201 2281 stolas
224 2219 305 2281 Pauli
328 2221 364 2281 ad
387 2219 557 2281 Corinthios
580 2220 667 2282 etad
690 2220 842 2280 Romanus
865 2237 881 2278 a
904 2219 935 2279 F.
958 2219 1071 2280 Fieldio
1094 2218 1201 2292 editae,
1230 2219 1340 2282 Theo-

106 2320 203 2382 doreti
226 2320 457 2383 commentarius
480 2322 510 2382 in
525 2321 608 2382 Pauli
630 2319 782 2400 epistolas.
820 2319 904 2391 Quae
918 2337 988 2379 vero
1004 2319 1128 2380 Parisiis
1143 2320 1179 2381 ab
1195 2338 1221 2381 a.
1241 2322 1339 2386 1829.

105 2421 217 2502 prodiit
240 2422 383 2485 Collectio
406 2421 515 2484 selecto
537 2441 580 2483 ss.
609 2422 750 2484 eeclesiae
774 2433 902 2501 potrum
931 2419 1127 2499 complectens
1159 2426 1342 2502 0001101110-

107 2525 184 2585 eiaio
206 2541 300 2604 opero
323 2537 388 2587 tum
409 2524 575 2601 dopmctieo
597 2534 626 2585 et
647 2521 793 2591 morolio,
825 2532 890 2583 tum
917 2520 1106 2602 opolcpetiec
1133 2531 1162 2584 et
1185 2528 1340 2598 croton'o,

106 2623 191 2687 cuius
212 2625 379 2705 plusquam
402 2632 519 2686 centum
543 2633 573 2685 et
593 2624 713 2703 triginta
735 2622 884 2684 volumina
906 2639 975 2683 cura
998 2630 1028 2682 01
1049 2622 1239 2683 01011013.
1256 2623 1341 2686 Cail-

105 2724 153 2789 leu
175 2736 206 2790 et
226 2727 263 2790 ll.
287 2727 322 2790 N.
346 2727 377 2789 S.
401 2724 520 2787 Guillon
548 2726 626 2787 edita
649 2733 728 2797 sunt,
759 2742 793 2785 ea
816 2742 876 2785 non
899 2741 1037 2803 graecum
1059 2730 1182 2797 textum,
1196 2725 1267 2785 ·sed
1290 2725 1340 2788 la·

106 2827 194 2901 tinas,
217 2849 297 2909 quaa
315 2828 486 2901 exstabant,
510 2827 770 2907 interpretationes
792 2826 971 2905 scriptorum
994 2823 1142 2903 origenis,
1170 2825 1340 2902 Athanasii,

106 2925 223 3000 Basilii,
251 2930 386 3008 Gregorii
408 2927 479 2988 Nar.
503 2929 687 3006 aliorumque
708 2926 840 3005 praehet.
884 2926 985 3003 Neque
1006 2923 1096 2986 altera
1117 2925 1253 2986 collectio
1275 2925 1338 2988 Pa-

106 3024 255 3101 risiensis,
279 3046 353 3106 qnae
376 3026 570 3107 Potrologice
593 3046 704 3089 eureus
728 3025 893 3105 completus
915 3025 1099 3100 inscribitur,
1128 3026 1243 3104 copiam
1266 3028 1341 3090 10011

107 3124 224 3204 legendi
245 3137 345 3207 patres
368 3144 501 3206 graecos,
525 3143 615 3204 quum
631 3122 727 3185 editor
742 3125 806 3187 eius
816 3125 842 3186 J.
855 3125 888 3186 P.
900 3125 996 3203 ldigne
1012 3127 1095 3188 solos
1109 3126 1217 3188 latinos
1233 3135 1339 3207 patres

108 3226 331 3307 scriptoresque
352 3226 571 3290 ecclesiasticos
594 3224 757 3286 secundum
781 3225 968 3287 saeculorum
994 3227 1101 3306 quibus
1125 3228 1262 3289 rireruut
1283 3249 1339 3292 or·

107 3326 206 3388 dinem
230 3327 305 3407 typis
329 3328 428 3390 denuo
451 3326 663 3387 exscribendos
686 3335 783 3388 curet:
807 3327 838 3387 in
852 3346 909 3406 qua
924 3346 1014 3407 opera
1029 3346 1107 3389 nunc
1120 3328 1262 3407 evulgatis
1276 3349 1339 3393 no-

107 3428 227 3507 naginta
249 3429 366 3491 circiter
387 3427 477 3490 tomis
500 3445 595 3507 usque
617 3427 653 3488 ad
676 3428 826 3489 saeculum
849 3446 962 3489 nonum
976 3447 1157 3509 progressus
1172 3437 1228 3492 est.
1266 3432 1339 3505 Quo

108 3526 198 3607 igitur
219 3530 348 3592 rariores
372 3536 443 3591 sunt
463 3528 611 3590 editiones
640 3529 820 3607 scripturum
843 3547 918 3608 quos
942 3530 1091 3591 nominari
1119 3537 1149 3592 et
1170 3532 1339 3610 pretiosio-

106 3645 168 3701 res,
190 3648 276 3708 qnam
299 3640 332 3692 ut
353 3650 370 3692 a
390 3630 542 3710 plerisque
564 3648 678 3702 eorum,
701 3630 751 3709 qui
774 3630 984 3692 accuratiorem
1007 3631 1177 3711 dogmatum
1198 3633 1340 3697 notitiam

107 3728 182 3808 ipsis
198 3749 231 3790 er
248 3731 378 3793 lontibus
394 3730 513 3794 haurire
534 3730 634 3803 101101,
656 3731 768 3811 acquiri
789 3731 908 3811 possint
929 3731 975 3793 rel
989 3732 1134 3812 conquiri,
1158 3741 1186 3793 et
1201 3751 1261 3811 quo
1276 3736 1339 3797 mi·

107 3847 165 3891 nus
188 3831 251 3891 lieri
274 3850 402 3913 unquam
424 3839 533 3912 potest,
556 3840 590 3892 ut
611 3850 715 3912 magna
730 3833 879 3894 volumina
893 3851 984 3912 parvo
999 3833 1187 3894 venditentur
1202 3843 1232 3895 et
1246 3835 1339 3899 latius

109 3930 305 4010 divulgantur,
329 3952 364 3994 eo
381 3933 497 4012 aegrius
512 3931 634 3994 ierimus
650 3952 688 3994 ne
709 3933 854 3996 delectum
876 3933 995 4012 quidem
1015 3933 1159 3995 1111011101
1180 3936 1341 4013 potiorum

108 4031 277 4093 institutum
293 4051 370 4105 esso,
392 4034 442 4114 qni
454 4033 635 4094 desiderium
647 4035 830 4114 integrorum
842 4052 966 4114 operum
977 4034 1194 4114 propemodum
1206 4037 1338 4116 expleat.

108 4131 150 4193 hc
163 4133 297 4210 proiecto
314 4135 413 4196 mirari
433 4134 512 4207 licet,
534 4135 613 4213 quod
628 4133 766 4197 inter'tot
780 4137 860 4198 viros
876 4136 993 4208 doctos,
1015 4137 1065 4214 qui
1081 4137 1111 4196 in
1132 4136 1254 4216 scriptis
1279 4157 1338 4218 pa-

111 4239 189 4293 trum
202 4232 238 4294 ad
252 4234 483 4312 frequentiorem
500 4245 529 4296 ct
544 4235 707 4297 laciliorem
722 4255 810 4298 usum
826 4236 1041 4298 transferendis
1065 4255 1186 4316 operam
1203 4238 1339 4303 colloca·

111 4341 225 4406 rerunt,
241 4336 329 4394 nemo
345 4336 381 4396 ad
393 4335 450 4395 lios
463 4335 531 4397 lidei
544 4336 727 4398 orthodoxae
741 4346 841 4417 patres
856 4356 890 4399 ac
906 4346 1044 4411 statores,
1060 4356 1186 4417 qnorum
1202 4351 1340 4404 sanctam

109 4431 263 4496 cohortem
279 4435 360 4498 ducit
372 4436 561 4512 Athanasius,
576 4437 685 4501 claudit
697 4438 829 4501 loannes
845 4438 1055 4514 Damascenns,
1071 4439 1202 4502 animum
1218 4441 1339 4506 videtur
