2948 5092
538 248 646 318 osirin
662 273 699 317 iv.
717 272 982 318 eunominianos.
1083 238 1086 243 ’
1291 258 1354 325 039

124 427 222 490 rideri
244 427 373 488 declarat
395 426 556 505 Scriptura,
580 444 636 486 uec
657 424 727 487 item
750 424 877 485 muudus
900 444 954 504 per
978 425 1115 498 Verbum,
1139 427 1191 487 sed
1213 418 1267 506 per
1284 427 1440 489 uni-m

124 530 262 610 genitum
278 529 382 589 Filium
398 528 496 589 salvus
515 528 579 589 lieri
595 527 711 613 dicitur.
756 527 897 606 Namque,
920 527 1025 607 inquit.
1049 529 1122 589 dixit
1136 529 1234 590 lesus:
1261 529 1354 595 Toeto

123 645 264 712 tempore
285 631 438 692 vobiscum
461 649 542 701 sum,
574 641 604 692 et
625 647 687 691 non
709 632 878 708 consenuisti
896 647 957 700 me,
991 627 1152 710 Philippei)
1198 632 1261 704 Qui
1280 632 1441 694 viditutss.

123 752 190 804 me,
219 735 295 795 cidit
316 731 448 794 Putrem.
492 731 554 793 Nec
576 731 663 793 etiam
686 750 702 791 a
725 729 836 802 Verbo,
866 731 919 791 sed
942 749 957 791 a
980 730 1054 792 Filio
1077 733 1192 793 Patrem
1216 732 1355 810 cognosci
1442 787 1446 798 .

122 836 267 915 legimus:
290 834 333 894 uti
355 852 409 894 uec
431 832 557 894 Verbum
581 832 679 893 videre
703 831 817 893 Patrem
841 831 956 906 dicitur,
981 833 1033 894 sed
1056 833 1226 913 unigenitus
1249 833 1352 908 Filius,

125 938 179 1018 qui
203 945 249 998 est
271 937 301 996 in
323 935 389 996 sinu
413 934 517 996 Patris.

213 1142 264 1203 at.
304 1138 421 1217 'Ecquid
448 1156 540 1217 porro
566 1136 694 1198 Verbum
726 1137 762 1198 ad
784 1145 922 1198 'nostram
951 1136 1073 1198 salutem
1103 1137 1228 1218 amplius
1256 1137 1354 1217 possit

123 1244 281 1315 conferre,
311 1259 397 1319 quam
419 1239 527 1311 Filius,
557 1239 583 1299 si
607 1257 729 1317 nempe,
757 1246 790 1299 ut
818 1238 1013 1312 arbitrantur,
1042 1239 1116 1300 alius
1144 1248 1190 1301 est
1211 1238 1301 1301 Filius
1324 1248 1353 1302 et

123 1345 207 1408 aliud
229 1340 379 1405 vernant
423 1341 485 1402 Nos
508 1341 586 1401 enim
608 1359 669 1400 non
692 1339 721 1401 in
744 1340 883 1414 Verbum,
907 1340 1010 1402 sedin
1033 1342 1138 1403 Filium
1162 1342 1282 1402 credere
1304 1340 1352 1404 iu·

122 1449 248 1520 bemnr,
277 1453 311 1506 ut
331 1445 457 1505 loannes
485 1443 532 1504 bis
556 1441 657 1503 Verbis
688 1441 830 1505 declarat:
863 1443 925 1516 Qui
945 1424 1040 1505 credit
1060 1447 1092 1505 in
1114 1443 1238 1514 Filium,
1267 1444 1355 1506 tates

123 1555 412 1619 altamcumbam
437 1550 489 1628 pai
509 1556 607 1606 nutem
631 1543 709 1607 Filio
730 1563 793 1607 non
816 1547 919 1615 credit,
942 1564 1006 1607 non
1027 1546 1137 1634 uidebit
1154 1551 1257 1609 uitam.
1301 1545 1352 1607 ln·

122 1669 220 1731 super
240 1659 373 1710 sanetum
396 1647 559 1727 Baptisma,
588 1646 618 1706 in
647 1664 706 1725 quo
735 1646 827 1708 totius
856 1655 976 1708 nostrae
999 1647 1067 1708 lidei
1090 1648 1186 1728 posita
1211 1656 1257 1708 est
1278 1664 1353 1708 con-

121 1752 259 1824 stitutio,
288 1769 350 1812 uon
372 1751 400 1811 in
424 1748 567 1821 Verbum,
596 1749 648 1809 sed
671 1749 701 1808 iu
723 1749 839 1810 Patrem
863 1757 893 1810 et
915 1749 1023 1811 Filium
1047 1758 1077 1811 et
1099 1759 1234 1810 sanetum
1256 1749 1353 1827 Spiri·
1377 1813 1382 1827 ¹

122 1862 189 1916 tum
211 1853 306 1914 datur.
352 1851 540 1930 Quapropter
570 1850 595 1911 si
627 1849 788 1910 secuudum
810 1850 878 1911 illos
901 1851 979 1912 aliud
1005 1860 1053 1911 est
1076 1850 1203 1911 Verbum
1227 1858 1263 1939 ει
1277 1850 1353 1913 alius

121 1954 229 2026 Filius,
252 1972 307 2014 nee
328 1953 456 2014 Verbum
479 1961 524 2012 est
546 1951 651 2024 Vilius3
681 1952 754 2012 nibil
777 1970 849 2013 saue
871 1952 907 2013 ad
933 1952 1063 2013 Verbum
1086 1953 1235 2033 Baptisma
1257 1951 1352 2032 perti·

122 2064 187 2118 net.
240 2054 397 2127 Quomodo
431 2054 519 2133 igitur
548 2053 674 2114 Verbum
703 2054 869 2115 secuudum
903 2053 969 2116 illos
998 2074 1055 2116 una
1084 2064 1131 2116 est
1160 2074 1226 2116 cum
1256 2056 1351 2126 Patre,

122 2177 193 2221 cum
216 2157 247 2217 in
269 2155 411 2235 baptismi
434 2156 593 2216 donatione
616 2175 673 2216 uua
697 2173 763 2216 oum
786 2175 822 2217 eo
845 2155 987 2218 nonsit?
1031 2158 1067 2219 At
1087 2159 1163 2218 lorte
1177 2155 1353 2235 responsuri

122 2270 211 2332 snut,
240 2259 367 2319 Verbum
398 2259 427 2318 iu
450 2259 545 2319 Patris
578 2259 698 2319 nomine
721 2259 875 2320 contineri.
921 2260 1033 2332 Quidni
1056 2278 1126 2337 ergo
1149 2267 1179 2320 et
1200 2255 1352 2337 Spiritus?

120 2363 168 2425 du
198 2379 267 2422 vero
297 2360 378 2420 ertia
400 2360 516 2420 Patrem
547 2356 647 2421 existit
670 2358 823 2441 Spiritus?
867 2360 980 2422 Deinde
1012 2361 1036 2422 si
1061 2360 1187 2421 Verbum
1217 2379 1277 2420 nou
1308 2367 1356 2420 est

121 2464 227 2534 Vilius,
250 2463 341 2522 bomo
365 2461 453 2539 igitur
474 2461 553 2540 post‘
565 2461 681 2525 Patrem
696 2453 901 2541 ¹nominandus
925 2463 990 2533 erit,
1015 2470 1044 2521 et
1059 2461 1187 2540 Spiritus
1210 2468 1279 2539 post
1294 2461 1351 2521 ho·

120 2566 246 2637 minem,
268 2583 324 2624 nec
346 2563 408 2623 iam
424 2563 526 2624 Unitas
550 2582 585 2623 ex
607 2564 725 2625 illorum
744 2564 892 2625 sententia
914 2563 944 2623 in
967 2563 1141 2624 Trinitatem
1165 2562 1342 2651 dilatabitur,

121 2668 177 2730 sed
200 2667 230 2728 iu
252 2664 491 2745 quaternitatem,
520 2683 627 2743 nempe
648 2664 678 2726 in
700 2656 834 2739 Patrem,
857 2665 998 2739 Verbum,
1021 2665 1125 2727 Filium
1150 2673 1179 2725 et
1200 2665 1342 2743 Spiritum

120 2778 267 2832 sanctum.
311 2768 418 2827 Verum
442 2766 489 2827 bic
511 2784 564 2827 eos
584 2765 683 2845 pudor
704 2766 733 2826 in
756 2765 833 2842 aliud
854 2767 934 2844 cogit
955 2768 1112 2844 coningere
1128 2765 1341 2827 diverticulum.

120 2871 214 2931 Aiunt
242 2869 343 2947 igitur,
378 2876 439 2927 nou
469 2868 618 2927 bominem
649 2886 803 2938 seorsum,
838 2886 924 2946 quem
955 2868 1080 2946 gestarit
1101 2867 1261 2941 Dominus,
1296 2869 1349 2930 sed

121 2981 299 3050 utrumqne,
324 2970 450 3031 Verbum
474 2970 586 3030 seilicet
608 2977 638 3029 et
660 2969 831 3040 bominem,
855 2988 924 3029 esse
947 2970 1070 3042 Filium3
1094 2970 1180 3030 ambo
1203 2972 1281 3032 enim
1305 2972 1350 3032 si-

120 3073 184 3135 mul
208 3072 386 3161 coniuncti,¹
404 3081 435 3131 ut
464 3071 615 3149 inquiunt,
646 3071 737 3131 Filius
767 3071 937 3150 appellatur.
983 3071 1056 3144 Quis
1085 3074 1173 3151 igitur
1195 3072 1349 3133 amborum

121 3195 213 3240 causa
237 3175 355 3237 alterius
379 3172 450 3234 est?
496 3174 566 3234 Uter
594 3183 693 3234 utrum
728 3173 825 3235 ellecit
847 3172 975 3234 Filium?
1020 3175 1069 3235 Vel
1097 3184 1130 3235 ut
1156 3174 1273 3252 planius
1301 3174 1348 3234 lo-

121 3297 213 3359 quar,
242 3295 312 3338 num
335 3276 462 3336 Verbum
486 3276 576 3337 Vilius
600 3285 646 3335 est
667 3283 791 3356 propter
812 3294 946 3349 earnem,
974 3296 1010 3337 an
1038 3296 1107 3337 vero
1136 3295 1205 3337 earo
1228 3284 1350 3355 propter

122 3378 253 3439 Verbum
275 3377 366 3437 Filius
390 3375 519 3437 dicitur‘.l
564 3380 646 3438 Anne
668 3377 768 3457 potius
791 3385 930 3439 neutrum
954 3378 1035 3439 alteri
1059 3398 1147 3440 causa
1171 3388 1215 3439 est
1230 3378 1349 3439 curFi-

120 3481 181 3542 lius
211 3479 389 3558 appelletur,
424 3479 475 3538 sed
505 3479 588 3540 solus
612 3479 766 3541 amborum
794 3478 1000 3558 congressus?
1045 3480 1132 3554 Quod
1161 3482 1187 3542 si
1220 3481 1348 3542 Verbum

120 3588 247 3661 propter
268 3599 385 3640 earnem
407 3580 511 3639 Filium
546 3599 615 3641 esse
638 3581 863 3665 respondppint,
893 3591 973 3643 certe
1000 3601 1118 3644 earnem
1146 3583 1252 3644 Filium
1282 3602 1349 3644 esse
1464 3583 1469 3593 '

121 3700 248 3743 necesse
271 3691 332 3751 est,
360 3701 418 3760 quo
449 3701 484 3741 er
506 3700 653 3761 responso
677 3668 784 3744 omnia¹
797 3682 845 3743 illa
867 3683 994 3745 absurda
1016 3696 1250 3764 consequentur,
1274 3704 1348 3763 quae

122 3803 158 3844 ex
183 3782 301 3843 illorum
330 3783 469 3861 superius
498 3783 608 3845 dictum
637 3795 684 3844 est
705 3782 778 3845 oriri
801 3787 962 3855 sententia,
992 3785 1042 3865 qui
1069 3788 1220 3848 bominem
1242 3786 1348 3848 Filium

122 3904 191 3946 esse
220 3886 376 3945 affirmant.
421 3883 453 3944 Si
481 3902 551 3944 vero
579 3894 703 3963 propter
730 3885 858 3947 Verbum
887 3906 955 3947 caro
983 3887 1074 3950 Filius
1104 3889 1225 3960 dicitur,
1260 3888 1350 3966 igitur

121 3986 251 4048 Verbum
275 3987 362 4047 etiam
384 3994 452 4046 ante
476 4005 592 4047 earnem
615 3986 706 4048 Filius
729 3998 801 4049 erat
846 3989 983 4068 Numqui
1007 3991 1070 4051 lieri
1092 3998 1201 4069 potest,
1225 3997 1257 4050 ut
1271 3990 1347 4050 alios

121 4089 173 4149 ille
195 4088 272 4148 [ilios
296 4089 412 4160 reddat,
443 4087 492 4167 qui
515 4088 578 4167 ipse
602 4089 677 4148 lilius
700 4109 759 4152 non
783 4101 843 4161 est,
873 4093 1046 4169 praesertim
1070 4092 1156 4152 Patre
1179 4089 1347 4151 existente?

120 4191 260 4253 Proiecto
284 4190 310 4250 si
334 4190 390 4250 sibi
413 4191 476 4270 ipse
498 4190 575 4252 lilios
600 4191 697 4265 ellicit,
721 4192 809 4253 Pater
828 4192 970 4253 dicendus
993 4203 1049 4266 est,
1073 4193 1099 4253 si
1114 4191 1203 4264 Patri,
1227 4191 1290 4270 ipse
1307 4192 1347 4253 sit

117 4378 214 4432 addunt
238 4373 285 4426 καὶ
310 4369 408 4442 λόγον,
437 4378 501 4442 quod
528 4377 569 4427 alii
601 4387 624 4428 et
653 4379 709 4428 editi
762 4380 795 4429 tio
814 4379 931 4430 Commel.
949 4370 1013 4446 ἄρα.

118 4449 243 4500 omittunt.
451 4498 461 4523 ¹
690 4514 695 4522 .
769 4449 813 4527 tt.
833 4448 1081 4511 stenopetsegner.
1117 4447 1144 4497 lu
1162 4446 1216 4496 aliis
1233 4454 1257 4496 et
1275 4447 1345 4498 editis

155 4529 178 4566 ο.
195 4514 269 4567 hail.
287 4522 312 4565 et
329 4513 426 4566 Goblcr.
445 4527 507 4579 αρα.
534 4514 613 4564 Ceteri
625 4522 648 4564 et
658 4514 710 4564 edi·
762 4531 778 4573 η
797 4516 873 4566 deest.
