2948 5092
15 39 102 167 l

194 247 236 308 54
595 258 622 301 ο.
636 256 789 301 nmen
803 257 1029 301 ικοοιεοιεοοοι

109 426 186 473 ενοι
169 415 330 533 οηργίας
355 408 450 529 χάριν
471 410 529 492 τῆς
551 404 644 490 παρά
666 407 749 472 θεοῦ
771 410 944 492 γενομένης
966 400 1054 471 ταῦτ’
1080 406 1203 493 ε’ίρηκε,
1226 409 1280 474 καί
1305 402 1344 474 οό
1368 410 1428 475 δια

193 511 233 578 τὸ
256 506 342 578 εἶναι
362 509 417 576 καὶ
439 507 481 575 τὰ
502 506 622 586 πάντα,
647 501 692 585 ῶς
715 502 843 572 ἔστιν’
826 530 844 572 ο
866 506 938 585 υίὸς
960 505 995 573 ἐκ
1016 509 1074 573 τοῦ
1097 508 1234 594 πατρός.
1272 507 1348 578 ούτε
1363 511 1427 632 γάρ

193 613 237 682 τὰ
258 612 369 680 πάντα
391 607 436 690 ῶς
459 605 477 676 5
499 608 579 688 υἱός,
603 606 679 674 οότε
702 602 719 672 5
742 605 839 694 λόγος
861 603 909 687 είς
929 611 997 675 τῶν
1019 607 1154 676 πάντων
1170 609 1257 676 ἐστι’
1280 612 1426 734 τῶνγὰρ

193 714 331 782 πάντων
358 712 469 798 κύριος
498 713 551 777 καλ
581 707 820 796 όημιοοργόςέ
822 732 885 775 στι.
931 709 988 775 διὰ
1016 713 1114 776 τοῦτο
1142 709 1203 797 γάρ
1225 709 1321 778 καί(
1302 740 1322 802 η
1347 709 1426 800 άγία

195 815 334 895 σύνοδος
356 814 545 899 λευκότερον
568 812 693 898 εἴρηκεν
715 809 750 877 έκ
770 814 828 896 τῆς
850 807 966 890 οὐσίας
988 805 1088 879 αύτὸν
1111 807 1266 880 είναιτοῶ
1284 815 1422 901 πατρός,

194 919 251 986 ἵνα
272 921 326 986 καί
350 915 449 995 ἀλλος
470 915 564 999 παρὰ
584 912 643 999 τὴν
664 915 731 979 τῶν
752 916 895 1000 γενητῶν
918 912 1019 1000 φύσιν
1042 908 1172 999 όλόγος
1188 910 1426 985 είναιπιστευ-

193 1023 258 1108 θῇ,
287 1018 389 1104 μόνος
418 1011 463 1083 ῶν
493 1010 629 1103 άληθῶς
658 1013 693 1080 ἐκ
720 1017 778 1079 τοῦ
801 1018 901 1094 θεοῦ,
930 1017 984 1081 καὶ
1006 1021 1122 1099 μηκέτι
1142 1015 1317 1104 πρόφασις
1338 1020 1425 1106 πρὸς

194 1115 324 1210 ἀπάτην
346 1117 659 1206 Ιύπολειφθήσηται
680 1126 752 1195 τοῖς
774 1111 941 1202 ἀσεβοῦσι
979 1119 1056 1204 περὶ
1078 1119 1139 1202 μὲν
1161 1108 1294 1185 οὖντοῦ
1309 1120 1424 1209 γεγρά-

194 1230 286 1312 φθαι
307 1223 343 1290 ἐκ
364 1226 422 1311 τῆς
445 1215 561 1298 οὐσίας
582 1214 601 1283 ό
626 1217 798 1305 πρόφασις
820 1215 911 1306 αὕτη.

279 1333 330 1394 20.
379 1325 454 1389 Τῶν
476 1323 513 1389 δὲ
536 1318 730 1388 ἐπισκόπων
752 1319 855 1387 πάλιν
879 1319 1055 1405 λεγόντων,
1087 1321 1155 1388 δεῖν
1176 1324 1345 1409 γραφῆναι
1368 1322 1426 1389 δύ-

194 1451 292 1511 ναμιν
316 1419 485 1511 ἀληθινὴν
507 1424 560 1489 καλ
585 1420 695 1488 εἰκόνα
715 1425 774 1487 τοῦ
797 1420 924 1507 πατρὸς
945 1421 1003 1489 τὸν
1027 1421 1139 1508 λόγον,
1170 1419 1288 1506 ὅμοιόν
1310 1448 1347 1490 τε
1369 1429 1422 1490 καὶ

195 1522 450 1613 ἀπαράλλακτον
473 1519 572 1590 αὐτὸν
593 1522 677 1589 κατά
698 1521 810 1590 πάντα
831 1526 878 1609 τῷ
901 1527 1004 1610 πατρὶ
1027 1527 1081 1590 καὶ
1104 1522 1268 1609 ἄτρεπτον
1289 1527 1344 1591 καλ
1372 1520 1423 1592 ἀεὶ

193 1631 248 1694 καί
277 1626 312 1695 ἐν
340 1621 429 1713 αὐτῷ
460 1621 545 1692 εἶναι
567 1620 783 1719 άδιαιρέτωςῇ
804 1619 965 1692 οὐδέποτε
985 1625 1047 1712 γάρ
1070 1621 1128 1692 οὐκ
1149 1616 1203 1712 ἦν,
1235 1622 1321 1692 ἀλλὰ
1342 1615 1382 1712 ἦν
1404 1622 1423 1692 5

193 1729 290 1814 λόγος
313 1723 374 1808 ἀεί,
398 1723 555 1812 ὑπάρχων
576 1722 692 1804 άῑδίως
713 1725 807 1811 παρὰ
822 1730 868 1814 τῷ
884 1733 997 1813 πατρί,
1022 1724 1066 1806 ῶς
1079 1722 1282 1813 ἀπαύγασμα
1293 1728 1423 1816 φωτός·

195 1831 228 1896 οί
250 1833 328 1915 περὶ
346 1824 506 1913 Εόσέβιον
529 1823 694 1914 ἠνείχοντο
716 1830 776 1912 μὲν
798 1827 842 1914 μὴ
865 1831 1050 1913 τολμῶντες
1072 1825 1260 1915 ἀντιλέγειν,
1286 1829 1344 1897 διὰ
1363 1830 1423 1919 τὴν

193 1931 362 2019 αἰσχύνην,
394 1930 434 2019 ἣν
461 1926 547 2014 είχον
576 1925 626 2018 ἐφ’
657 1925 708 2008 οἶς
729 1925 951 2017 ἠλέγχθησαν·
980 1930 1237 2019 κατελήφθησαν
1261 1932 1299 1997 δέ
1320 1931 1423 1999 πάλιν

191 2032 279 2119 πρὸς
307 2032 442 2125 ἑαυτοὺς
463 2032 720 2117 τονθορύζοντες
741 2034 794 2097 καὶ
819 2031 1024 2111 διανεύοντες
1046 2043 1118 2112 τοῖς
1140 2028 1344 2120 ὀφθαλμοῖς,
1370 2029 1422 2099 ὅτι

191 2138 246 2201 καί
269 2136 307 2200 τό
331 2131 447 2219 όμοιον
472 2137 526 2199 καί
548 2132 587 2198 τὸ
611 2128 661 2199 ἀεὶ
673 2135 727 2198 καί
739 2132 778 2197 τὸ
790 2135 848 2218 τῆς
861 2133 1029 2218 δυνάμεως
1042 2132 1147 2218 ὄνομα
1160 2137 1215 2200 καὶ
1230 2132 1269 2199 τὸ
1285 2133 1320 2201 ἐν
1333 2129 1423 2220 αύτῷ

193 2237 287 2303 κοινὰ
309 2236 411 2303 πάλιν
435 2235 504 2302 ἐστὶ
527 2233 613 2320 πρὸς
634 2230 720 2320 ἡμᾶς
743 2237 796 2300 καὶ
819 2234 876 2300 τὸν
899 2234 986 2315 υίόν,
1011 2238 1063 2302 καλ
1088 2231 1182 2302 οὐδὲν
1206 2237 1324 2302 λυπεῖν
1346 2235 1424 2302 τού-

192 2363 264 2418 τοις
285 2335 371 2425 ῆμᾶς
393 2343 600 2404 συνθέσθαι·
623 2334 744 2431 τὸμὲν
768 2332 893 2421 ὅμοιον,
918 2334 973 2404 ὅτι
994 2340 1047 2403 καὶ
1070 2339 1147 2422 περί
1170 2332 1262 2424 ἡμῶν
1278 2336 1422 2426 ἐγράφη·

193 2439 288 2507 εἷκῶν
311 2439 400 2505 ἐστιν
424 2434 441 2503 5
466 2436 649 2524 ἄνθρωπος
670 2437 727 2503 καὶ
749 2438 830 2517 δόξα
851 2443 935 2506 θεοῦ
958 2435 1138 2524 όπάρχει’),
1162 2437 1200 2504 τό
1224 2439 1259 2504 δέ
1283 2433 1345 2518 ἀεί,
1371 2434 1424 2504 ότι

191 2546 390 2627 γέγραπται·
414 2534 464 2606 άεί
486 2538 548 2625 γάρ
571 2535 666 2624 ἡμεῖς
688 2541 720 2605 οἱ
744 2541 900 2621 ζῶντεςλ),
923 2541 962 2607 τό
986 2543 1022 2607 δὲ
1044 2540 1078 2608 έν
1101 2535 1205 2627 αὐτῷ,
1231 2536 1284 2606 ότι
1307 2539 1341 2607 έν
1364 2535 1425 2606 αό-

191 2646 239 2729 τηλ
262 2643 365 2727 ζῶμεν
387 2645 441 2707 καὶ
464 2640 648 2725 κινούμεθα
670 2648 725 2707 καί
747 2641 882 2725 ἓσμενθ),
905 2645 959 2708 καλ
982 2641 1020 2708 τὸ
1044 2640 1208 2727 ἄτρεπτον
1232 2641 1277 2722 δέ,
1303 2637 1356 2708 ότι
1370 2649 1421 2728 γί-

191 2765 353 2830 γραπται·
377 2739 471 2810 οόδίν
493 2739 579 2829 ἡμᾶς
599 2741 736 2828 χωρίσει
759 2738 828 2809 ἀπὸ
843 2747 901 2831 τῆς
917 2740 1046 2830 ἀγάπης
1061 2747 1119 2809 τοῦ
1135 2747 1285 2828 Χριστοῦ
1293 2748 1326 2824 ⁴),
1344 2747 1423 2830 περὶ

193 2847 229 2912 δὲ
261 2851 319 2931 τῆς
348 2846 531 2930 δυνάμεως,
567 2842 620 2912 ότι
635 2848 703 2919 Ικαλ
733 2841 751 2932 5
774 2844 887 2929 κάμπη
910 2849 963 2912 καί
988 2841 1006 2910 5
1027 2849 1167 2930 βροῦχος
1188 2847 1248 2929 μὲν
1272 2847 1424 2930 λέγονται

193 2946 330 3030 δύναμις
341 2949 394 3012 καὶ
408 2946 544 3031 δύναμις
554 2947 676 3034 μεγάλη
685 2952 718 3028 ³),
734 2946 896 3027 πολλάκις
908 2948 942 3015 δὲ
959 2950 1035 3033 περὶ
1051 2951 1110 3012 τοῦ
1125 2948 1207 3012 λαοῦ
1222 2953 1416 3033 γέγραπται,

193 3043 319 3136 ῶςπερ·
349 3048 469 3169 ἐξῆλθε
498 3053 593 3116 πᾶσα
622 3045 641 3135 5
670 3050 807 3133 δύναμις
835 3059 948 3135 κυρίου
972 3050 1006 3117 έκ
1027 3053 1085 3138 γῆς
1106 3049 1332 3134 Αίγύπτουῧ),
1367 3053 1421 3115 καὶ

192 3145 292 3215 ἀλλαι
314 3145 407 3216 δέ’
372 3156 487 3235 οορανί
487 3175 523 3216 αι
545 3149 699 3234 δυνάμεις
722 3151 803 3217 εἰσί·
826 3149 937 3236 κύριος
957 3150 1028 3236 γάρ,
1053 3147 1145 3238 φησί,
1169 3153 1234 3216 τῶν
1250 3149 1423 3272 δυνάμεων

191 3246 268 3335 μεθ
292 3246 401 3337 ἡμῶν·
432 3246 682 3338 οἰντιλίπτωρῐ
664 3255 757 3337 ημῶν
779 3246 797 3316 5
819 3250 903 3330 θεὸς
922 3248 1074 3373 ’155555
1120 3255 1260 3318 τοιαῦτα
1280 3251 1342 3338 γάρ
1365 3253 1419 3317 καὶ

189 3345 406 3437 Ἀστέριος(
390 3376 408 3418 ο
439 3351 611 3437 λεγόμενος
639 3352 802 3440 σοφιστὴς
823 3378 893 3439 παρ
927 3348 1034 3420 αὐτῶν
1055 3353 1177 3439 μαθὼν
1201 3353 1342 3438 έγραψε,
1367 3378 1423 3418 και

193 3452 260 3537 πρὸ
284 3448 384 3518 αὐτοῦ
408 3454 444 3520 δὲ
459 3451 593 3539 ’Ἀρειος
614 3453 746 3538 μαθών,
771 3451 881 3540 ῶςπερ
904 3455 1040 3540 ει’.ρηται
1087 3449 1155 3520 ἀλλ’
1181 3455 1214 3520 οί
1236 3454 1422 3521 ἐπίσκοποι

104 3556 246 3621 mua)
270 3552 303 3621 ἐν
325 3553 430 3640 τούτῳ
453 3554 683 3643 θεωρήσαντες
704 3554 763 3642 τήν
784 3552 961 3642 όπόκρισιν
983 3555 1123 3636 ἐκείνων,
1146 3552 1236 3622 καλ”
1217 3581 1270 3621 οτι
1283 3554 1368 3621 κατὰ
1381 3553 1420 3620 τὸ

191 3661 412 3741 γεγραμμένον
446 3656 480 3723 ἓν
507 3654 658 3745 καρδίαις
685 3661 751 3724 τῶν
781 3651 909 3743 ἀσεβῶν
938 3656 1035 3737 δόλος
1063 3657 1134 3724 ἐστὶ
1162 3661 1422 3740 τεκταινομένων

190 3756 312 3836 κακά’),
335 3754 591 3845 ἠναγκάσθησαν
613 3760 667 3825 καλ
689 3754 784 3825 αότολ
806 3748 913 3837 αὖθις
930 3769 1123 3846 συναγαγεῖν
1146 3758 1181 3826 ἐκ
1200 3760 1268 3824 τῶν
1282 3760 1422 3845 γραφῶν

190 3856 249 3945 τὴν
272 3857 432 3939 διάνοιαν,
455 3863 509 3942 καὶ
534 3856 619 3946 άπερ
642 3860 805 3946 πρότερον
829 3859 954 3945 ἔλεγον,
978 3864 1082 3927 ταῦτα
1104 3859 1207 3927 πάλιν
1229 3856 1422 3945 λευκότερον

192 3959 300 4026 εἰπεῖν
330 3962 384 4027 καὶ
412 3960 557 4046 γράψαι,
589 3957 766 4046 ὁμοούσιον
797 3956 949 4048 εἶναιτῷ
972 3961 1155 4047 πατρίτὸν
1177 3960 1265 4040 υίόν,
1296 3960 1353 4027 ίνα
1374 3959 1420 4044 μὴ

190 4059 292 4146 μόνον
323 4056 439 4143 ὅμοιον
461 4060 519 4127 τὸν
540 4061 629 4143 υίόν,
661 4057 745 4129 ἀλλὰ
766 4057 886 4128 ταύτδν
907 4067 947 4150 τῇ
972 4059 1131 4148 όμοιῶσει
1153 4062 1187 4130 ἐκ
1207 4065 1266 4127 τοῦ
1289 4059 1423 4145 πατρὸς

192 4157 277 4229 εἶναι
300 4168 495 4247 σημαίνωσι,
518 4166 572 4229 καὶ
596 4162 696 4250 ἀλλην
720 4153 821 4229 οὖσαν
843 4164 901 4250 τὴν
922 4168 981 4230 τοῦ
998 4165 1072 4231 υἱοῦ
1084 4160 1245 4249 ὁμοίωσιν
1257 4166 1311 4229 καί
1323 4159 1419 4250 άτρε-

189 4270 275 4345 ψίαν
303 4263 438 4343 δείξωσι
459 4264 553 4348 παρὰ
574 4264 632 4350 τὴν
655 4264 689 4331 ἐν
709 4260 788 4352 ἡμῖν
811 4267 984 4353 λεγομένην
1005 4273 1159 4354 μίμησιν,
1182 4262 1221 4351 ἣν
1244 4263 1280 4343 ἐξ
1301 4259 1420 4349 ἀρετῆς.

261 4420 284 4481 15
306 4420 402 4470 1.(1οε.
425 4419 506 4477 ΗΛ.
590 4420 615 4476 2)
633 4420 657 4469 2.
677 4421 733 4470 Cor.
752 4421 776 4480 4,
799 4422 837 4471 ll.
916 4421 942 4478 3)
959 4424 1010 4472 λοι.
1031 4423 1069 4483 Π,
1088 4421 1129 4472 28.
1199 4418 1417 4479 4)nom.8‚³5.

191 4486 396 4550 5)1ου1.2,25.
457 4486 482 4548 6)
501 4488 574 4538 Exod.
597 4487 636 4550 12,
654 4488 696 4538 41.
748 4489 774 4551 λ)
793 4490 856 4540 ΡεοΙ.
874 4489 909 4540 46
927 4485 980 4555 [45.
998 4486 1087 4556 ml,
1105 4489 1129 4540 8.
1183 4487 1208 4549 8)
1226 4488 1295 4539 Prov.
1316 4486 1357 4548 12,
1375 4485 1418 4536 2θι
