2934 5078
203 222 265 285 ¹⁷0
415 167 421 178 Ι
546 232 1022 283 ,ωιτιιιιιιιιικεειιειιοοει

116 391 277 473 καιρίαν
298 380 400 470 ῦμιῦν,
423 386 477 451 καὶ
499 372 587 470 ἦλθέ
606 406 666 469 μοι
685 382 771 467 χαρὰ
792 381 886 469 παρὰ
907 384 968 448 τοῦ
989 377 1086 467 άγίυυ
1094 385 1124 462 ¹).
1161 380 1300 470 ’ἐπειδὴ
1323 382 1427 450 δλκαλ

129 559 132 563 ,
201 485 289 573 πρὸς
312 481 481 573 Ἑβραίους
506 485 643 572 γράφων
672 480 691 550 ό
719 480 909 562 ἀπόστολός
938 503 1057 571 φησιν·
1087 481 1125 563 ῦς
1153 477 1200 550 ὢν
1221 477 1426 570 ἀπαύγασμα

100 642 103 648 .
200 591 261 675 τῆς
289 588 386 676 δόξης
406 591 461 655 καί
480 587 643 674 χαρακτὴρ
666 589 724 673 τῆς
745 581 964 664 ὑποστάσεως
985 579 1131 665 αότοῦ’),
1165 583 1292 671 ψάλλει
1313 586 1351 654 δλ
1371 589 1424 653 καλ

203 683 355 774 όΔαβὶδ
376 689 410 758 ἐν
432 692 479 777 τῷ
501 684 709 777 ὀγδοηκοστῷ
731 686 854 775 ἕννάτψ
875 688 1017 774 ψαλμῷ·
1039 690 1093 754 καί
1114 683 1135 775 ἡ
1157 687 1426 774 λαμπρότης-κυ-

201 797 276 877 ρίου
299 791 384 859 ἔστω
405 786 456 879 ἐφ’
480 788 610 878 ἡμᾶς’),
639 796 710 856 καί·
739 788 773 856 έν
795 792 842 876 τῷ
864 795 954 877 φωτί
975 812 1035 856 σου
1057 783 1219 874 όψόμεθα
1240 793 1353 878 φῶς),
1376 797 1426 870 τίς

202 888 308 971 οῦτως
330 892 419 960 ἐστίν
441 888 588 980 ἀνόητος,
612 887 657 971 ιός
679 887 901 978 ἀμφιβάλλειν
922 894 1000 977 περὶ
1022 893 1081 957 τοῦ
1096 886 1147 959 ἀεὶ
1163 887 1250 959 εἶναι
1263 891 1322 958 τόν
1336 891 1425 974 υίόνς

202 992 288 1062 πότε
307 993 369 1080 γάρ
391 1019 442 1073 τις
464 990 531 1062 εἶδε
553 997 626 1081 φῶς
645 995 746 1078 χωρὶς
759 996 818 1081 τῆς
832 996 891 1059 τοῦ
907 987 1168 1079 ἀπαιγάσματυς
1182 992 1423 1082 λαμπρότητος,

117 1094 259 1163 ε.ιιτ.ἱ’να
279 1098 333 1162 καλ
355 1101 432 1183 περὶ
455 1100 513 1162 τοῦ
536 1096 608 1162 υἱοῦ
632 1095 728 1182 είπη·
750 1084 789 1181 ἦν
811 1119 895 1163 ποτε
916 1092 972 1162 ότε
994 1092 1052 1161 οῦκ
1065 1085 1114 1183 ἢν,
1137 1090 1178 1183 ¹³32*
1193 1091 1246 1162 ότι
1260 1097 1342 1182 πρίν
1355 1120 1426 1182 γεν-

202 1201 347 1284 νηθῆναι
370 1192 427 1263 οῦκ
448 1188 505 1283 ἦνς
527 1198 580 1263 καὶ
594 1195 817 1282 τὸλεγόμενον
829 1197 865 1264 δὲ
881 1196 914 1263 όν
929 1199 976 1283 τῷ
992 1196 1157 1283 ἑκατοστῷ
1171 1200 1425 1284 τεσσαρακοστῷ

201 1401 269 1465 τῶν
290 1399 450 1480 αἰώνων)
472 1396 530 1468 οῦκ
552 1399 726 1484 ἐπιτρέπει
747 1399 823 1467 τινὰ
842 1395 903 1487 κᾷν
925 1399 964 1466 τὸ
985 1401 1082 1483 τυχὸν
1104 1400 1271 1488 διάστημα
1293 1403 1427 1488 λογίσα-

203 1505 305 1580 σθαι,
336 1500 370 1568 έν
398 1490 427 1586 ᾧ
453 1500 498 1588 μὴ
527 1497 670 1587 ὑπῆρχεν
693 1497 712 1566 ό
735 1501 840 1586 λόγος.
886 1502 916 1569 εἰ
936 1502 997 1588 γάρ
1020 1506 1089 1569 πᾶν
1111 1502 1278 1590 διάστημα
1300 1503 1335 1571 έν
1356 1514 1427 1583 τοϊς

204 1600 306 1668 αίῶσι
326 1612 525 1688 ομετρεῖται,
549 1604 684 1671 πάντων
706 1604 742 1670 δέ
763 1607 830 1669 τῶν
852 1603 981 1670 αἰώνων
1002 1604 1158 1688 βασιλεῦς
1180 1603 1328 1672 ἐστικαὶ
1350 1629 1431 1691 ποι-ν,

203 1702 283 1789 ητὴς
317 1699 335 1768 ὁ
369 1704 480 1790 λόγος,
515 1699 649 1792 ἀνάγκη,
683 1703 728 1792 μὴ
751 1702 846 1783 ὄντος
867 1700 927 1792 κᾷν
948 1709 1008 1772 τοῦ
1029 1705 1184 1789 τυχόντος
1205 1707 1429 1796 διαστήματος

203 1804 272 1890 πρὸ
295 1801 405 1886 αὐτοῦ,
427 1815 530 1890 μανία
551 1806 590 1873 τὸ
611 1809 733 1892 λέγειν·
755 1797 795 1895 ἦν
817 1830 901 1874 ποτε
923 1805 978 1875 ὅτε
1000 1803 1057 1874 σάκ
1079 1798 1138 1896 “ἧν
1160 1805 1179 1873 ῦ
1201 1808 1352 1890 αἰώνιος,
1374 1812 1427 1876 καὶ

204 1905 241 1986 ἐξ
272 1902 330 1972 οῦκ
363 1905 466 1974 όντων
498 1908 587 1976 ἐστίν
616 1903 634 1973 ὃ
662 1907 742 1987 υἱός.
787 1909 938 1995 λέγοντος
960 1909 1073 1976 δὲκαὶ
1096 1904 1196 1975 αῦτσῦ
1218 1914 1277 1987 τοῦ
1298 1917 1428 1996 κυρίων

204 2006 267 2095 ἐγώ
291 2009 360 2094 είμι
380 2006 400 2098 ἡ
423 2005 605 2096 ἀλήθεια),
629 2013 683 2076 καὶ
705 2004 744 2075 οῦ
760 2010 926 2096 λέγοντος·
950 2010 1104 2096 ἐγενόμην
1119 2007 1272 2099 ἀλήθεια,
1290 2006 1360 2078 ἀλλ’
1378 2006 1427 2079 ἀεὶ

40 2123 44 2130 “
157 2117 163 2125 ’
203 2109 243 2176 τό
272 2110 338 2194 εἰμὶ
367 2113 518 2198 λέγοντος
546 2111 621 2197 (ἐγώ
644 2112 713 2196 εἰμι
735 2108 753 2176 ό
775 2112 946 2200 ποιμήν),
977 2112 1040 2198 ἐγώ
1069 2112 1137 2196 εἶμι
1164 2112 1204 2178 τό
1226 2115 1347 2200 (γεῖς’),
1375 2117 1427 2180 καί

204 2209 323 2277 πάλιν·
348 2207 405 2295 οῦχ
426 2209 520 2296 ὑμεῖς
541 2214 649 2298 λέγετέ
669 2239 711 2298 με
735 2209 752 2279 ό
774 2213 885 2299 κύριος
899 2217 953 2279 καὶ
970 2209 988 2279 ό
1004 2212 1219 2295 διδάσκαλος,·
1252 2214 1308 2281 καὶ
1323 2216 1428 2293 καλῶς

205 2313 324 2398 λέγετε,
348 2314 415 2398 εἷμὶ
438 2313 557 2401 γάρ“)),
586 2323 637 2394 τίς
659 2314 698 2381 τὸ
721 2319 873 2383 τοιοῦτον
895 2312 1023 2382 άκυῦων
1045 2314 1249 2402 ῥῆμαπαρὰ
1268 2320 1354 2382 θεοῦ
1376 2315 1429 2382 καί
1442 2349 1461 2377 ι

205 2421 347 2502 ’σοφίας
373 2414 430 2482 καὶ
457 2416 556 2502 λόγου
581 2417 710 2500 πατρὸς
739 2416 820 2502 περὶ
847 2418 965 2484 ἑαυτοῦ
988 2417 1139 2502 λέγοντος
1168 2415 1219 2482 έτι
1246 2416 1428 2498 διστάξειεν

204 2515 283 2601 περὶ
306 2520 364 2606 τῆς
385 2513 563 2605 ἀληθείας,
596 2518 652 2584 καλ
674 2514 731 2583 οῦκ
753 2513 855 2598 εὐθὺς
876 2519 1065 2599 πιστεύσει,
1100 2514 1154 2584 ὅτι
1175 2517 1210 2584 ἐν
1230 2523 1279 2606 τῷ
1303 2519 1372 2604 είμὶ
1391 2517 1429 2585 τό

204 2611 315 2686 ἀΐδιον
343 2619 458 2686 καὶτὸ
480 2618 548 2705 πρὸ
570 2619 697 2698 παντὸς
719 2620 840 2700 αἰῶνος
861 2618 1002 2707 ἄναρχον
1024 2623 1097 2686 ’τοῦ
1119 2620 1193 2685 υίσῦ
1216 2628 1427 2707 σημαίνεταις

292 2727 341 2788 13.
378 2718 453 2788 Ὅτι
472 2724 533 2806 μὲν
556 2712 613 2788 οῦν
633 2721 673 2788 τὸ
696 2717 805 2788 ἀΐδιον
826 2721 906 2807 περὶ
926 2726 985 2789 τοῦ
1007 2722 1080 2788 υίοῦ
1096 2722 1130 2786 αλ
1145 2722 1271 2809 γραφαὶ
1287 2723 1429 2789 δείκνυν·

203 2846 261 2888 ται
281 2822 445 2907 λέγουσαι,
469 2823 612 2911 φανερὸν
635 2823 756 2891 ἐκτῶν
779 2824 972 2911 εἰρημένων·
996 2820 1049 2890 ὅτι
1071 2824 1107 2890 δέ
1123 2820 1209 2909 άπερ
1225 2829 1429 2911 φθέγγονται

205 2923 238 2991 οἱ
256 2917 425 3008 Ἀρειανοὶ
446 2926 593 3010 λέγοντες
614 2925 653 2991 τὸ
675 2921 733 2991 οῦκ
754 2916 793 3014 ἦν
814 2926 869 2992 καὶ
891 2926 930 2992 τὸ
952 2925 1032 3010 πρὶν
1054 2924 1109 2991 καὶ
1130 2924 1169 2991 τὸ
1192 2921 1256 3005 ὅτε,
1281 2925 1317 2992 αί
1331 2920 1429 2992 αῦταλ

203 3024 331 3111 γραφαὶ
353 3025 519 3111 περὶτῶν
540 3026 727 3111 κτισμάτων
749 3028 890 3112 λέγουσι,
915 3021 1057 3114 δηλώσει
1079 3027 1182 3094 πάλιν
1202 3025 1245 3092 τά
1265 3027 1428 3110 μέλλοντα

204 3126 373 3209 λέγεσθαι.
409 3122 450 3192 ςό
478 3130 539 3208 μὲν
560 3127 621 3213 γάρ
643 3131 775 3216 Μωσῆς
795 3128 875 3214 περὶ
895 3133 953 3215 τῆς
973 3124 1050 3195 καθ’
1073 3124 1160 3216 ἡμᾶς
1179 3133 1338 3213 γενέσεως
1359 3129 1429 3214 διη·

204 3226 362 3312 γοόμενός
384 3249 482 3314 φησι·
505 3226 561 3294 καὶ
582 3232 650 3294 πᾶν
671 3228 798 3314 χλωρὸν
820 3225 920 3315 ἀγροῦ
943 3228 1011 3315 πρὸ
1032 3232 1091 3295 τοῦ
1112 3233 1270 3314 γενέσθαι
1292 3227 1352 3295 έπλ
1373 3232 1429 3314 τῆς

204 3331 278 3414 γῆς·
300 3327 357 3394 καὶ
376 3328 488 3395 πάντα
507 3328 625 3415 χόρτον
648 3325 749 3416 ἀγροῦ
771 3329 840 3416 πρό
858 3335 917 3397 τοῦ
941 3327 1127 3398 ἀνατεῖλαι·
1156 3324 1195 3394 οῦ
1218 3329 1280 3414 γὰρ
1302 3330 1429 3416 ἔβρεξεν

207 3424 226 3495 ῦ
247 3430 331 3507 θεὸς
353 3428 412 3496 ἐπὶ
432 3429 490 3516 τὴν
512 3434 579 3517 γῆν,
602 3429 659 3498 καὶ
680 3429 864 3516 άνθρωπος
886 3427 944 3497 οόκ
965 3422 1005 3516 ἦν
1027 3429 1227 3517 ἐργάζεσθαι
1247 3429 1307 3517 τὴν
1321 3434 1427 3517 γῆν”),

206 3529 263 3596 καὶ
285 3529 319 3596 όν
340 3532 399 3613 μέν
421 3534 468 3618 τῷ
491 3532 744 3619 δεοτερονυμίιμ·
767 3529 824 3600 ὅτε
846 3533 1024 3619 διεμέριζεν
1047 3529 1065 3597 ό
1087 3529 1232 3616 ῦψιστος
1253 3532 1389 3620 έθνηᾞ,
1411 3526 1430 3596 ό

206 3631 244 3698 δὲ
265 3631 376 3717 κύριος
398 3631 454 3699 διὰ
474 3634 534 3718 μέν
556 3634 673 3700 ἑαυτοῦ
697 3634 819 3719 ἔλεγεν·
843 3634 873 3702 εί
894 3629 1064 3719 Ι’ἠγαπάτέ
1083 3659 1135 3718 με,
1159 3632 1293 3721 ἐχάρητε
1315 3628 1357 3700 ἀν
1379 3627 1430 3699 ότι

207 3727 313 3814 εἶπον,
336 3733 522 3818 πορεύομαι
544 3735 630 3821 πρὸς
651 3735 709 3803 τὸν
729 3742 868 3825 πατέρα,
891 3732 947 3804 ότι
970 3731 988 3802 ό
1010 3735 1120 3821 πατὴρ
1133 3735 1254 3819 μείζων
1267 3759 1334 3820 μου
1350 3734 1428 3814 ἐστί,

277 3922 476 3984 nummo.
497 3924 538 3973 ω.
609 3925 635 3984 υ)
654 3926 726 3974 σοι.
747 3927 769 3981 ι.
789 3925 811 3974 3.
870 3905 1206 3990 ε)εω.εο[εε.ἰ,κκ.],
1227 3925 1264 3974 17.
1323 3922 1430 3977 ιιεωι.

192 3986 418 4057 δόματα),
443 3993 480 4042 ιο.
550 3992 656 4049 mvsa.
679 3988 925 4058 ιιεμιιικκ.)
945 3994 984 4043 ω.
1042 3993 1068 4051 ο)
1086 3993 1152 4042 102⁰.
1175 3993 1213 4054 ιι,
1232 3990 1257 4042 ο.
1319 3991 1430 4048 mm.

206 4059 248 4189 ἔψη
267 4060 308 4178 ὲ4
377 4059 403 4120 8)
423 4061 486 4109 loun.
506 4059 530 4121 8,
551 4060 590 4109 12.
659 4057 771 4122 9110211.
792 4061 831 4122 13,
852 4061 890 4110 13.
963 4059 1196 4121 10)δεσει.2,δ.
1274 4058 1429 4120 inventor.

240 4279 262 4312 τ.
281 4262 420 4313 Gohlerian.
446 4269 469 4311 τι
487 4262 591 4311 Felcktn.
613 4263 634 4311 1.
653 4225 745 4321 ἐπειδὴ
763 4257 794 4311 δέ
846 4263 904 4312 Ιιεο]
924 4263 1023 4325 Seguer.
1042 4262 1099 4311 ibid.
1134 4256 1201 4329 ωρλε
1217 4259 1265 4321 τῆς
1282 4259 1333 4310 τοῦ
1348 4251 1430 4309 dnm·

206 4331 299 4379 omisso
321 4323 368 4377 καί
392 4321 406 4377 ῦ
425 4319 578 4382 ἀπόστολος
602 4322 673 4393 πρός
685 4321 793 4393 Ἐμραί-
832 4324 989 4397 4γάσμαπσς
1004 4327 1097 4397 λαμπρ
1116 4343 1202 4390 τητοε.
1221 4330 1392 4410 ,ΩοΙιΙεηίτοστ
1406 4332 1430 4376 εί

207 4393 435 4528 ω
449 4388 794 4533 εελκάωε
844 4393 1429 4534 κελευέτω),ηῐωκευε
