2948 5092
28 223 100 301 ,722
437 234 464 279 ε.
479 233 634 277 ιταιαιεο
649 229 875 274 mammam

0 380 112 455 ι.καθ’
137 380 221 452 αὑτὰ
252 383 294 449 τὰ
327 381 360 448 ίν
387 391 461 458 ταῖς
490 385 604 457 θείαις
631 388 778 465 γραφαῖς
807 380 885 462 περί
916 382 978 445 τοῦ
1002 378 1194 464 πνεύματος
1213 383 1260 447 τοῦ

37 483 131 572 ἀγίου
154 484 321 569 λεγόμενα,
344 481 400 548 καὶ
423 478 467 559 ὡς
491 479 625 564 δόκιμοι
645 479 845 566 τραπεζῖται
867 479 1113 564 διακρίνωμεν,
1138 482 1167 549 εί
1187 482 1262 548 ἴδιόν

35 614 70 655 τι
91 585 177 672 πρὸς
198 584 240 651 τά
261 590 424 666 κτίσματα
447 582 513 665 ἐ’χει
533 581 572 646 τὸ
595 583 727 664 πνεῦμα
749 574 770 666 ἢ
792 580 881 646 ’ίδιον
904 583 965 646 τοῦ
989 584 1079 648 θεοῦ
1100 581 1199 662 ἐστιν,
1218 583 1262 650 ἵνα

35 683 57 776 ἢ
77 694 199 771 κτίσμα
221 680 302 753 αῦτὸ
325 685 481 768 εἴπωμεν,
504 678 526 771 ἢ
549 680 630 748 ἀλλο
652 683 713 766 μὲν
735 684 803 747 τιῦν
824 682 1029 765 κτισμάτων,
1054 683 1148 769 ἰ’διον
1170 684 1263 751 δὲκαὶ

36 792 89 856 ’ἓν
117 792 175 874 τῆς
203 786 237 854 ἐν
265 785 377 873 τριάδι
407 785 578 872 θεότητος.
623 782 707 866 τάχα
734 776 805 870 κᾷν,
825 778 934 862 οῦτως
955 782 1185 871 ξέντραπιῦσι,
1210 811 1263 870 μα-

36 888 157 967 θόντες
186 885 265 955 ῦσον
288 884 413 974 ἀπᾴδει
433 889 499 952 τιῦν
520 891 627 952 θείων
650 886 770 972 λογίων
792 883 835 950 τὰ
856 883 1096 973 ίηιευρηθέντα
1118 881 1195 970 παρ’
1216 881 1263 953 αῦ

36 992 103 1058 τιῦν
125 993 183 1077 τῆς
203 990 413 1075 βλαςφημίας
436 987 575 1074 ῥήματα.

122 1097 173 1157 22.
221 1088 272 1156 Τὰ
292 1094 456 1172 κτίσματα
477 1095 588 1155 τοίνυν
610 1085 647 1166 ἐξ
666 1079 726 1152 οῦκ
746 1084 851 1152 ὄντων
873 1092 1017 1173 γέγονεν,
1042 1083 1151 1178 ἀρχὴν
1166 1092 1263 1175 ἔχοντα

37 1194 96 1259 τοῦ
118 1194 288 1277 γίνεσθαι·
318 1189 352 1256 ἐν
375 1184 455 1276 ἀρχῇ
478 1189 539 1275 γὰρ
563 1188 720 1275 ἐποίησεν
744 1182 761 1253 ὃ
783 1187 867 1266 θεὸς
888 1186 947 1254 τὸν
970 1183 1123 1276 οῦρανὸν
1144 1191 1200 1259 καὶ
1217 1191 1262 1278 τὴν

37 1296 96 1380 γῆν
104 1297 125 1374 ¹)
147 1295 201 1360 καί
214 1289 335 1372 πάντα
356 1288 398 1356 τά
421 1288 455 1356 ἐν
478 1287 601 1368 αὐτοῖς.
641 1289 676 1355 ἐκ
698 1289 735 1356 δὲ
757 1290 816 1354 τοῦ
838 1292 923 1357 θεοῦ
940 1291 1078 1377 λέγεται
1093 1293 1135 1359 τὸ
1149 1297 1264 1378 πνεῦμα

36 1394 76 1462 τὸ
105 1390 215 1480 ἀγιον·
248 1385 356 1469 οὐδεὶς
383 1389 460 1475 γάρ,
490 1397 617 1481 φησίν,
643 1383 715 1457 οἶδε
743 1388 785 1455 τά
813 1392 872 1456 τοῦ
903 1387 1099 1479 ἀνθρώπου
1124 1396 1155 1463 εί
1174 1395 1216 1484 μὴ
1233 1394 1263 1460 τὸ

37 1497 170 1579 πνεῦμα
192 1496 250 1560 τοῦ
274 1487 460 1575 ἀνθρώπου
483 1487 521 1554 τὸ
544 1487 578 1554 ἐν
601 1482 709 1576 αὐτῷ·
733 1486 839 1569 οῦτως
859 1493 914 1558 καὶ
930 1491 973 1560 τά
987 1497 1050 1560 τοῦ
1066 1500 1156 1565 θεοῦ
1172 1494 1264 1575 οάδάς

1 1632 3 1639 ·
38 1590 127 1664 οίδεν
150 1593 245 1679 εἰμὴ
268 1591 306 1658 τὸ
328 1594 459 1675 πνεῦμα
480 1591 539 1656 τοῦ
562 1593 656 1657 θεοῦ.
693 1587 789 1677 ἡμεῖς
812 1592 848 1658 δὲ
870 1588 910 1658 οῦ
932 1593 972 1659 τὸ
994 1599 1137 1682 πνεῦμα
1150 1598 1263 1666 τοῦκό-

37 1720 123 1784 σμου
146 1696 323 1782 ἐλάβομεν,
346 1686 430 1760 ἀλλὰ
452 1690 490 1758 τὸ
511 1692 644 1775 πνεῦμα
665 1691 725 1759 ι’τὸ
748 1691 783 1758 ἐκ
803 1695 862 1759 τοῦ
885 1697 969 1762 θεοῦ
979 1697 1013 1775 ²).
1054 1705 1146 1765 ποία
1167 1705 1263 1766 τοίνυν

38 1797 73 1867 ίκ
100 1801 167 1865 τῶν
195 1799 444 1884 προειρημένων
467 1799 635 1879 συγγένεια
656 1796 703 1881 τῷ
725 1792 892 1877 πνεύματι
912 1794 1001 1882 πρὸς
1023 1797 1069 1864 τὰ
1092 1807 1262 1886 κτίσματος

37 1899 162 1984 τὰμὲν
183 1897 244 1985 γὰρ
267 1902 431 1979 κτίσματα
452 1888 511 1960 οῦκ
532 1883 587 1980 ἦν,
621 1890 699 1961 ὅδὲ
721 1893 804 1973 θεὸς
826 1892 872 1960 ιῦν
895 1894 1002 1977 ἐστιν,
1039 1884 1143 1978 ἔξοῦ
1164 1900 1263 1987 καὶτὸ

36 2004 177 2085 πνεῦμα.
215 1999 254 2065 τὸ
277 1998 312 2065 δὲ
335 1996 369 2064 ἐκ
390 1999 449 2063 τοῦ
471 1997 556 2062 θεοῦ
578 1988 637 2062 οῦκ
658 1989 699 2063 ἀν
722 1996 772 2083 είη
796 1996 831 2064 ἐκ
851 2001 911 2063 τοῦ
932 1997 978 2085 μή
996 1996 1099 2081 ὄντος
1115 1997 1263 2071 οῦδὲκτί·

37 2126 121 2187 σμα,
154 2103 210 2170 ἵνα
235 2095 280 2187 μὴ
311 2092 378 2166 κατ’
403 2098 545 2175 ἐκείνους
572 2099 627 2164 καί
649 2091 685 2163 οδ
714 2096 749 2178 ἐξ
776 2086 815 2164 οῦ
838 2097 911 2166 ἐστι
931 2099 971 2165 τὸ
994 2106 1134 2188 πνεῦμα
1154 2109 1263 2188 κτίσμα

38 2199 124 2272 εἶναι
146 2204 302 2289 ναμισθῇ.
340 2206 391 2279 τίς
413 2188 471 2267 οῦν
492 2202 559 2265 τῶν
574 2197 735 2266 τοιούτων
750 2195 908 2287 ἀφρόνων
919 2195 1090 2285 ἀνέξεται,
1116 2206 1262 2292 λεγόντων

36 2304 94 2374 καί
122 2300 230 2372 αῦτιῦν
259 2303 293 2370 ἐν
314 2303 433 2389 καρδίᾳ
454 2300 498 2388 μὴ
523 2295 608 2369 εἶναι
629 2299 761 2384 θεόν’),
794 2305 849 2370 καί
870 2302 933 2390 γὰρ
955 2302 1006 2371 ‘ei
1030 2300 1147 2392 ὥςπερ
1163 2301 1263 2382 »αῦδεὶς

38 2401 110 2475 οίδε
130 2406 172 2474 τὰ
193 2408 252 2472 τοῦ
276 2399 462 2490 ἀνθρώπου
490 2403 520 2470 εί
540 2402 585 2488 μὴ
607 2401 646 2469 τὸ
667 2406 800 2487 πνεῦμα
821 2403 860 2471 τὸ
883 2404 916 2472 δν
940 2399 1049 2492 αῦτηῖ,
1084 2404 1193 2488 οῦτως
1219 2405 1264 2473 καί

37 2509 80 2577 τά
101 2512 160 2575 τοῦ
182 2509 266 2575 θεοῦ
290 2506 384 2593 εἰμὴ
407 2504 446 2570 τὸ
470 2504 503 2572 ἕν
527 2499 616 2591 αῦτῷ
639 2507 778 2589 πνεῦμα,
803 2508 877 2583 πῶς
891 2501 938 2594 οῦ
963 2506 1141 2595 δῦςφημον
1163 2505 1202 2577 ἀν
1223 2510 1262 2586 εἴτ,

37 2609 143 2696 λέγειν
175 2616 297 2694 κτίσμα
324 2607 363 2673 τὸ
392 2606 425 2674 ἔν
454 2610 501 2692 τῷ
530 2609 603 2691 θεῷ
633 2609 764 2690 πνεῦμα
786 2606 825 2672 τὸ
847 2610 901 2673 καί
923 2606 967 2674 τά
987 2608 1085 2698 βάθη
1111 2615 1172 2678 τοῦ
1191 2612 1263 2678 θεοῦ

38 2709 227 2796 ἒρευνιῦνί),ι
268 2706 461 2793 μαθήσεται
492 2708 553 2795 γάρ
583 2707 617 2774 ἐκ
642 2707 768 2774 τούτων
795 2709 903 2776 εἰπεῖν
933 2704 1135 2792 δτοιοῦτος
1157 2713 1262 2797 τὸμὲν

37 2815 96 2879 τοῦ
119 2810 304 2898 ἀνθρώπου
327 2813 458 2893 πνεῦμα
481 2810 614 2888 ἔξωθεν·
631 2803 731 2876 αῦτοῦ
754 2813 813 2877 τοῦ
837 2804 1024 2897 ἀνθρώπου
1042 2808 1143 2896 εἶναι,
1167 2814 1262 2881 τὸνδὲ

25 2912 73 2982 ,ἐν
99 2919 146 3002 τῷ
175 2915 277 2997 πατρί
307 2912 403 2996 λόγον
426 2905 530 2978 ἐἶναι
558 2918 687 2995 κτίσμα.
732 2908 847 2994 πάλινΙ
863 2938 899 2980 τε
928 2916 1062 2998 πνεῦμα
1092 2912 1262 3002 ἁγιωσύνης

38 3018 93 3083 καὶ
113 3011 381 3090 ’ἀνακαινώσεως
404 3013 475 3109 ἔστι
496 3039 533 3080 τε
554 3011 609 3080 καὶ
631 3014 760 3100 λέγεται
781 3014 819 3079 τὸ
842 3017 989 3097 πνεῦμα·
1020 3016 1149 3105 γράφει
1170 3011 1259 3104 γάρδ

37 3117 188 3193 Παῦλος·
211 3117 269 3179 τοῦ
293 3109 489 3199 ὁρισθέντος
512 3116 584 3181 υἱοῦ
606 3117 691 3182 θεοῦ
714 3115 748 3182 ἐν
772 3114 909 3199 δυνάμει
922 3115 1006 3182 κατὰ
1022 3121 1160 3202 πνεῦμα
1175 3115 1260 3205 ἀγιω

38 3215 140 3300 σῦνης
159 3214 195 3292 ἐξ
216 3211 429 3291 ἀναστάσεως
452 3219 588 3301 νεκριῦν,
616 3210 720 3304 Ἰησοῦ
742 3220 892 3304 Χριστοῦ
915 3220 974 3283 τοῦ
996 3225 1116 3303 κυρίου
1141 3216 1257 3307 ἡγοῖτ’),

37 3313 95 3381 καὶ
121 3314 224 3402 πάλιν
255 3321 374 3401 φησίν·
404 3309 472 3381 ἀλλ’
498 3314 696 3405 ἡγιάσθητε,
727 3314 796 3384 ἀλλ’
822 3318 1046 3406 ἐδικαιώθητε
1069 3319 1106 3386 ἓν
1129 3325 1176 3407 τῷ
1198 3316 1258 3386 ἀνά

35 3440 119 3499 ματι
151 3417 209 3480 τοῦ
242 3421 355 3501 κυρίου
388 3411 481 3502 ἡμῶν
507 3412 610 3505 Ἰησοῦ
632 3422 782 3505 Χριστοῦ
810 3418 866 3485 καὶ
894 3419 928 3486 ἐν
950 3423 996 3506 τῷ
1021 3421 1191 3505 πνεύματι
1210 3421 1256 3487 τοῦ

36 3517 120 3584 θεοῦ
143 3509 278 3600 ἦμιῦν“),
311 3512 366 3582 ὅτε
387 3519 441 3582 καὶ
464 3517 551 3604 πρὸς
577 3526 676 3587 Τίτον
698 3520 836 3608 γράφων
859 3520 981 3606 ἔλεγεν·
1014 3517 1070 3589 ὅτε
1095 3526 1133 3591 δὲ
1155 3522 1256 3612 ἦχρη·

107 3703 323 3765 1>Genes.1,1.
399 3704 424 3764 2)
448 3707 467 3755 1.
487 3707 542 3756 Cor.
562 3706 585 3766 2,
606 3707 645 3755 11.
665 3707 705 3757 12.
783 3708 808 3768 3)
827 3709 889 3759 ΡευΙ.
909 3710 940 3759 11
957 3705 1011 3773 [13.
1032 3709 1124 3778 Ι.ΧΧ.],
1146 3715 1167 3762 1.
1235 3710 1253 3763 1]

37 3770 237 3832 1.c0r.2,10.
309 3773 334 3830 5)
353 3774 421 3821 Rom.
442 3774 464 3833 1,
484 3775 508 3823 4.
578 3774 603 3834 6)
623 3775 645 3823 1.
665 3777 721 3826 Cor.
740 3776 764 3836 6,
787 3777 825 3825 ll.

68 3922 89 3956 ο.
109 3908 149 3956 Sic
166 3907 223 3968 Reg.
238 3908 259 3956 1.
278 3907 376 3969 Seguer.
396 3907 467 3958 Gobl.
486 3908 624 3958 etFelekm.
675 3918 733 3988 ροει
750 3911 784 3960 Re
801 3911 839 3959 ius
858 3910 881 3961 2.
900 3913 936 3961 sic
954 3911 1041 3962 habet:
1067 3907 1081 3960 ὅ
1102 3909 1133 3963 δὲ
1149 3909 1210 3966 θεὸς
1224 3902 1253 3957 ἀι

35 3974 57 4023 1.
93 3965 123 4022 ἕν
140 3977 197 4023 item
216 3975 303 4037 legitur
320 3976 343 4023 in
362 3975 434 4024 ΒοείΙ.
470 3976 549 4024 Ceteri
568 3991 623 4024 vero
675 3988 760 4032 εστιν,
779 3925 873 4033 fni-x
891 3970 1135 4030 ἀνιωντάπιίντα
1146 3992 1252 4047 παραγο-

34 4048 64 4090 et¹
76 4043 131 4119 ηδῖιῖ
152 4034 224 4089 ἴδιον
241 4036 287 4089 καὶ
304 4034 334 4089 ἓν
352 4041 384 4107 τῇ
405 4035 622 4106 άγεννὴτῳῌῖτς.
674 4038 740 4108 γυίν.
761 4036 800 4092 ιῦν
817 4040 885 4102 ἔστι,
905 4041 989 4112 φημὶ,
1008 4041 1040 4104 ἐξ
1057 4032 1090 4098 οῦ
1108 4046 1156 4098 καί
1172 4061 1212 4100 ιιι.

33 4106 58 4158 2.
77 4104 210 4173 ἀγενήτῳ)
228 4103 322 4176 τριάδι
339 4109 387 4168 τῆς
403 4107 542 4169 θεότητος.
753 4139 762 4158 ι
953 4149 958 4158 .

66 4176 91 4227 b.
110 4177 150 4226 Sic
175 4178 230 4238 fleg.
253 4179 275 4229 1.
294 4185 317 4226 ει
334 4177 358 4227 2.
384 4179 483 4241 Seguer.
510 4178 579 4228 Gobl.
600 4186 624 4229 εῑ
709 4161 730 4200 ⁰⁸
749 4160 763 4192 ⁰
783 4147 852 4222 (Μ
870 4163 883 4196 ⁸
903 4148 975 4219 Rem
998 4149 1019 4200 ¹⁴
1040 4159 1064 4200 ⁰²
1082 4151 1183 4214 Smer·

33 4242 185 4303 Felckm.1.‚
204 4245 247 4313 sed
267 4245 365 4295 Gobler.
385 4255 408 4295 ει
427 4246 531 4295 Felckm.
545 4247 566 4295 l.
578 4254 622 4295 οτι.
710 4248 732 4296 d.
752 4247 793 4298 Sic
811 4249 867 4310 Reg.
888 4249 910 4298 1.
929 4250 1030 4312 Seguer.
1051 4253 1123 4303 Gobl.
1142 4262 1164 4302 et
1182 4250 1252 4301 felch-

30 4308 80 4365 ῐοῦ
99 4312 219 4361 omittunt.
255 4313 282 4361 ln
301 4313 355 4362 aliis
373 4321 396 4361 ει
414 4314 519 4363 editione
531 4315 621 4364 Comm.
676 4317 757 4364 manni
783 4316 805 4364 1.
848 4318 926 4366 Ceteri
955 4328 979 4366 ει
1008 4320 1066 4370 edili
1095 4315 1120 4369 εί
1146 4321 1250 4370 abiiciunt

30 4389 79 4425 αοο
99 4378 200 4428 habetur
218 4370 246 4427 ίκ
265 4378 322 4429 τοῦ.
360 4380 419 4429 lbid.
440 4383 496 4443 fleg.
509 4381 532 4432 1.
550 4383 622 4444 Segu.
674 4382 726 4432 Mox
745 4383 816 4433 iidem
837 4393 860 4435 ει
878 4386 934 4447 fleg.
954 4385 979 4435 2Ι
999 4395 1022 4436 ει
1041 4389 1115 4438 ΒιεῖΙ.
1136 4390 1217 4438 haben!
1232 4392 1251 4431 ut

30 4443 128 4495 Gobler.
154 4453 177 4496 ει
200 4443 436 4500 1“ο1ε1ω.’1.ποία
452 4447 510 4499 νῦν.
545 4449 621 4500 Paulo
674 4450 713 4502 hic
737 4459 820 4503 exstat.
855 4453 901 4503 Alii
919 4461 943 4504 ει
960 4455 1018 4506 editi
1043 4458 1157 4508 omittunt
1180 4445 1250 4504 εῦιιιι
