2948 5092
437 264 546 308 omero
560 264 601 306 rr.
617 264 734 319 consur
747 263 881 309 mnus.
1016 278 1020 287 ·
1196 252 1259 317 tot

29 419 114 481 Deris
144 418 314 479 benedictus
344 418 376 475 iu
399 415 536 485 saeculo,
566 433 661 476 umen.
707 414 782 487 Quia
804 432 896 493 porro
920 434 955 475 ex
976 415 1038 476 Deo
1061 417 1140 478 Deus
1162 429 1208 481 est
1229 428 1345 481 steen.

28 519 84 580 Dei
114 516 260 603 Verbum,
276 515 453 594 Sapientia,
486 515 577 576 Filius
609 524 638 575 et
660 515 758 576 Virtus
788 524 835 576 εει
856 516 1008 588 Christus,
1043 519 1152 581 idcireo
1181 539 1259 583 riuus

27 619 111 683 Deus
133 618 164 680 in
187 617 294 678 divinis
317 617 477 696 Scripturis
500 617 703 677 annunciatur.
748 617 822 678 Cum
845 618 924 679 euim
947 618 1075 681 Verbum
1097 621 1185 682 unius
1207 622 1260 684 Dei

28 722 71 783 sit
94 720 184 793 lilius,
207 720 243 779 ad
265 719 346 780 illum
370 718 454 795 euius
478 728 524 778 est
545 719 682 792 retertur,
706 718 745 779 ita
769 727 801 779 ut
822 719 881 780 duo
904 720 1023 799 quidem
1046 721 1107 783 sint
1122 723 1209 796 Pater
1231 733 1261 786 et

28 821 137 894 Filius,
153 820 258 886 =unitas
282 841 351 881 vero
375 820 535 881 divinitatis
559 819 707 881 individua
730 821 770 881 sit
791 821 931 901 nulloque
954 823 1043 883 modo
1067 825 1260 902 separabilis3

12 941 65 985 ,ae
87 904 215 1001 proinde
237 922 393 982 dicendum
416 930 476 995 est,
506 940 598 981 uuum
622 939 689 982 esse
711 921 871 983 divinitatis
893 924 1087 1002 principium,
1118 945 1178 986 uon
1201 927 1260 988 duo

28 1022 195 1103 prinoipia3
224 1024 303 1085 uude
330 1024 451 1102 proprie
480 1031 510 1084 ει
538 1022 708 1084 monarchia
736 1032 793 1085 εει.
836 1024 880 1085 Ex
907 1024 972 1104 ipso
995 1034 1091 1087 autem
1114 1028 1261 1107 principio

29 1125 164 1186 Verbum
186 1126 264 1186 lilius
288 1129 392 1186 natura
415 1125 524 1197 existit,
547 1143 608 1185 non
631 1133 663 1186 ut
684 1125 762 1186 aliud
777 1125 954 1206 principium
969 1147 1024 1207 per
1039 1129 1170 1208 seipsum
1186 1130 1260 1191 sub-

30 1228 165 1299 sistens,
196 1247 292 1307 neque
320 1228 438 1289 aliunde
466 1246 553 1306 quam
583 1246 618 1287 ex
640 1227 705 1306 ipso
728 1246 788 1288 uno
810 1227 955 1308 principio
978 1237 1083 1302 natus,
1112 1250 1150 1292 ne
1172 1231 1261 1310 dyar·

29 1329 130 1390 obiam
154 1337 184 1389 et
204 1330 401 1408 polyareltiam
424 1329 453 1389 id
477 1337 523 1389 est
543 1329 602 1389 duo
625 1328 671 1390 vel
691 1328 775 1407 plura
797 1329 941 1409 principia
963 1331 1118 1393 diversitas
1132 1333 1261 1408 inducat,

29 1432 88 1495 sed
111 1433 201 1494 unius
221 1432 358 1510 principii
381 1432 520 1511 proprius
543 1440 588 1490 est
602 1430 706 1504 Vilius,
728 1431 851 1510 propria
872 1431 1026 1510 sapientia,
1050 1435 1262 1515 propriumque

30 1534 164 1595 Verbum
187 1552 222 1595 ex
244 1552 280 1593 eo
304 1534 445 1594 existens.
490 1533 573 1605 Nam,
597 1540 629 1592 ut
651 1531 739 1592 docet
754 1532 891 1606 loannes,
914 1533 945 1593 in
960 1534 1019 1594 isto
1035 1537 1181 1615 principio
1199 1544 1264 1598 erat

29 1634 182 1707 Verbum,
214 1643 244 1696 et
271 1635 400 1697 Verbum
433 1644 497 1695 erat
529 1633 606 1718 apud
634 1633 738 1694 Deum.
783 1634 862 1694 lleus
891 1634 969 1696 euim
997 1636 1181 1716 principium
1205 1647 1261 1700 est.
1321 1640 1323 1647 ⁴

31 1736 119 1799 Unde
151 1736 221 1815 quia
254 1755 291 1797 ex
320 1737 377 1797 boo
405 1735 549 1815 principio
581 1743 643 1808 est,
676 1734 787 1795 ideireo
818 1735 905 1796 etiam
927 1736 1011 1798 Deus
1034 1746 1101 1799 erut
1127 1739 1261 1802 Verbum.

29 1837 130 1899 Porro
154 1838 400 1917 quemadmodum
425 1856 515 1898 unum
539 1842 585 1898 est
606 1835 786 1916 principium
809 1846 839 1897 et
860 1838 986 1916 proinde
1009 1857 1086 1900 unus
1109 1840 1199 1913 lleus,
1222 1841 1285 1906 ita'

31 1959 110 2020 quae
132 1940 288 2001 uerissime
310 1949 357 2001 est
379 1939 510 2000 essentia
532 1947 562 1999 et
583 1938 758 2012 substantia,
783 1957 840 1999 una
857 1947 903 2000 est
918 1958 993 2018 quae
1008 1940 1094 2001 dicit:
1117 1943 1179 2022 liqo
1196 1962 1264 2005 rum

31 2048 88 2126 qui
114 2061 198 2116 sum,
226 2060 287 2102 non
315 2049 414 2103 autem
442 2042 534 2114 duae,
562 2059 600 2100 ne
631 2038 745 2102 seilicet
772 2039 831 2100 duo
860 2041 920 2102 sint
942 2041 1095 2120 principia.
1140 2044 1183 2105 Ex
1205 2055 1348 2107 unat-0¹⁸·

32 2153 133 2208 autem
165 2144 212 2205 illa
243 2143 408 2204 substantia
432 2142 531 2203 existit
553 2144 658 2203 natura
680 2150 711 2202 et
732 2160 801 2202 vere
823 2142 912 2216 lilius,
934 2142 1078 2216 Verbum,
1108 2145 1263 2224 sapientia,

32 2246 216 2327 propriaque
245 2245 309 2306 eius
338 2244 447 2317 virtus,
476 2262 532 2315 nee
561 2243 597 2303 ab
621 2262 654 2303 ea
677 2242 860 2321 separabilis.
904 2244 1034 2305 Utrero
1057 2264 1117 2306 nou
1140 2247 1265 2311 aliaest

32 2348 167 2411 essentia
192 2366 246 2408 seu
269 2346 450 2418 substantia,
473 2364 511 2407 ne
534 2345 591 2406 ‹luo
616 2345 677 2406 sint
698 2344 860 2424 principia,
884 2345 928 2406 sic
949 2346 1093 2419 Verbum,
1124 2349 1204 2426 quod
1228 2368 1264 2411 ex

33 2468 93 2513 una
116 2448 227 2522 existit,
250 2447 324 2509 nibil
346 2449 456 2508 llurum
479 2465 534 2507 nec
556 2464 611 2506 vor
635 2453 746 2506 tautum
770 2446 940 2523 significans
957 2456 1012 2519 εει,
1036 2448 1090 2509 sed
1107 2449 1264 2510 essentiale

32 2550 165 2611 Verbum
196 2560 226 2610 et
254 2549 418 2611 essentialis
448 2557 494 2609 est
517 2547 678 2625 sapientia,
707 2565 782 2625 quae
804 2565 873 2607 rere
895 2547 987 2608 Filius
1011 2557 1067 2609 est.
1111 2549 1184 2609 Nam
1206 2551 1265 2611 uisi

33 2651 196 2715 essentiale
213 2651 339 2712 Verbum
363 2659 452 2722 esset,
476 2657 652 2727 sequeretur
673 2648 766 2709 Deum
789 2648 877 2708 verba
901 2667 954 2708 sua
975 2669 1030 2728 per
1049 2655 1148 2711 aorem
1165 2652 1263 2711 elfuu-

35 2755 127 2826 dere,
156 2772 325 2831 corpusque
353 2761 385 2812 ut
413 2751 551 2811 ltomines
579 2749 699 2811 habere.
745 2749 893 2821 Quoniam
917 2751 1100 2811 verobomo
1124 2761 1264 2825 nonest,

33 2874 93 2917 uec
127 2856 197 2916 item
231 2855 294 2916 eius
318 2854 446 2915 Verbum
480 2852 634 2931 quicquam
664 2850 817 2911 bominum
851 2850 1013 2912 inlirruitati
1042 2852 1138 2913 simile
1166 2853 1264 2915 babet.

37 2959 76 3019 L't
98 2957 177 3018 enim
200 2955 376 3036 principium
400 2973 457 3016 una
480 2963 527 3013 est
549 2952 690 3025 essentia,
714 2953 754 3011 ita
776 2970 867 3012 uuum
891 2960 937 3012 est
959 2954 1116 3013 essentiale
1139 2963 1169 3015 et
1190 2954 1264 3015 sub-

35 3062 150 3121 sistens
180 3058 244 3120 eius
267 3057 396 3118 Verbum
426 3065 455 3116 ει
476 3054 629 3134 sapientia.
675 3053 747 3113 Nam
770 3062 802 3113 ut
824 3072 859 3114 ex
880 3053 941 3113 Deo
966 3052 1043 3114 Deus
1068 3065 1127 3127 est,
1157 3074 1190 3114 er
1214 3075 1264 3116 sa·
1356 3105 1358 3110 .

36 3162 139 3240 piente
171 3160 334 3239 sapientia,
366 3177 402 3218 ex
430 3156 563 3218 rationali
588 3163 685 3215 mente
707 3154 793 3224 Ratio
817 3172 870 3215 seu
894 3153 1037 3228 Verbum,
1072 3164 1101 3215 et
1123 3174 1158 3217 ex
1179 3156 1267 3217 Patre

36 3261 148 3333 Filius,
176 3261 216 3322 ita
244 3281 279 3322 ex
302 3260 465 3322 substantia
489 3256 690 3318 substantialis
714 3264 773 3329 est,
805 3274 840 3317 er
863 3256 1198 3331 essentia-essentialis,
1233 3277 1267 3320 ae

38 3364 169 3442 denique
190 3381 260 3424 vere
284 3371 339 3435 est,
363 3362 467 3440 utqui
491 3361 530 3420 sit
552 3359 588 3419 ab
611 3378 658 3430 eo,
681 3357 731 3437 qui
754 3365 809 3419 εει.

126 3468 157 3527 2.
201 3463 339 3543 Alioquin
361 3463 418 3523 nisi
442 3460 609 3523 essentialis
634 3467 714 3522 esset
735 3459 878 3538 sapientia
900 3459 1086 3539 Verbumque
1109 3459 1269 3524 essentiale
1360 3474 1365 3480 “

40 3575 71 3628 ει
92 3567 187 3627 Filius
210 3565 259 3643 qui
282 3584 352 3625 rere
376 3565 431 3637 sit,
460 3564 515 3624 sed
538 3561 713 3641 simpliciter
735 3561 899 3640 sapientia,
921 3560 1048 3623 Verbum
1072 3570 1101 3622 et
1122 3561 1215 3624 Filius
1237 3563 1269 3623 iu

40 3668 140 3739 Patre,
165 3686 237 3727 sane
260 3666 325 3743 ipse
346 3665 433 3725 Pater
456 3683 491 3724 ex
515 3663 660 3741 sapientia
684 3670 714 3722 et
728 3661 824 3723 Verbo
849 3671 931 3724 esset
945 3662 1141 3741 compositus.
1180 3661 1269 3734 Quod

41 3768 163 3850 quidem
186 3768 337 3828 sirenum
360 3775 416 3839 est,
441 3784 531 3844 supra
555 3765 640 3824 allata
663 3763 790 3824 absurda
813 3742 977 3843 sequentur
1000 3762 1179 3835 necessario,
1204 3762 1269 3842 ipse

39 3881 140 3933 autem
165 3869 275 3929 suimet
302 3876 387 3946 pater
409 3876 446 3941 ειΙ
460 3868 537 3926 lilius
560 3868 677 3927 tuturus
701 3874 764 3938 est,
793 3865 858 3944 ipse
880 3865 1013 3944 seipsum
1036 3874 1082 3925 est
1104 3863 1270 3942 geniturus,

42 3984 73 4034 et
94 3991 112 4032 a
135 3971 237 4049 seipso
260 3970 410 4048 gignetur,
434 3969 479 4030 vel
503 3976 583 4029 uerte
605 3985 719 4028 merum
744 3957 854 4028 nomeu
877 3967 933 4027 erit
956 3966 1098 4037 Verbum,
1121 3964 1272 4045 Sapientia

42 4082 73 4134 et
95 4072 199 4143 Filius,
222 4070 271 4131 ille
293 4079 401 4142 autem,
426 4071 462 4130 de
486 4088 544 4148 quo
568 4069 641 4129 baeu
663 4068 801 4129 dicuntur
823 4068 867 4129 vel
889 4069 990 4147 potius
1013 4069 1063 4147 qui
1085 4064 1272 4126 haecomnia

39 4183 106 4247 est,
136 4173 209 4234 nibil
232 4173 289 4234 erit
311 4173 489 4234 subsistens.
535 4172 566 4232 Si
589 4172 689 4251 itaque
711 4171 784 4231 nibil
807 4179 852 4231 est
874 4170 1060 4242 subsistens,
1088 4185 1162 4227 vana
1184 4166 1273 4244 igitur
1305 4236 1308 4241 ,

74 4363 99 4410 d.
117 4362 159 4410 Sic
177 4361 277 4474 Seffier.
297 4359 369 4408 Busil.
387 4370 410 4410 et
428 4360 518 4422 lngiie.
554 4358 631 4408 Atelli
718 4357 734 4406 t.
760 4357 817 4419 Reg.
843 4365 866 4407 et
883 4356 982 4417 Sequer.
1010 4345 1165 4406 ὑποσῐαιός
1188 4352 1274 4403 ultime

35 4439 64 4480 et
82 4429 141 4478 editi
160 4422 207 4474 dra
252 4422 363 4491 υμένως.
684 4424 756 4487 quari.

72 4512 97 4550 e·
113 4494 207 4559 buglis.
225 4486 307 4560 εἴπερ.
