2948 5092
474 253 584 302 ouria
600 254 620 299 r.
637 254 754 300 conam
767 253 903 305 munos·
1232 247 1292 313 tus

152 409 200 471 10.
247 403 384 479 Quorum
410 403 500 483 igitur
527 404 616 466 rerba
642 405 737 484 magis
765 406 828 468 lieo
856 407 943 485 digna
971 415 1043 481 sumt
1071 411 1293 493 ostenduntque
1301 426 1379 477 rute

66 509 224 577 Marinum
246 514 384 569 nownm
398 505 496 568 lesum
513 505 664 568 Christum
679 506 772 570 Deum
795 526 864 569 esse
885 507 1036 573 etlilium
1051 510 1174 574 Patris?
1201 512 1292 590 Esne,

66 630 137 691 quae
160 628 215 672 ros
238 606 430 679 eremicolis,
458 625 558 670 aunon
579 608 678 686 potins
701 628 751 681 ea,
781 628 856 688 quae
878 629 936 671 nos
956 630 994 673 ex
1016 611 1178 691 Scripturis
1198 614 1293 679 mous

66 724 93 774 et
112 710 269 775 attulimus
291 717 321 772 et
342 707 517 771 afferimus?
559 708 662 787 ltaque
685 709 712 771 si
735 709 868 772 Salvator
894 730 951 773 nec
976 712 1057 774 Deus
1087 732 1144 776 nec
1164 713 1294 790 Verbum

66 833 118 876 nec
139 813 236 876 Filius
259 819 322 884 est,
354 809 441 873 liceat
467 827 540 871 sane
567 808 653 872 vohis
680 811 927 890 quemadmodum
951 812 1116 877 Gentilibus
1146 824 1176 878 et
1196 817 1294 879 noemi

66 915 125 976 aeri
147 912 268 976 ludaeis
290 911 429 992 quicquid
450 910 572 974 libuerit
591 911 707 987 dicers;
730 913 784 975 sed
805 912 832 974 si
854 922 885 976 et
899 913 1027 977 Verbum
1040 914 1137 980 Patris
1157 925 1188 978 sl
1201 917 1293 981 Filius

67 1035 154 1078 verus
176 1023 242 1089 est,
272 1014 300 1076 si
322 1012 403 1076 licus
425 1021 473 1075 est
494 1031 530 1076 ex
550 1011 612 1077 lico
634 1021 665 1076 et
686 1032 777 1093 super
799 1015 898 1077 omnia
918 1014 1091 1080 benedictus
1114 1016 1144 1080 in
1166 1017 1293 1094 saecule,

65 1138 98 1180 m
121 1136 185 1179 non
206 1133 336 1197 prorsus
358 1133 484 1195 aequum
505 1115 610 1189 luerit,
633 1111 704 1178 alies
726 1134 815 1177 voces
839 1125 870 1178 et
888 1117 1027 1180 Ariauam
1050 1118 1183 1181 Thaliam
1204 1118 1294 1182 veluti

66 1220 210 1282 nidorum
232 1216 391 1296 imaginem
413 1216 554 1296 omnique
573 1216 691 1296 plenam
713 1217 864 1296 impietate
885 1217 985 1281 delere
1006 1227 1037 1282 et
1057 1219 1232 1295 obliterare,
1261 1220 1294 1283 in

66 1339 152 1399 quam
174 1320 226 1400 qui
247 1318 395 1390 inciderit,
418 1317 512 1380 nescit
534 1318 665 1397 gigantes
688 1319 727 1380 ibi
743 1319 851 1397 perire,
873 1320 997 1399 ipseque
1017 1320 1049 1382 in
1063 1320 1227 1383 inferorum
1242 1323 1292 1393 lo,-

66 1439 146 1483 ream
169 1417 324 1483 occurrit?
364 1419 428 1482 Nec
448 1408 574 1481 veroid
595 1420 637 1482 illi
658 1420 805 1499 ignorant,
827 1421 955 1501 hincque
970 1424 1012 1496 lit,
1036 1423 1167 1485 utillum
1190 1431 1294 1503 utpote

65 1524 160 1586 mllidi
189 1522 339 1585 ooerrltem
367 1540 423 1584 nec
448 1521 576 1583 audeant
602 1509 791 1601 pervulgare,
825 1524 879 1584 sed
907 1524 963 1584 alia
993 1524 1114 1586 omniuo
1148 1533 1294 1604 usurpent

66 1624 164 1686 rerba.
206 1622 282 1685 llam
304 1623 331 1684 si
354 1624 442 1703 impia
464 1622 512 1684 illa
533 1622 623 1685 rerba
643 1625 778 1702 prolerre
800 1625 957 1695 auderent,
988 1643 1048 1687 uon
1077 1625 1199 1687 dubium
1221 1623 1293 1704 quip

65 1726 344 1788 condemnarentur.
389 1723 469 1795 Quin
490 1724 579 1786 etiam
600 1723 626 1784 si
649 1724 695 1786 vel
716 1724 745 1785 in
769 1725 971 1805 suspicionem
997 1726 1038 1788 ita
1066 1726 1214 1788 sentiendi
1235 1745 1291 1789 re·

65 1828 174 1901 uiuent,
195 1826 333 1907 prolecto
356 1826 486 1904 undique
507 1825 724 1904 Scripturarum
749 1826 946 1889 obruerentur
968 1827 1203 1891 auctoritatibus.
1238 1827 1293 1889 ld·

65 1930 142 1992 u'rco
164 1928 256 2008 igitur
278 1937 425 2007 tamquam
446 1927 498 1989 lilii
520 1926 610 1988 huius
632 1927 742 1990 saeculi
763 1929 864 2003 veriti,
888 1947 926 1990 ne
949 1948 1003 1991 sua
1030 1931 1149 1992 lucerua
1171 1929 1294 1991 oleastri

66 2032 129 2093 oleo
154 2048 279 2093 aceensa
302 2030 360 2091 cito
384 2029 587 2108 exstinguatur
608 2031 688 2103 (nam
711 2029 768 2092 lun
789 2033 953 2111 impiorum
975 2034 1205 2112 metropolitis),
1228 2048 1294 2093 eam

65 2133 120 2195 sub
143 2130 342 2194 simulationis
366 2130 497 2192 modium
519 2129 719 2202 abscondunt,
743 2129 798 2191 alia
819 2130 995 2210 loquuntur,
1017 2131 1181 2194 amicorum
1200 2148 1291 2210 prae-

65 2235 139 2296 sidia
162 2243 194 2296 et
215 2231 380 2294 Constantii
401 2241 513 2293 metum
535 2240 701 2305 ostentant,
724 2231 829 2311 utqui
852 2232 937 2311 ipsos
960 2233 1153 2307 conveniunt,
1183 2232 1299 2296 sordes

63 2337 187 2397 duanae
216 2333 350 2396 haeresis
378 2343 503 2412 propter
530 2333 648 2394 illorum
677 2333 897 2395 simulationem
920 2342 950 2395 et
979 2335 1209 2396 ostentationem
1230 2352 1293 2397 non

64 2437 306 2499 animadvertant
340 2434 385 2496 dn
407 2453 469 2496 non
492 2453 562 2513 ergo
586 2435 631 2495 sel
653 2435 708 2497 hac
730 2436 766 2496 de
781 2453 867 2496 causa
884 2434 954 2495 odio
969 2436 1177 2515 prosequenda
1192 2435 1291 2509 luerit,

64 2539 142 2618 quod
173 2538 263 2599 etiam
294 2535 395 2598 asuis
425 2536 587 2598 occultetur
614 2545 647 2597 ut
673 2536 774 2598 timida
802 2555 836 2597 ac
865 2536 952 2597 veluti
981 2554 1106 2615 serpens
1136 2534 1292 2598 foveatur?

63 2640 146 2702 llnde
169 2638 249 2701 enim
271 2636 325 2698 has
349 2636 406 2697 sibi
429 2645 639 2698 coacervarunt
660 2636 789 2711 voculas,
812 2646 863 2698 aut
884 2657 900 2698 a
918 2656 1046 2715 quonam
1061 2644 1195 2716 acceptas
1218 2652 1291 2716 pro-

63 2742 133 2802 dere
156 2757 219 2801 non
241 2749 313 2799 sunt
333 2735 441 2799 veriti?
485 2739 562 2800 Sane
584 2737 732 2798 neminem
754 2738 924 2811 hominum,
953 2739 1001 2817 qui
1030 2737 1087 2798 sibi
1110 2736 1174 2797 illas
1198 2736 1291 2798 tradi-

62 2842 171 2914 derint,
193 2848 332 2919 poterunt
355 2839 494 2900 indicare.
540 2839 613 2910 Quis
637 2839 717 2901 euim
737 2840 893 2900 hominum
915 2840 976 2900 sire
992 2840 1121 2899 Graecus
1139 2839 1201 2899 sive
1216 2838 1290 2899 llar-

62 2945 155 3005 harus
177 2961 256 3014 eum,
280 2960 368 3019 quem
389 2940 482 3002 Deum
506 2942 678 3012 confitetur,
701 2959 789 3002 unam
813 2940 940 3002 erebus
963 2941 1070 3002 creatis
1093 2939 1172 3000 ausit
1193 2939 1292 3001 dicere

61 3066 117 3107 nec
138 3045 234 3106 luisse
256 3053 412 3122 antequam
435 3044 527 3103 lactus
551 3040 686 3103 estivel
708 3043 773 3120 quis
797 3050 854 3115 est,
878 3042 926 3120 qui
951 3043 989 3114 ei,
1012 3059 1100 3121 quem
1113 3042 1206 3102 Deum
1222 3059 1289 3102 cre-

60 3148 148 3220 didit,
170 3145 261 3206 fidem
284 3144 406 3223 deroget
427 3143 552 3204 dicenti:
577 3144 623 3204 lic
645 3154 689 3205 est
710 3144 795 3223 filius
817 3163 899 3206 meos
922 3144 1057 3214 dilectus,
1082 3161 1208 3222 eumque
1229 3149 1293 3204 non

60 3251 155 3311 lilium
177 3246 231 3309 sed
254 3264 317 3306 rem
339 3246 443 3305 laclatu
467 3263 536 3305 esse
557 3242 650 3306 velit?
693 3245 806 3324 Nempe
829 3245 892 3306 lieri
915 3263 975 3306 non
996 3253 1107 3324 potest,
1130 3245 1201 3323 quin
1224 3263 1290 3306 om-

59 3370 116 3412 nes
139 3349 285 3410 adsersus
313 3346 380 3406 illos
409 3345 482 3407 adeo
512 3345 695 3407 insanientes
727 3347 823 3407 acrius
851 3346 1050 3425 indignentur.
1102 3346 1208 3407 Verum
1237 3365 1293 3407 nec

59 3453 151 3512 etiam
174 3448 212 3510 ad
233 3447 402 3526 Scripturas
425 3447 585 3524 confugere
606 3446 664 3508 illis
687 3447 834 3525 integrum
856 3448 958 3508 luerit:
988 3450 1045 3509 iam
1069 3446 1147 3508 enim
1171 3449 1290 3526 saepius

60 3560 221 3613 ostensum
242 3557 288 3610 est
309 3566 436 3626 moxque
458 3549 651 3620 ostendetur,
680 3567 767 3610 voces
795 3549 966 3610 huiusmodi
996 3567 1012 3608 a
1034 3547 1142 3609 divinis
1164 3548 1291 3611 oraculis

60 3672 131 3714 esse
153 3651 273 3730 penitus
296 3649 417 3711 alienas.
461 3648 562 3728 ltaque
591 3650 707 3729 quando
735 3651 792 3711 illis
818 3659 913 3711 restat
942 3649 1114 3722 dicendum,
1144 3667 1178 3710 se
1205 3650 1292 3713 laisa

59 3754 187 3816 llialrolo
210 3752 338 3831 acceptis
362 3751 511 3813 insanisse
534 3752 571 3826 (si
594 3752 712 3830 quidem
735 3762 884 3814 tantorum
906 3752 1049 3812 malorum
1072 3750 1155 3811 solus
1177 3750 1225 3811 ille
1240 3769 1291 3813 sa-

61 3868 108 3918 tor
132 3864 204 3931 est),
227 3873 281 3933 age
304 3854 330 3914 ei
354 3852 535 3914 obsistamus
559 3857 697 3933 (namque
713 3872 778 3915 cum
794 3854 844 3913 illo
864 3852 952 3913 nobis
975 3871 1030 3932 per
1051 3852 1120 3914 illos
1142 3860 1291 3915 certamen

93 4027 114 4059 c.
135 4000 579 4058 docter.erlelclm.1.eatetar.
607 4009 651 4056 So·
740 4008 762 4055 lr.
781 4007 921 4067 Sequeriau.
947 3989 997 4053 οὖν
1020 4005 1115 4053 omittit.
1151 4004 1203 4054 llox
1228 4005 1291 4053 idem

57 4079 167 4141 guerino.
188 4085 211 4124 el
229 4075 270 4125 elii
289 4068 399 4121 satier.
705 4082 728 4122 et
746 4075 843 4123 Gobler.
863 4082 886 4122 et
904 4073 1007 4122 l'elelrm,
1023 4073 1045 4122 l.
1064 4062 1194 4130 ἢἜλλην.
1228 4072 1292 4121 Editi

91 4146 114 4194 d.
142 4146 182 4194 Sie
207 4145 307 4205 Sequer.
334 4142 432 4191 Gobler.
458 4149 482 4190 et
506 4140 611 4190 Felclrrn.
630 4142 651 4189 l.
705 4142 786 4191 etalii
806 4132 822 4199 ἢ
841 4143 961 4190 omittunt.

55 4221 84 4264 ll
103 4214 161 4262 editi
181 4213 263 4262 etalii
283 4205 381 4258 tutte.
418 4208 470 4258 ldox
490 4223 548 4258 mss.
567 4224 653 4259 omues
739 4210 753 4258 i.
773 4201 1291 4274 Similiesuprelrebenturpuq.244.[p.9d.

55 4276 106 4331 loir
127 4294 153 4328 re
168 4273 231 4344 γάρ.
252 4279 314 4328 Editi
326 4292 383 4326 vero
395 4267 456 4323 ἀλλ’
476 4269 526 4324 ἐάν
543 4290 572 4325 τε
589 4270 653 4342 γάρ.
706 4279 776 4326 lruiue
787 4274 857 4339 edit]

90 4366 113 4398 e.
133 4350 202 4410 Sagu.
216 4349 287 4398 uolt.
298 4346 405 4395 Felclrm.
416 4345 437 4392 l.
449 4344 506 4396 τοῖς
518 4335 572 4391 ἀπὸ
587 4343 651 4392 τῶν.
740 4347 762 4393 lr.
780 4335 824 4391 ὅτι
842 4346 911 4394 deest
929 4346 952 4394 in
971 4343 1126 4405 Seguntium,
1145 4338 1291 4392 Gelrleriaoo

90 4421 106 4467 l.
127 4419 187 4466 Editi
207 4416 329 4466 mendose
347 4407 516 4479 ῥυπαρίσαν.
707 4422 730 4461 et
744 4413 849 4461 restim,
863 4413 884 4461 ι,

89 4503 113 4548 g,
132 4485 236 4536 ΜΝ·
256 4485 281 4535 5·
302 4473 521 4547 ⁰⁰V⁸tf5⁸7l³dm
743 4480 759 4530 l.
778 4481 917 4542 Soguerian.
936 4470 973 4532 uir
990 4468 1128 4540 ἀλλότρια.
