2948 5092
433 256 550 301 courel
563 256 783 301 annumeratum
796 257 885 305 nmen
899 259 920 303 1.
1222 247 1283 311 885

55 409 154 471 nitate
185 408 230 470 rel
262 407 347 470 inviti
375 406 590 480 confiteamini,
619 407 689 469 dum
718 407 815 469 dicitis
844 409 1125 474 consubstantialem
1148 412 1369 479 Trinitatiresa.

56 530 181 574 caruem
203 508 294 571 esse?
337 509 439 588 ltaque
467 527 541 570 vana
566 518 610 570 est
633 508 707 570 bdes
731 518 845 582 vestra,
874 510 956 589 paria
978 512 1056 574 euim
1079 513 1197 576 sentitis
1219 534 1287 578 cum

55 612 162 692 impiis
177 611 304 683 Arianis,
328 612 402 673 male
425 611 601 689 accipientes
623 610 710 673 illud:
740 611 864 673 Verbum
879 632 951 675 coro
965 614 1083 692 suctum
1097 628 1152 678 est.
1189 616 1285 679 Porro

56 713 190 774 Verbum
213 730 282 772 caro
305 713 413 773 laetum
437 721 499 785 est,
523 732 582 773 non
605 720 637 773 ut
659 712 789 773 Verbum
812 731 872 775 uon
895 706 1021 794 amplius
1045 717 1178 778 Verbum
1195 725 1285 792 esset,

55 815 116 876 sed
141 814 268 876 Verbum
291 814 376 876 utin
399 833 487 875 carne
509 823 590 875 esset
612 832 681 875 caro
703 817 813 878 lactum
837 823 893 889 est,
916 825 949 877 ut
971 824 1001 879 et
1015 817 1143 880 Verbum
1167 837 1286 899 semper
1380 796 1385 806 ⁵

54 916 192 977 Verbum
215 924 308 990 esset,
331 923 360 975 et
382 915 509 976 Verbum
532 933 651 977 carnem
672 915 804 988 haberet,
828 916 858 977 in
881 936 939 996 qua
960 899 1133 996 passionem
1157 929 1285 982 etmer-

57 1029 123 1079 tem
146 1018 203 1079 sub
225 1017 353 1078 humana
375 1019 470 1078 forma
493 1017 661 1096 susciperet
683 1036 717 1079 ao
739 1036 834 1098 usque
856 1019 893 1079 ad
909 1021 1078 1099 sepulcrum
1094 1030 1124 1083 et
1138 1022 1286 1084 infernum

57 1120 274 1191 descenderet,
298 1119 328 1179 in
350 1139 406 1198 qua
430 1128 459 1180 et
481 1118 731 1180 resurrectionem
755 1138 790 1179 ex
813 1121 939 1182 mortuis
962 1123 1101 1201 perfecit,
1131 1124 1287 1203 carnisque

56 1232 92 1282 et
115 1221 267 1298 sanguinis
290 1231 377 1300 atque
400 1222 514 1282 animae
537 1220 643 1282 indicia
665 1220 803 1300 praebuit
813 1221 892 1283 Deus
905 1223 1043 1297 Verbum,
1065 1242 1120 1302 per
1134 1226 1288 1305 propriam

57 1332 92 1384 et
110 1323 365 1402 inseparabilem,
398 1334 432 1384 ut
459 1323 602 1403 scriptum
631 1330 694 1396 est,
729 1342 848 1385 carnem
871 1344 906 1386 ex
928 1327 1040 1387 semine
1062 1326 1181 1388 David.
1208 1325 1288 1399 Quid

56 1425 142 1486 enim
171 1425 249 1485 aliud
279 1425 351 1485 dixit
372 1426 502 1486 Marcion
533 1443 621 1504 qnam
650 1443 725 1504 quae
755 1445 808 1509 vos
829 1425 994 1505 profertis?
1037 1428 1144 1490 Nonne
1166 1445 1287 1507 corpus,

57 1527 144 1605 quod
177 1545 213 1586 ex
245 1526 325 1586 caelo
355 1527 491 1605 apparuit
519 1527 549 1587 in
579 1526 772 1589 similitudine
802 1511 930 1590 humana
953 1537 982 1591 et
1003 1547 1065 1589 non
1087 1530 1117 1590 in
1140 1525 1288 1592 veritate?

58 1627 142 1701 Quid
165 1628 235 1689 item
258 1626 336 1687 aliud
358 1626 499 1706 loquutus
522 1636 568 1689 est
589 1627 802 1689 Manichaeus‘l
845 1629 954 1691 Nonne
975 1630 1073 1692 divina
1095 1631 1195 1711 specie
1217 1648 1287 1692 cor·

56 1748 130 1810 pus,
154 1729 217 1790 sola
240 1728 434 1790 similitudine
457 1748 581 1809 corpus,
605 1729 642 1790 ab
664 1730 792 1791 humana
814 1750 902 1792 corne
924 1731 1069 1804 alienum,
1092 1734 1176 1795 cuins
1197 1728 1287 1793 natu·

55 1849 127 1892 ram
155 1839 184 1891 et
210 1849 271 1890 non
302 1831 504 1908 operationem
534 1839 687 1911 peccatum
711 1851 779 1893 esse
804 1832 894 1913 impie
916 1832 1066 1896 affirmat?
1109 1832 1289 1896 Huiusmodi

59 1941 111 1995 est
131 1933 249 1993 illorum
272 1932 419 2010 impietas.
1168 1915 1173 1924 ’

153 2037 202 2098 13.
248 2034 448 2107 Quamobrem
478 2035 561 2095 netes
591 2042 637 2096 est
657 2035 740 2113 pium
764 2035 914 2097 hominem
936 2037 1109 2099 huiusmodi
1131 2037 1290 2099 verborum

60 2134 241 2198 commentis
272 2136 331 2207 uti;
362 2137 415 2197 sed
438 2136 595 2196 dicendum
618 2144 679 2209 est,
709 2136 852 2211 Verbum,
885 2138 963 2216 quod
987 2147 1053 2199 ante
1076 2138 1192 2199 saecule
1214 2155 1289 2198 cou-

59 2237 258 2299 substantiale
292 2247 338 2298 est
359 2237 457 2311 Patri,
491 2237 522 2297 in
550 2237 690 2299 extremis
720 2237 903 2316 temporibus
932 2257 968 2299 ex
997 2247 1098 2299 sancte
1120 2247 1150 2300 et
1171 2239 1292 2318 deipara
1388 2255 1389 2258 ’

60 2340 184 2418 Virgine
205 2339 285 2399 Adae
313 2339 425 2418 plasma
455 2348 485 2400 et
512 2339 661 2417 opificium
689 2357 797 2399 novum
828 2338 1014 2412 restituisse,
1044 2350 1111 2400 cum
1138 2338 1211 2400 illud
1232 2336 1292 2400 sibi

58 2459 120 2523 per
141 2441 281 2502 unionem
304 2440 457 2519 proprium
482 2440 588 2513 ellecit,
612 2448 700 2520 atque
722 2442 761 2501 ite
784 2441 864 2501 visus
887 2448 935 2500 est
955 2441 1045 2501 homo
1070 2440 1215 2513 Christus,
1239 2439 1291 2519 qui

60 2552 133 2605 ante
155 2543 271 2605 saecula
294 2541 373 2603 Deus
397 2551 469 2603 erat.
514 2543 550 2602 Et
572 2561 629 2602 nos
650 2540 783 2601 membra
807 2541 917 2602 Christi
940 2559 1060 2614 sumus,
1092 2550 1125 2602 ut
1146 2540 1292 2620 seriptum

61 2655 122 2715 est,
146 2664 181 2706 ex
204 2663 291 2705 carue
315 2653 343 2704 et
365 2663 401 2704 ex
423 2644 544 2705 ossibus
567 2643 643 2703 eius.
689 2642 840 2714 Quorsum
863 2643 953 2720 igitur
973 2643 1047 2704 baec
1061 2655 1225 2705 vestrarum
1240 2642 1290 2703 in·

62 2747 239 2809 vernonum
261 2747 431 2817 contentio,
453 2754 486 2804 ut
507 2762 561 2822 per
582 2743 741 2804 humanam
766 2744 940 2824 sapientiam
964 2764 1015 2818 ea,
1037 2763 1111 2824 quae
1133 2745 1292 2807 humanam

62 2848 289 2927 intelligentiam
320 2856 476 2924 superant,
507 2844 670 2918 definiatis,
703 2845 772 2907 dum
803 2845 899 2906 dicitis
929 2846 990 2907 vice
1019 2845 1171 2908 interioris
1193 2844 1293 2906 nostri

62 2950 197 3012 hominis
219 2957 348 3009 mentem
372 2947 531 3007 caelestem
553 2946 583 3006 in
600 2946 716 3008 Christo
739 2944 857 3008 luisse?
902 2948 939 3023 0„
950 2948 1092 3008 nefariam
1115 2946 1293 3009 sententiam

63 3061 97 3113 et
125 3053 240 3112 infirma
262 3049 462 3127 indecoraquo
484 3046 588 3109 verbe!
632 3047 793 3109 Hominum
816 3067 903 3121 sane,
934 3048 984 3128 qui
1006 3067 1066 3110 nnn
1088 3049 1173 3128 prins
1195 3047 1292 3109 anim-

62 3154 239 3226 advertere,
262 3151 412 3212 Christum
443 3169 503 3211 non
533 3149 722 3227 singulariter
750 3149 823 3223 diei,
854 3150 908 3210 sed
937 3150 968 3210 in
997 3149 1047 3210 illo
1070 3151 1138 3230 ipso
1160 3149 1294 3223 nomine,
1368 3167 1369 3172 ¹

63 3254 148 3333 quod
170 3252 289 3314 unicum
313 3262 370 3320 est,
392 3271 455 3314 rem
480 3261 637 3330 utramque.
656 3250 825 3330 significari,
848 3250 1036 3314 Divinitatem
1059 3270 1167 3333 nempe
1190 3260 1219 3313 et
1233 3251 1293 3312 hu·

66 3354 251 3416 manitatem.
306 3354 436 3433 ideoque
468 3354 559 3414 homo
592 3352 700 3414 dicitur
733 3352 888 3426 Christus,
921 3351 1000 3414 lleus
1034 3372 1153 3434 quoque
1186 3353 1294 3415 dicitur

66 3455 217 3530 Christus,
239 3456 367 3517 acheus
391 3457 531 3516 ethome
556 3463 601 3516 est
617 3454 765 3528 Christus,
788 3463 818 3515 et
841 3472 918 3515 unus
934 3463 982 3516 est
997 3448 1142 3519 Christus.
1179 3456 1295 3518 Vanum
1369 3531 1381 3545 .

65 3562 168 3637 itaque
190 3566 238 3619 est
259 3569 390 3620 vestrum
413 3558 577 3638 sophisma,
601 3575 660 3637 quo
682 3556 761 3618 aliud
782 3556 813 3617 in
830 3556 947 3618 Christo
962 3566 1081 3637 praeter
1096 3558 1193 3637 ipsum
1205 3556 1294 3617 Chri·
1318 3565 1323 3574 '

65 3668 148 3722 stum
176 3660 351 3739 conspicere
380 3660 516 3721 nitimini.
561 3659 605 3719 llli
635 3658 768 3739 quidem,
798 3658 848 3736 qui
870 3658 990 3720 abusive
1012 3660 1150 3722 dicuntur
1172 3658 1380 3733 Christianae.

66 3766 148 3822 forte
169 3762 249 3822 iuxta
272 3762 450 3823 sententiam
472 3770 600 3823 vestram
623 3759 751 3841 spectari
772 3767 907 3839 possent,
931 3760 981 3839 qui
1003 3779 1075 3821 vero
1090 3778 1144 3839 per
1158 3767 1294 3821 naturam

67 3863 156 3924 solus
185 3882 273 3924 verus
302 3871 348 3923 est
370 3861 524 3935 Christus,
552 3880 614 3922 non
636 3861 672 3922 ab
695 3860 824 3923 humane
846 3861 962 3922 ratione
985 3860 1185 3932 describetur,
1215 3857 1296 3939 qnod

105 4099 126 4132 c.
144 4079 286 4147 παρθένου
304 4084 372 4132 deest
390 4084 413 4132 in
434 4082 531 4133 anler.
542 4091 564 4131 et
575 4081 659 4131 Felcl-
709 4091 732 4130 et
744 4081 848 4130 lelckm.
862 4081 884 4129 l.
902 4076 930 4129 λέ
949 4093 1008 4129 erne
1020 4072 1295 4158 ὃζριστὸςκαὶθεός,

69 4154 152 4199 menni
172 4152 193 4200 1.
230 4153 303 4200 Paulo
328 4160 383 4213 post
408 4152 507 4211 Segoor.
533 4165 577 4214 pro
596 4140 657 4196 καθ’
709 4144 754 4196 καὶ
778 4133 907 4201 eiciam
952 4159 1075 4212 χριστος.
1113 4147 1186 4198 Basil.
1210 4148 1299 4198 omittit

66 4213 171 4268 trono
190 4221 261 4267 habet
278 4213 347 4266 κατὰ
366 4210 460 4283 φύσιν,
480 4228 551 4283 atque
570 4219 601 4267 ite
623 4218 659 4267 le·
709 4211 755 4265 καὶ
772 4202 810 4269 εἷς
827 4209 903 4265 ἔστιν
920 4211 934 4264 ὁ
949 4209 1072 4281 χριστός.

67 4289 106 4350 git
123 4288 240 4336 Nunnius.
745 4287 761 4334 l.
781 4288 879 4346 Seguer.
905 4286 1002 4335 Gobler.
1027 4292 1050 4333 et
1070 4283 1174 4333 Felclm.
1192 4283 1214 4331 l.
1238 4277 1298 4330 roi·

107 4354 130 4403 d.
148 4357 189 4404 Sic
213 4368 298 4402 omnes
316 4355 367 4403 lere
387 4369 443 4403 mss.
480 4354 505 4403 ln
526 4354 596 4402 editis
615 4368 658 4403 au·
708 4351 787 4419 μᾶτε.
826 4352 887 4400 Editi
906 4353 984 4401 minus
1002 4345 1220 4416 recteroipnsoi.
1243 4350 1298 4400 llos

68 4431 120 4472 tem
138 4414 168 4470 ἓν
186 4424 264 4470 deest.
710 4422 782 4470 iidem
802 4413 935 4488 οὔτεγὰρ
952 4432 1041 4487 προφ.
1057 4457 1064 4471 .
1078 4457 1084 4471 .
1097 4454 1105 4471 .
1118 4411 1180 4470 οὔτε
1197 4410 1295 4468 doda.

107 4505 129 4539 e.
147 4491 175 4546 ln
199 4491 299 4554 Segner.
322 4501 351 4539 τε
368 4490 443 4540 deest
479 4490 543 4540 lutra
562 4487 659 4542 Gobler.
712 4478 821 4538 ...obst
837 4498 887 4541 rte.
