2948 5092
130 260 172 324 Ad
663 271 840 317 rmrsrro.

129 435 197 508 apto
218 435 250 488 et
269 424 406 506 opposite
427 422 610 498 distributis,
635 422 691 485 etsi
712 423 813 504 potius
834 429 943 503 suopte
964 421 1084 502 ingenio
1106 440 1194 503 qnam
1217 390 1360 486 elabora·

129 529 210 589 tiom
231 525 383 589 adhibitis.
425 524 520 587 liuius
543 525 639 587 oratio
659 541 809 603 uunquam
831 523 934 598 effluit,
957 541 1107 603 nunquam
1123 523 1242 604 longim
1264 542 1360 604 vaga.

127 633 215 691 tur.“
280 626 429 689 Posthaec
462 626 552 689 variis
593 625 728 688 laudibus
768 624 919 705 praedicat
956 625 1173 704 praestantiora
1201 624 1357 690 Athanasii

126 747 235 810 opera,
274 728 440 790 orationem
480 724 582 789 contra
616 726 742 799 Gentes,
781 726 937 806 epistolam
965 726 1002 788 de
1030 726 1177 788 sententia
1208 725 1357 806 Dionysii,

1 822 3 826 ’
127 829 286 911 epistolaor
324 829 361 890 ad
391 828 598 900 Dracontion,
636 826 787 889 orationes
823 836 926 889 couha
958 826 1101 902 Arianos,
1135 826 1289 908 apologias
1318 828 1360 891 da

129 933 196 1010 luga
225 938 256 992 et
283 930 319 991 ad
342 930 562 1003 Constantium,
597 928 685 990 etiarn
715 928 865 989 orationes
895 935 997 989 contra
1017 927 1249 1007 Apollinarium,
1278 947 1358 1008 quas

128 1030 317 1095 amussimas
357 1049 426 1092 esse
459 1030 517 1103 ait,
556 1037 589 1092 ut
621 1029 651 1090 in
684 1029 721 1090 iis
753 1029 937 1091 inveniamus
968 1028 1160 1090 Athanasium
1193 1030 1359 1092 Athanasio

129 1127 335 1217 δριμύτερον.
393 1131 539 1212 Deinceps
574 1148 649 1210 quae
681 1138 847 1209 sequuntur
882 1129 919 1192 de
951 1129 1111 1191 Athanasio
1148 1147 1255 1210 aspere
1287 1148 1359 1194 0000

129 1232 287 1295 haereticis
319 1240 441 1312 agente,
478 1250 511 1293 ea
540 1250 630 1312 supra
663 1231 823 1292 lectoribus
854 1229 985 1291 exhibui.
1036 1230 1173 1291 Extrema
1202 1230 1360 1294 llontiau·

130 1333 209 1395 eonii
230 1333 269 1394 de
291 1333 365 1412 stylo
387 1333 538 1394 Athanasii
560 1331 649 1394 verba
671 1339 740 1394 sunt
762 1332 850 1393 haec:
874 1330 991 1404 „dicho
1012 1332 1078 1393 eiua
1099 1349 1174 1411 pura
1189 1340 1220 1394 et
1233 1331 1359 1413 elegans

127 1443 176 1496 est
197 1433 429 1513 utplurimum:
458 1452 514 1496 nec
533 1433 650 1495 inficior
670 1441 767 1494 tamon
789 1432 941 1515 nonnullis
971 1434 1035 1495 eius
1061 1431 1205 1511 operibus
1226 1432 1361 1513 aliquam

126 1535 367 1615 peregrinitatem
390 1533 525 1596 attulisse
547 1534 669 1597 Latinae
690 1533 807 1613 linguae
828 1551 932 1606 usum;
954 1533 1039 1613 quale
1061 1533 1132 1595 illud
1154 1542 1219 1608 est,
1241 1530 1360 1620 ἐκκλη-

128 1639 204 1699 σίαν
228 1632 347 1700 ἔδωκεν
369 1631 416 1710 εἰς
437 1632 580 1718 aptam,
611 1631 800 1719 βετεράνος,
833 1644 863 1696 et
884 1635 938 1696 alia
960 1635 990 1696 id
1013 1653 1118 1713 genus.
1161 1634 1360 1713 Impetratun

127 1737 278 1800 sciliceta
301 1737 515 1798 cousuetudine
536 1738 648 1810 luerat,
671 1746 704 1798 ut
726 1738 752 1798 si
776 1755 811 1798 ex
838 1735 1009 1815 quotidiana
1029 1734 1205 1797 Latinorum
1227 1735 1360 1800 tamilla·

126 1838 214 1900 ritate
241 1837 355 1917 aliquas
384 1837 554 1899 huiusmodi
584 1836 730 1900 dictiones
753 1838 783 1899 in
806 1837 926 1898 buccam
949 1837 1100 1910 venirent,
1129 1853 1167 1897 ne
1188 1835 1226 1897 ab
1247 1837 1288 1899 iis
1310 1838 1360 1901 rel

127 1938 239 2001 Graeca
269 1938 425 2017 peritiores
454 1938 648 2001 abstinerent.
691 1939 774 2001 Licet
802 1947 899 2000 autern
928 1936 1055 1999 insidias
1082 1935 1204 1999 auribus
1233 1936 1362 2001 minime

125 2048 220 2120 paret,
241 2039 361 2101 lectoris
385 2039 443 2102 sihi
466 2048 575 2114 tamen,
598 2039 743 2102 illecebris
768 2039 869 2101 nescio
892 2038 1017 2117 quihus,
1040 2037 1278 2100 benevolentiam
1301 2058 1358 2103 oa·

126 2150 198 2222 ptat.
243 2141 321 2202 Nihil
351 2159 492 2203 morosus
521 2140 551 2202 in
580 2141 711 2203 exordiis
740 2155 800 2214 est,
830 2141 883 2202 sed
912 2139 1012 2201 statim
1034 2139 1071 2200 ah
1094 2138 1178 2200 initio
1200 2139 1232 2201 iu
1256 2157 1359 2203 arcem

125 2261 234 2305 causae
265 2241 394 2315 invadit,
428 2251 458 2303 et
491 2251 593 2304 contra
626 2242 791 2303 haereticos
827 2241 904 2303 canit
934 2238 1153 2319 quodammodo
1184 2239 1358 2305 classico..

125 2343 258 2406 Platonis
281 2343 462 2422 Homerique
484 2342 578 2405 libros
600 2343 671 2420 legit
691 2342 822 2414 assidue,
844 2360 900 2404 nec
922 2360 983 2402 non
1005 2341 1130 2402 aliorum
1154 2348 1300 2414 veterum,
1323 2353 1360 2405 ut

103 2461 162 2505 <ex
185 2444 320 2506 oratione
353 2444 588 2506 contradentes
619 2452 650 2505 et
677 2462 713 2505 ex
740 2443 805 2505 aliis
839 2442 903 2504 eius
936 2440 1078 2521 operibus
1109 2441 1264 2520 propalam
1297 2452 1358 2507 ast.

111 2544 241 2617 ¹Quodsi
264 2544 426 2624 Gregorius
448 2545 649 2607 Nazianzenus
671 2544 752 2606 illurn
775 2544 831 2605 hac
851 2543 881 2604 in
902 2551 986 2621 parte
1001 2540 1190 2603 mediocriter
1204 2542 1360 2608 dumtaxat

125 2646 273 2707 eruditum
296 2647 389 2708 luisse
411 2655 526 2719 narret,
556 2646 585 2708 id
607 2645 747 2707 nimirum
771 2643 915 2723 Gregorio
938 2643 1032 2705 visum
1055 2643 1124 2716 luit,
1146 2643 1195 2722 qui
1217 2662 1356 2725 magnam

125 2746 230 2809 aetatis
253 2765 324 2808 suae
346 2755 459 2827 partem
482 2748 529 2810 his
553 2749 582 2809 iu
605 2721 716 2809 01001110ο
734 2746 882 2808 contrivit
926 2745 998 2806 Aliis
1021 2751 1118 2804 auten
1141 2744 1206 2806 iure
1220 2745 1358 2809 rideatur

124 2846 301 2910 Athanasius
325 2845 507 2932 φιλολόγος
529 2857 559 2911 et
581 2849 628 2910 bis
652 2848 681 2908 in
703 2847 794 2909 rebus
816 2847 911 2926 probe
934 2844 1100 2906 eruditus.“
1143 2843 1177 2917 Si
1208 2863 1287 2924 quae
1310 2847 1357 2909 vir

126 2947 316 3009 doctissimus
349 2949 502 3026 copiosius
542 2948 700 3020 disseruit,
733 2955 875 3026 quantum
905 2945 1069 3026 probabilia
1105 2954 1192 3019 suot,
1223 2945 1357 3012 breviter

124 3046 282 3126 complecti
314 3047 403 3120 velis,
434 3047 686 3127 pronuntiandum
708 3058 768 3120 est,
801 3046 952 3107 Athanasii
985 3046 1180 3125 eloquentiam
1210 3065 1273 3110 nou
1296 3059 1355 3112 tarn

126 3147 226 3210 101000
241 3146 332 3208 studii
355 3156 386 3209 et
407 3147 495 3221 artis,
525 3166 613 3226 quam
634 3146 780 3210 facultatis
803 3165 819 3208 a
841 3154 946 3209 natura
968 3148 1120 3226 protectae
1147 3166 1273 3228 eamque
1295 3150 1355 3212 11110

124 3249 251 3311 maximo
283 3248 460 3310 excelluisse
493 3247 667 3318 virtutibus,
701 3266 776 3328 quae
806 3246 960 3310 doctorem
989 3256 1019 3309 et
1040 3246 1257 3327 disputatorem
1279 3239 1355 3314 'sive

125 3350 302 3429 scriptorem
325 3349 500 3411 didacticum
523 3356 553 3411 ot
573 3349 750 3428 polemicum
773 3357 881 3410 ornant
902 3348 989 3428 eique
1010 3348 1114 3423 fidem,
1137 3351 1356 3426 auctoritatem,

124 3451 232 3513 laruam
254 3450 419 3512 conciliant.
464 3450 628 3512 Dictionem
650 3459 749 3512 autem
772 3451 821 3530 qui
843 3450 970 3512 voluerit
991 3449 1027 3511 ad
1043 3468 1179 3513 normam
1202 3455 1355 3517 sermonis

123 3551 212 3613 Attici
234 3551 361 3628 exigere,
383 3550 528 3630 intelliget
547 3569 609 3613 non
631 3560 745 3614 tantum
767 3551 971 3624 barbarismis,
994 3551 1095 3631 quales
1116 3551 1231 3613 notavit
1250 3554 1356 3617 ltout·

124 3651 296 3727 lauconius,
331 3659 362 3713 et
382 3652 491 3714 usitato
514 3652 562 3714 ilia
583 3660 676 3715 aetate
698 3653 859 3736 κοινισμῷ
891 3653 1065 3714 maculatam
1087 3671 1173 3725 esse,
1208 3654 1263 3716 sed
1287 3655 1355 3718 aliis

125 3771 244 3833 quoque
264 3752 355 3827 vitiis,
378 3771 454 3832 quae
476 3754 563 3816 etiam
587 3753 760 3815 cultissimis
776 3753 886 3832 alioqui
908 3753 1050 3814 ecclesiae
1072 3771 1195 3832 graecae
1215 3755 1355 3835 patribus

124 3855 292 3917 communia
320 3863 391 3916 sunt
418 3874 475 3916 uec
496 3861 657 3935 potuerunt
683 3853 789 3916 abesse
811 3853 848 3915 ab
880 3854 998 3932 scriptis
1020 3870 1141 3928 eorum,
1172 3864 1205 3916 ut
1224 3856 1357 3921 basilius

123 3955 163 4018 ht.
185 3955 294 4017 latetur
315 3954 345 4016 in
367 3955 493 4035 epistola
514 3955 551 4016 ad
572 3953 728 4017 libanium
750 3954 951 4018 cccxxxix.
968 3954 1045 4034 Opp.
1069 3955 1115 4016 ed.
1129 3955 1240 4018 Beued.
1265 3958 1360 4022 Tum.

123 4056 175 4119 111.
197 4074 229 4135 p.
251 4059 325 4118 455.
349 4055 382 4117 ll.
406 4056 472 4119 coll.
495 4074 544 4136 ep.
565 4053 707 4117 CCCLVl.
731 4058 848 4136 0461.
870 4055 904 4116 li.
947 4055 1094 4118 Nimirum
1115 4056 1269 4122 Athanasii
1291 4079 1356 4124 000

122 4165 194 4222 suut
215 4154 413 4218 contendendi
436 4175 503 4219 cum
524 4154 668 4219 Libaniis.
712 4157 750 4219 111
772 4153 940 4233 λεξειδίων
960 4152 1148 4242 θηράτορες
1174 4159 1249 4224 nihil
1270 4163 1357 4225 auti-

122 4259 211 4338 quius
234 4256 403 4320 hahuerunt
424 4276 511 4337 quam
534 4258 774 4320 plorationibus
804 4258 867 4321 suis
889 4258 1002 4321 Atticae
1030 4259 1207 4322 elomtionis
1230 4263 1360 4343 elegan-

123 4358 194 4421 tiam
227 4366 258 4422 et
289 4367 473 4453 venustatem
506 4359 716 4438 exprimerent.
759 4359 821 4422 Illis
855 4351 1002 4425 ἁλιεῦσιν
1035 4351 1229 4444 ἀνθρώπων
1262 4382 1355 4427 curae

105 4459 264 4540 'cordique
291 4468 338 4525 est
365 4479 415 4525 res
449 4459 610 4525 christiana
628 4460 662 4525 'et
682 4461 764 4527 solus
786 4461 1040 4539 Christianorum,
1073 4462 1121 4525 mi
1142 4462 1357 4539 inservientes,
