2948 5092
120 259 186 326 228
521 271 955 319 ουτωιιεειιεκεσιεειεεοει

35 436 113 485 m
121 415 239 492 οῦσίαν
261 415 441 490 ιῦνταῦτα.
486 425 645 509 ’γέννημα
665 420 726 507 γάρ
748 422 807 508 τῆς
828 423 886 486 τοῦ
908 420 1037 506 πατρὸς
1059 414 1175 500 οῦσίας
1197 416 1347 509 ὑπάρχει,

120 520 204 604 ιὺςτε
230 524 355 612 μηδένα
383 518 605 611 ἀμφιβάλλειν
635 518 688 589 ότι
707 518 785 589 καθ’
810 517 991 608 ὁμοιότητα
1011 523 1070 588 τοῦ
1093 517 1259 608 ἀτρέπτου
1281 548 1349 589 πα-

121 625 201 714 τρὸς
222 623 386 713 ἀτρεπτός
408 624 555 692 ἐστικαὶ
579 618 597 688 ό
620 622 724 709 λόγος.
940 631 942 635 ’

207 734 275 822 ‘ipa
307 731 399 805 Τέως
419 727 479 810 μὲν
501 715 559 792 οῦν
581 734 657 804 ταῖς
672 725 755 811 ,περὶ
778 726 837 790 τοῦ
859 723 933 790 υἱοῦ
957 724 1100 803 ἐννοίαις
1112 723 1277 809 χρώμενοι
1292 721 1349 789 οῦ-

120 854 189 909 τως
208 827 296 915 πρὸς
315 827 378 907 τὰς
398 821 537 914 ἀλόγους
558 820 666 892 αὑτῶν
690 825 856 905 ἐπινοίας,
880 821 926 905 ὦς
948 826 1088 894 δέδωκεν
1110 819 1230 904 δαὺτὸς
1254 820 1272 890 ὑ
1295 824 1351 891 κό-
1389 898 1391 900 ,

119 955 207 1019 ριος,
231 925 474 1017 ἀπηντησαμεν.
503 926 603 995 καλὸν
625 929 662 995 δὲ
683 926 739 993 καὶ
759 927 803 994 τὰ
822 933 906 994 θεῖα
927 925 1023 1013 λόγια
1037 932 1264 1014 παραθέσθαι
1279 928 1352 993 λοι-

118 1031 198 1113 πόν,
220 1025 262 1099 ἵν’
287 1031 336 1099 ἔτι
356 1029 413 1098 καὶ
434 1032 562 1098 ιπλεῖον
584 1032 643 1095 τοῦ
664 1030 724 1113 μὲν
746 1029 820 1095 υίοῦ
840 1027 881 1094 τὸ
902 1025 1067 1114 ἄτρεπτον
1082 1023 1272 1116 ἀποδειχθῇ
1294 1026 1352 1095 καὶ

119 1129 142 1222 ἡ
169 1129 394 1212 ἀναλλοίωτος
421 1125 522 1199 αὑτοῦ
544 1129 687 1219 πατρικὴ
711 1129 826 1218 φύσις,
856 1129 983 1196 τούτων
1005 1130 1042 1196 δὲ
1063 1124 1082 1215 ἡ
1105 1128 1349 1217 κακοφροσῦνη.

118 1233 256 1323 γράφων
277 1239 389 1301 τοίνυν
406 1234 653 1318 Φιλιππησίοις
675 1225 898 1310 ὑάπόοτολός
913 1251 1014 1319 φησι·
1036 1232 1135 1296 τοῦτο
1151 1237 1350 1318 φρονείσθω

105 1333 155 1404 ’ἓν
176 1331 264 1420 ὑμίν,
288 1333 306 1400 ὃ
328 1335 382 1400 καλ
405 1333 439 1400 ἓν
460 1335 599 1419 Χριστῷ
617 1327 730 1420 Ἰησοῦ,
755 1331 792 1411 ὃς
812 1332 847 1400 ἐν
867 1335 981 1420 μορφῇ
1004 1334 1087 1398 θεοῦ
1109 1326 1267 1418 ὑπάρχων
1291 1326 1351 1416 οῦχ

119 1431 297 1524 ὑρπαγμόν
317 1430 463 1523 ἡγήσατο
484 1433 523 1500 τὸ
546 1428 631 1501 εἶναι
653 1426 711 1501 λσα
730 1437 813 1520 θεῷ,
837 1429 906 1500 ἀλλ’
931 1431 1048 1500 ἑαυτὸν
1061 1431 1201 1500 ’ἐκένωσε
1214 1432 1350 1521 μορφὴν

120 1537 241 1606 δοῦλον
262 1536 390 1623 λαβών,
420 1535 456 1603 ἓν
483 1530 672 1621 ὁμοιώματι
693 1529 885 1622 ἀνθρώπων
907 1534 1094 1621 γενόμενος,
1129 1537 1183 1601 καί
1207 1534 1351 1620 σχήματι

121 1635 271 1726 εὑρεθεὶς
303 1633 349 1716 ιὺς
376 1635 561 1724 ἀνθρωπος
589 1626 810 1705 ἔταπείνιῦοεν
841 1635 974 1716 ἑαυτόν,
1008 1635 1180 1722 γενόμενος
1202 1632 1351 1720 ὑπήκοος

119 1745 216 1827 μέχρι
236 1737 397 1817 θανάτου,
419 1736 571 1804 θανάτου
593 1740 629 1805 δὲ
652 1737 805 1825 σταυροῦ.
837 1737 891 1805 διὸ
913 1741 968 1804 καὶ
991 1733 1009 1803 ὑ
1031 1736 1115 1816 θεὸς
1129 1732 1229 1803 αὑτὸν
1244 1733 1351 1823 ὑπερ·
1391 1767 1392 1772 ’

120 1839 253 1926 ὑψωσε,
283 1837 339 1906 καὶ
367 1838 542 1925 ἐχαρίσατο
570 1834 659 1927 αὑτῷ
694 1837 799 1924 όνομα
824 1839 865 1905 τό
885 1835 970 1925 ὑπὲρ
992 1841 1062 1906 πᾶν
1085 1835 1205 1922 ὄνομα,
1235 1838 1292 1904 ἵνα
1314 1838 1348 1905 ἐν

120 1943 169 2028 τῷ
193 1935 332 2024 όνόματι
350 1935 454 2028 Ἰησοῦ
475 1943 546 2009 πᾶν
566 1941 644 2027 γόνυ
666 1941 783 2029 κάμψῃ
806 1937 1014 2028 ἐπουρανίων
1036 1941 1091 2006 καί
1114 1938 1271 2026 ἐπιγείων
1293 1937 1349 2006 καὶ

119 2047 366 2126 καταχθονίων,
388 2033 444 2109 καὶ
464 2044 562 2110 πᾶσα
581 2043 717 2128 γλῶσσα
738 2040 1052 2129 ’όξομολογὴσηταω
1084 2037 1137 2107 ότι
1158 2040 1271 2127 κύριος
1289 2035 1350 2128 Ἰη-

120 2145 202 2221 σοῦς
221 2143 370 2229 Χριστὸς
392 2144 440 2223 είς
460 2143 561 2224 δόξαν
582 2148 666 2212 θεοῦ
688 2143 855 2231 πατρός).
892 2142 1066 2209 τίτοότου
1088 2142 1278 2230 λευκότερον
1293 2144 1349 2209 καλ

120 2236 438 2331 ἀποδεικτικώτερον
459 2250 604 2331 ’γένοιτο
627 2243 685 2328 ἀν,·
722 2241 759 2312 οῦ
787 2245 849 2332 γὰρ
872 2245 908 2325 ἐξ
928 2243 1112 2312 ἐλαττόνων
1133 2247 1273 2330 βελτίων
1291 2249 1349 2329 γέ-

94 2368 223 2431 γονον,
246 2339 330 2413 ἀλλὰ
346 2345 476 2431 ’μᾶλλον
498 2346 580 2425 θεὸς
601 2343 758 2434 ὑπάρχων
779 2345 853 2433 ’τὴν
875 2345 994 2412 δούλου
1015 2345 1147 2434 μορφὴν
1163 2346 1269 2432 ἔλαβε,
1292 2343 1350 2411 καὶ
1376 2380 1379 2384 ·

119 2445 155 2514 όν
176 2448 223 2534 τῷ
247 2448 360 2532 λαβεῖν
382 2441 441 2514 ὀῦκ
462 2446 663 2536 ἒβελτιώθη,
687 2443 755 2515 ἀλλ’
780 2448 1002 2515 ἐταπείνωσεν
1024 2447 1150 2515 ἑαυτόν.
1186 2450 1255 2513 ποῦ
1278 2453 1350 2514 τοί-

15 2623 29 2642 -,
115 2573 178 2615 -νον
201 2547 236 2615 ἐν
255 2547 392 2628 τούτοις,
408 2548 536 2633 μισθὸς
555 2552 615 2636 τῆς
636 2545 768 2639 ἀρετῆς,
791 2543 812 2637 ἢ
832 2555 917 2616 ποία
938 2547 1110 2636 προςκοπὴ
1133 2552 1196 2617 καί.
1208 2545 1349 2634 βελτίω·
1375 2584 1377 2586 -

115 2671 174 2728 σις
206 2648 240 2716 ἐν
267 2649 490 2732 ταπεινώσει,
524 2650 554 2718 εί
581 2650 642 2736 γὰρ
669 2651 753 2731 θεὸς
780 2647 827 2719 ὢν
848 2657 976 2738 γέγονεν
999 2648 1199 2737 ἄνθρωπος,
1234 2653 1288 2717 καὶ
1312 2650 1349 2729 ἐξ

118 2746 229 2835 ὑψους
250 2750 398 2841 καταβὰς
418 2753 548 2838 λέγεται
563 2747 756 2837 ,ὑψοῦσθαη
780 2756 847 2820 ποῦ
869 2749 1017 2837 ὑψοῦται
1037 2753 1121 2831 θεὸς
1143 2750 1208 2834 dir,-
1246 2751 1348 2836 δήλου

42 2900 45 2909 ·
101 2847 216 2931 ,ὄντος
236 2852 340 2919 πάλιν
354 2846 490 2933 τούτου,
513 2849 587 2919 ςότι
608 2855 667 2919 τοῦ
688 2858 774 2923 θεοῦ
795 2850 940 2940 ὑψίστου
964 2852 1060 2932 όντος
1081 2854 1117 2934 ἐξ
1138 2849 1279 2941 ἀνάγκης
1301 2847 1349 2919 εἶ-

116 2977 175 3022 ναι
207 2954 259 3030 δεῖ
290 2955 344 3021 καὶ
376 2953 435 3020 τὸν
466 2953 584 3021 τούτου
619 2954 715 3041 λόγον
747 2951 902 3041 ὑψιστον.
946 2959 1014 3021 ποῦ
1043 2945 1100 3020 οῦν
1122 2956 1240 3021 πλεῖον
1264 2948 1351 3036 εἶχεν

118 3048 303 3140 ὑψωθῆναι
326 3051 344 3119 ό
367 3053 401 3122 ἰν
423 3058 470 3142 τῷ
492 3057 595 3143 πατρὶ
619 3050 664 3122 ιῦν
687 3059 742 3124 καὶ
765 3037 881 3142 ὅμοιος
902 3055 985 3123 κατὰ
999 3055 1111 3123 πάντα
1124 3059 1184 3122 τοῦ
1199 3054 1347 3140 πατρόςς

119 3147 236 3220 οῦκοῦν
257 3154 369 3243 πάσης
390 3156 582 3245 προςθήκης
603 3153 787 3247 ἀπροςόεής
809 3158 889 3238 ἐστι,
912 3161 966 3224 καὶ
990 3153 1048 3224 οὑκ
1070 3157 1169 3238 ἔστιν,
1193 3153 1240 3236 ὦς
1261 3152 1350 3224 ὑπο-

119 3256 267 3325 νοοῦσιν,
289 3256 322 3321 οί
350 3252 528 3341 Ἀρειανοί.
574 3257 607 3325 εί·
630 3258 692 3346 γὰρ
721 3258 778 3326 διὰ
798 3258 838 3326 τό
860 3255 1044 3345 ὑψωθῆναι
1065 3264 1285 3347 καταβέβηκεν
1308 3252 1350 3322 '¹5

53 3426 56 3431 ,
119 3353 232 3442 λόγος,
266 3359 321 3424 καὶ
351 3360 690 3445 ταῦτα’γέγραπται,“
707 3357 760 3440 τίς
777 3366 872 3445 χρεία
892 3349 932 3448 ἦν
955 3356 1041 3438 ὅλως
1061 3363 1116 3426 καὶ
1137 3362 1348 3427 ταπεινῶσαι

31 3455 247 3537 ε.ιιι.ὑαυτόν,
271 3458 328 3526 ἵνα
349 3462 448 3526 τοῦτο
471 3458 591 3548 ζητήσῃ
613 3463 743 3548 λαβεῖν,
769 3457 852 3549 ὑπερ
876 3456 960 3545 εἶχες
991 3467 1095 3529 ποίαν
1117 3462 1154 3528 δὲ
1175 3463 1230 3528 καὶ
1249 3458 1348 3546 χάριν

120 3557 236 3643 ἔλαβεν
259 3556 277 3625 ὑ
298 3563 357 3647 τῆς
377 3561 511 3648 χάριτος
534 3559 653 3650 δοτήρς
685 3557 707 3651 ἢ
728 3565 804 3641 πῶς
826 3562 922 3648 ἐ’λαβε
942 3562 982 3629 τὸ
1006 3560 1112 3647 ἀνομα
1127 3562 1174 3642 εἰς
1187 3561 1227 3627 τὸ
1242 3586 1347 3648 προς-

117 3663 294 3728 κυνεῖσθαι
322 3657 340 3726 ὑ
370 3657 422 3730 ἀεὶ
445 3663 478 3730 ἰν
500 3665 547 3749 τῷ
571 3657 709 3748 ὀνόματι
731 3659 833 3730 αὑτοῦ
854 3663 1154 3749 προςκυνοὺμενοςς
1187 3665 1242 3729 καὶ
1317 3666 1324 3687 “

109 3765 250 3851 γένηται
270 3751 365 3848 γὀῦν
395 3761 595 3850 ἅνθρωπος,
623 3767 873 3850 παρακαλοῦσιν
902 3767 935 3832 ολ
958 3761 1064 3852 ἀγιοι·
1096 3760 1114 3829 ό
1137 3763 1219 3843 θεὸς
1241 3688 1345 3848 brya?

188 4017 211 4079 ι)
230 4018 315 4083 ουκη.
334 4020 359 4080 2,
378 4020 469 4069 5-11.

150 4168 172 4202 ε.
191 4153 331 4216 &guen-ian.
347 4145 387 4201 ὢν
403 4152 500 4211 ταῦτα,
518 4151 640 4223 γέννημα
657 4155 705 4217 τῆς
789 4159 813 4209 h.
831 4158 872 4209 Sic
890 4157 1028 4221 Seguerian.
1049 4155 1146 4207 Gobler.
1166 4163 1191 4204 εί
1209 4156 1313 4206 Felckm.
1324 4155 1347 4204 1.

115 4218 166 4269 τοῦ
184 4228 229 4270 etc.
265 4222 331 4271 ldem
352 4237 406 4271 mox
424 4233 449 4271 ει
466 4225 522 4285 Reg.
540 4226 662 4288 λοςίίιεο.
681 4233 705 4274 ιι
755 4225 800 4274 Alii
817 4240 873 4276 νιεο
892 4235 915 4275 ει
933 4227 988 4276 edili
1014 4215 1050 4277 ιὺε
1076 4218 1193 4272 δέδωκεν
1211 4215 1226 4269 ὑ
1243 4216 1345 4290 κύριος,

115 4286 243 4337 Basiliam.
257 4283 330 4353 μηδὲ
347 4282 537 4355 ἀμφιβάλλειν.
556 4293 632 4341 Panlo
648 4300 706 4356 ρουῑ
757 4285 856 4345 αὐτοῖς.
893 4294 952 4343 ibid.
972 4293 1071 4354 Seguor.
1091 4283 1303 4356 ὑπονοήσωμεν.

116 4353 191 4404 aditio
209 4356 326 4406 Commel.
345 4359 464 4409 ωεοιίοεο
483 4358 556 4409 habet
572 4349 607 4406 ἀτ
625 4352 705 4415 ενιτός

115 4414 176 4470 {om
191 4416 255 4487 περὶ
271 4418 317 4472 καὶ
335 4417 349 4472 ὑ
366 4419 458 4490 λόγος.
489 4427 539 4487 θοὰ
554 4439 608 4495 περ
636 4427 706 4479 τίκτει
790 4419 1344 4491 αὸεςοιι.6ου1ετ.ωί“είι1ιω.ί.πλέον.

116 4489 148 4538 ab
166 4491 278 4541 omibus
296 4506 355 4543 ποτε.
461 4494 465 4499 ’
609 4532 638 4545 -.
755 4495 818 4548 miti
835 4505 867 4549 τί·
883 4496 924 4547 ulii
941 4492 1042 4548 πλεῖον.
1076 4495 1152 4549 Ριοίο
1169 4503 1228 4562 post
1245 4494 1347 4559 Soguer.
