2934 5078
515 230 660 276 neronom
674 233 693 275 1.
710 234 747 275 ao
764 234 959 280 semerom.
1273 228 1335 292 tat

115 384 259 462 auferam
280 402 333 446 cor
355 384 503 465 lapideum
525 387 560 448 de
583 403 675 447 corne
693 394 813 460 oestro,
844 399 872 450 et
901 387 976 450 dabo
998 390 1083 451 vobis
1107 409 1160 453 cor
1182 409 1416 469 commmunia:

115 497 146 547 et
170 484 318 565 Spiritum
339 505 433 548 mmm
457 488 531 549 dabo
554 491 586 547 in
608 487 701 549 vobis.
745 485 871 561 Quando
887 507 958 568 ergo
975 489 1002 550 id
1025 480 1255 571 impletumest,
1278 497 1336 558 nisi

115 604 183 647 cum
207 586 322 648 advenit
336 586 479 650 Dominus
503 598 532 650 et
554 607 606 650 sua
630 589 720 668 gratia
736 589 835 651 omnia
850 591 1025 653 renovarit?
1067 594 1162 655 Porro
1177 595 1336 660 boeotiam

114 687 146 748 in
168 688 235 749 loco
258 690 415 769 spirituum
438 690 602 752 differentia
626 691 801 754 ostenditur.
845 692 917 755 Nam
946 695 1069 774 spiritus
1096 705 1202 758 noster
1230 699 1257 759 is
1279 707 1335 772 ost,

113 790 167 868 qni
190 801 368 866 renovatur,
400 794 453 854 sed
481 792 622 873 Spiritum
650 802 781 856 sanctum
809 813 870 857 non
897 796 1070 876 simpliciter
1097 797 1249 879 spiritum,
1282 801 1336 862 sed

114 911 203 953 suum
226 912 294 956 esse
317 895 452 975 spiritum
474 895 553 956 Deus
575 894 711 969 declarat,
734 895 765 958 in
787 916 846 976 quo
865 897 977 958 scilicet
991 898 1097 977 spiritu
1117 908 1222 961 noster
1243 920 1335 963 reno-

112 1000 210 1068 vatur,
234 995 275 1056 uti
296 997 453 1058 Psalmista
468 996 586 1058 Psalmo
608 997 769 1060 centesimo
792 999 879 1060 tertio
902 999 1064 1061 luculenter
1081 1001 1184 1063 donet:
1207 1003 1334 1082 dusares
1397 993 1404 1003 ⁸

113 1100 260 1175 spiritum
282 1117 385 1164 eorum
408 1111 436 1162 et
455 1099 595 1180 deficient
616 1109 644 1160 et
665 1103 697 1160 in
715 1100 876 1180 puluerem
901 1121 990 1164 suum
1004 1113 1207 1167 revertentur.
1240 1103 1336 1168 limit-

112 1207 159 1258 tee
183 1198 334 1279 Spiritum
357 1211 440 1262 tantm
463 1210 492 1262 et
513 1201 708 1272 creabuntur,
732 1212 760 1264 et
781 1203 939 1265 renovabis
961 1204 1069 1282 facien
1091 1215 1202 1266 terroe.
1247 1203 1336 1277 Quod

111 1298 193 1359 siin
218 1300 330 1378 Spiritu
351 1302 403 1362 liei
426 1321 616 1375 renovamur,
647 1321 708 1364 non
736 1321 807 1382 ergo
830 1303 959 1384 Spiritus
990 1314 1110 1367 sanctus
1139 1306 1166 1366 is
1195 1314 1255 1382 est,
1270 1306 1334 1386 ,qni

110 1402 209 1462 creari
232 1402 352 1476 dicitur,
382 1404 433 1464 sed
458 1413 561 1465 noster
587 1404 718 1484 spiritus.
763 1404 793 1466 Si
823 1406 894 1467 item
922 1407 989 1486 quia
1012 1407 1110 1469 omnia
1131 1408 1417 1487 postomniaco.

108 1504 187 1564 laeta
211 1515 290 1577 sunt,
313 1513 393 1566 recte
416 1481 532 1567 sbotitis
554 1506 659 1568 Filium
681 1525 741 1568 non
764 1525 832 1569 esse
854 1525 916 1568 rem
939 1517 1075 1583 creatam,
1098 1526 1135 1570 an
1157 1527 1217 1570 non
1232 1509 1334 1572 itidem

108 1605 238 1683 impium
261 1616 308 1668 est
340 1627 392 1668 vos
416 1608 557 1688 Spiritum
579 1617 729 1682 sanetum,
760 1609 791 1670 in
813 1628 871 1689 quo
893 1609 980 1671 Pater
1009 1610 1213 1690 perverbum
1235 1612 1334 1675 omnia

107 1708 229 1787 perficit
257 1718 287 1770 et
314 1718 451 1783 renovat,
483 1711 661 1772 contendere
688 1728 752 1773 rem
774 1730 840 1773 esse
862 1710 1013 1773 creatam?
1056 1711 1087 1774 Si
1116 1711 1227 1792 igitur,
1253 1714 1333 1793 quod

107 1809 288 1890 simpliciter
310 1813 454 1891 scriptum
477 1813 515 1874 sit
536 1814 673 1893 spiritum
695 1814 798 1887 creari,
821 1812 903 1875 illum
918 1811 1027 1874 idcirco
1043 1814 1185 1893 Spiritum
1200 1823 1334 1878 sanctum
1400 1810 1403 1815 ’

108 1931 181 1975 esse
204 1913 260 1974 sibi
282 1915 356 1994 ipsis
378 1916 504 1989 illuxere,
533 1915 591 1976 iam
613 1929 789 1995 persuasum
811 1912 868 1976 illi's
891 1933 961 1976 esse
982 1914 1085 1988 debet,
1108 1933 1168 1976 non
1191 1914 1333 1994 Spiritum

106 2023 247 2076 sanctum
271 2017 351 2077 iilum
374 2036 458 2089 esse,
482 2017 531 2096 qui
554 2025 687 2091 creatur,
709 2017 764 2079 sed
785 2025 921 2078 nostrum
946 2036 1027 2091 esse,
1058 2016 1160 2096 quiin
1183 2036 1218 2078 eo
1240 2029 1332 2079 reno·
1373 2045 1377 2054 ·

104 2127 212 2191 vatur:
242 2137 297 2197 qua
327 2120 363 2181 de
385 2139 418 2181 re
440 2128 470 2181 et
491 2121 556 2200 ipse
577 2120 667 2181 David
689 2119 747 2180 hoe
767 2119 856 2180 modo
878 2118 1067 2199 precabatur:
1103 2118 1162 2181 Cor
1189 2120 1333 2181 mundum

105 2241 182 2284 creo
203 2227 237 2283 in
258 2242 312 2293 me,
336 2223 427 2294 Deus,
451 2235 480 2286 et
502 2226 650 2303 spiritum,
666 2232 780 2283 rectum
795 2227 906 2283 innovo
921 2225 954 2282 ia
969 2221 1134 2282 visceribus
1148 2224 1230 2282 mein
1259 2219 1332 2301 Ete-

104 2325 171 2386 nim
194 2326 253 2386 hoc
276 2325 311 2385 ‘in
332 2324 399 2385 loco
422 2324 558 2403 spiritum
580 2342 681 2384 creare
703 2322 824 2394 dicitur,
853 2341 940 2401 quem
963 2329 1048 2383 antea
1069 2321 1208 2394 finxerat,
1238 2329 1270 2381 ut
1292 2320 1333 2382 ait

104 2426 282 2489 Zacharias:
311 2427 485 2490 Extendens
511 2425 627 2489 coelom
657 2435 684 2486 et
705 2425 840 2504 fundans
863 2432 980 2485 terrum
1002 2433 1030 2484 et
1051 2422 1168 2503 fingens
1190 2425 1332 2502 spiritum

105 2529 238 2590 bominis
261 2534 292 2590 in
314 2533 390 2610 ipso.
437 2528 532 2600 Quem
555 2528 634 2588 enim
655 2534 741 2587 antea
761 2525 901 2598 tinxerat,
933 2523 1057 2584 cundem
1086 2531 1189 2602 postea
1217 2522 1332 2601 lapsum
1420 2534 1423 2543 ·

104 2630 207 2692 denno
230 2631 353 2704 creavit,
382 2631 474 2691 lactus
496 2629 614 2709 ipsein
636 2647 669 2688 re
691 2636 803 2701 creata,
826 2644 933 2705 nempe
955 2643 1021 2708 cum
1043 2622 1172 2685 Verbum
1194 2640 1262 2684 caro
1284 2623 1331 2682 ia-

103 2740 189 2806 ctum
212 2743 265 2807 est,
287 2745 329 2804 ut,
353 2732 601 2813 quemadmodum
622 2727 782 2810 Apostolus
805 2729 855 2801 ait,
880 2729 954 2790 duos
979 2727 1087 2789 condat
1107 2729 1142 2786 in
1161 2743 1256 2788 anam
1272 2741 1331 2786 no-

103 2854 180 2896 vom
203 2836 364 2920 bominem,
395 2840 447 2916 qni
467 2833 630 2896 secundum
652 2831 748 2893 Deum
769 2840 888 2892 creatos
911 2841 955 2893 eat
975 2832 1008 2890 in
1029 2830 1147 2889 iustitio
1168 2836 1197 2888 et
1217 2829 1331 2888 sonon-
1393 2816 1396 2822 ¹

102 2946 169 2999 tote
193 2941 341 2998 caritatis.
385 2936 417 2996 ld
441 2937 519 2997 enim
543 2953 603 2994 non
625 2933 714 3006 dixit,
742 2917 895 3010 tanquam³
910 2938 1024 2991 creatus
1055 2928 1094 2989 ait
1124 2926 1208 2989 alius
1221 2925 1257 2987 ab
1279 2924 1328 2986 illo

101 3038 247 3110 homine,
281 3039 330 3119 qui
353 3037 437 3099 initio
460 3037 495 3097 ad
518 3036 674 3114 imaginem
697 3035 789 3095 lactus
811 3032 890 3105 tuit,
904 3031 956 3092 sed
979 3030 1016 3091 ad
1038 3036 1164 3090 creatam
1187 3036 1216 3089 et
1236 3044 1329 3090 reno-

102 3148 204 3200 vatam
227 3141 257 3199 in
280 3139 396 3218 Christo
419 3148 548 3199 mentem
571 3135 790 3215 suscipiendam
812 3133 913 3194 fideles
935 3130 1127 3204 hortabatur,
1150 3128 1230 3208 quod
1251 3127 1330 3189 idem

101 3240 154 3303 his
179 3239 276 3300 verbis
298 3251 429 3318 praestat
451 3239 601 3301 Ezechiel:
624 3239 723 3300 Facite
743 3237 828 3299 vobis
853 3254 905 3297 cor
927 3253 1038 3296 novam
1060 3243 1089 3295 et
1109 3235 1252 3311 spiritum
1271 3248 1329 3292 no-

101 3332 249 3416 oum;'et
271 3362 365 3423 quere
387 3347 541 3404 morimini
561 3343 666 3404 domna
688 3336 814 3402 lsrael?
860 3338 938 3411 Quia
960 3335 1032 3398 nolo
1054 3342 1180 3396 mortem
1195 3334 1329 3394 morien-

103 3450 158 3520 tia,
185 3445 256 3506 dicit
278 3446 403 3507 Adonai
419 3445 566 3505 dominus.

195 3652 243 3712 10.
288 3647 360 3708 Cum
383 3648 472 3725 igitur
499 3647 538 3733 ita
572 3645 758 3706 sentiendum
781 3644 820 3706 sit
841 3643 877 3703 de
900 3640 949 3703 illo
973 3639 1095 3719 spiritu,
1123 3637 1173 3716 qui
1201 3643 1326 3706 creatur,

101 3758 306 3828 congruenter
328 3767 445 3828 quoqne
468 3747 591 3826 intelligi
613 3754 714 3826 potest
735 3744 865 3817 tonitru,
888 3742 966 3822 qnod
989 3739 1097 3801 firmari
1120 3738 1229 3800 ibidem
1251 3736 1324 3796 dici-

99 3938 125 3989 2
146 3945 171 3987 et
189 3929 367 3999 Seguecaa'irb
384 3927 461 3986 εἶναι.
499 3935 576 3986 Ceteri
596 3942 618 3983 et
636 3934 693 3984 editi
744 3924 896 3981 domittunt.
932 3927 1027 3977 Gobler.
1046 3934 1070 3977 et
1081 3923 1219 3974 talebot.
1237 3920 1324 3971 ibidem

99 3998 172 4054 αῧιό
193 4007 313 4054 omittunt.
744 3991 839 4064 ἠὔχετο
857 3992 951 4060 λέγων.
1166 4058 1170 4067 ¹

138 4091 158 4124 c.
179 4075 236 4136 lieg.
257 4075 279 4122 l.
299 4083 322 4123 et
340 4075 438 4133 Seguer.
456 4068 631 4136 γεγενῆσθαι.
778 4072 793 4116 l.
820 4067 875 4127 Reg.
897 4066 918 4113 l.
936 4071 959 4112 ot
977 4062 1000 4111 2.
1027 4069 1050 4109 et
1073 4059 1211 4120 Seguerran.
1236 4055 1326 4105 addunt

137 4143 161 4191 d.
181 4143 223 4191 Sic
238 4142 294 4202 Reg.
308 4143 329 4189 l.
348 4152 371 4189 et
389 4140 455 4200 ingl.
490 4143 517 4189 dt
536 4139 575 4188 alii
595 4146 618 4186 et
636 4137 691 4185 edit.
743 4127 848 4187 ὁθεός,
868 4133 907 4182 alii
926 4140 950 4181 et
968 4131 1024 4180 editi
1042 4131 1160 4204 omittunt.

99 4211 221 4263 Commel.
239 4202 392 4274 γνώτωσαν
410 4199 453 4254 'o'rt
471 4216 514 4256 eto.
550 4206 611 4255 lhid.
631 4219 691 4268 quae
776 4218 798 4265 g.
817 4204 873 4261 lleg.
894 4201 915 4249 l.
935 4189 1229 4268 etSegner.nulotaoa.
1301 4258 1324 4267 ..

99 4286 238 4344 sequnntur
257 4279 287 4327 ito
307 4279 439 4326 exstant'in
459 4276 530 4336 liegio
551 4274 572 4321 l.
591 4276 690 4335 Segoer.
777 4273 798 4320 b.
818 4270 858 4318 Sic
877 4270 931 4329 lieg.
943 4268 964 4315 l.
978 4266 1107 4324 etSegnor.
1143 4261 1220 4310 Ceteri
1233 4265 1256 4306 at
1269 4258 1325 4306 edm

99 4348 202 4399 Gohier.
228 4354 251 4396 et
275 4347 379 4395 helciam.
401 4345 421 4392 l.
458 4348 484 4391 m
503 4342 616 4391 ceteriet
635 4329 691 4389 edili
742 4340 854 4389 omittunt
870 4329 967 4398 ἔλεγεν.
1005 4333 1095 4381 lhldern
1114 4334 1326 4393 quoesequuotur

99 4403 436 4534 'blitild‘lbid'l
449 4400 690 4540 ³i{{”i‘³⁰si{i⁰ass'
741 4407 877 4525 lidt‘l
899 4394 1325 4520 “hl‘hlt{limittit}
