2948 5092
193 226 234 290 32
592 239 618 285 ε.
634 238 787 284 ιτιιιιιιευ
804 238 1025 284 ιεσυιενιεσονι

104 391 229 457 εποδε
250 389 290 455 τὸ
312 387 440 456 ἀτσπον
462 391 560 454 τοῦτο
584 388 785 473 συνορῶντες
807 384 951 473 ἄρχεσθε
973 388 1087 472 λέγειν,
1111 383 1165 455 ὅτι
1180 383 1198 455 δ
1214 387 1287 468 υίὸς
1301 395 1426 475 κτίσμα

194 485 240 559 ῶν
263 490 374 569 λκανδς
395 496 533 577 γέγονεν,
557 484 644 556 ῶστε
664 484 734 554 ἀπὸ
755 491 814 554 τοῦ
836 482 1011 574 Ι’ἀγενέγιου
1032 492 1200 574 γενέσθαι,
1224 489 1262 570 ἐξ
1282 485 1425 578 ἀνάγκης

192 595 245 661 καὶ
274 592 316 660 τὰ
344 589 429 659 ἀλλα
458 590 569 657 πάντα
597 587 715 676 γενητὰ
738 587 819 656 όντα
840 588 964 657 δυνατά
984 579 1025 678 ἦν
1045 589 1139 677 παρὰ
1160 594 1220 659 τοῦ
1242 586 1424 681 ι’ἀγενήτου

191 689 473 781 αῦτουργυθῆναι·
502 698 623 776 κτίσμα
650 689 712 777 γάρ
741 685 817 757 καθ’
840 687 927 775 ῦμῦς
953 686 1118 778 κάκεῖνος,
1149 689 1264 780 ῶσπερ
1287 683 1348 761 οῦν
1368 696 1422 762 καλ

191 798 296 862 ταῦτα
317 794 436 873 πάντα,
461 793 546 860 ἐστί’
568 791 625 858 καὶ
645 792 784 879 περιττὴ
807 791 927 860 λοιπόν
948 796 1008 860 τοῦ
1029 791 1128 880 λόγου
1149 790 1169 879 ἡ
1191 802 1319 880 γένεσις
1339 794 1424 864 κατά

191 898 250 987 τὴν
279 894 381 984 ἀσεβῆ
409 898 463 963 καλ
491 894 606 982 μωρὰν
635 891 727 981 ὑμῶν
751 895 912 975 ἐπίνοιαν,
936 890 1117 982 αὐτάρκους
1139 892 1235 977 ὄντος
1255 901 1316 966 τοῦ
1339 900 1423 966 θεσῦ

191 998 235 1065 τὰ
256 998 367 1066 πάντα
389 993 590 1086 αὐτουργεῖν,
614 996 750 1065 πάντων
772 998 809 1064 δὲ
820 1000 887 1063 τῶν
895 1000 1038 1085 γενητῶν
1050 997 1239 1083 δυναμένων
1249 998 1310 1086 τὴν
1322 997 1423 1087 δίκρα-

191 1124 249 1167 τον
268 1111 363 1187 χεῖρα
382 1099 548 1186 βαστάξαι
570 1101 629 1166 τοῦ
652 1102 746 1166 θεοῦ.
792 1095 933 1185 ἀνοήτου
955 1098 995 1188 δὴ
1017 1096 1119 1187 οὔσης
1140 1094 1249 1168 αότῶν
1271 1104 1332 1189 τῆς
1352 1126 1420 1168 τοι-

193 1202 295 1291 αότης
324 1203 600 1291 φρενοβλαβείας,
629 1201 754 1285 ἰ’διυμεν
783 1198 878 1286 εἰμὴ
900 1204 954 1267 καὶ
976 1200 1016 1267 τὸ
1037 1200 1212 1288 λεγόμενον
1233 1204 1335 1279 τοῦτο
1356 1207 1420 1271 τῶν

192 1298 321 1393 ἀσεβῶν
349 1304 388 1370 τὸ
411 1303 564 1390 σόφισμα
585 1304 689 1369 πλέον
711 1304 777 1369 τῶν
800 1299 909 1369 ἀλλων
931 1297 1040 1370 αῦτῶν
1063 1299 1269 1391 ἀλογώτερον
1290 1298 1421 1393 ἀναφα·

192 1412 270 1494 νείη.
312 1400 421 1489 Ἀδὰμ
449 1402 551 1488 μόνος
578 1399 649 1469 ὑπὸ
680 1402 784 1488 μόνου
812 1407 871 1471 τοῦ
893 1408 977 1472 θεοῦ
1000 1404 1058 1471 διὰ
1079 1408 1139 1472 τοῦ
1160 1405 1260 1491 λόγου
1281 1411 1418 1492 γέγονεν.

192 1502 260 1574 ἀλλ’
286 1502 343 1573 σῦκ
366 1505 399 1572 έν
421 1508 469 1591 τῷ
491 1504 594 1572 πάλιν
616 1503 674 1571 τὸν
693 1499 803 1589 Ἀδάμ
824 1506 927 1574 πλέον
948 1509 1062 1573 τιτῶν
1077 1504 1213 1573 πάντων
1227 1501 1419 1594 ἀνθρώπιον

193 1608 277 1691 ἔχειν
304 1603 324 1696 ἢ
353 1609 524 1695 διαφέρειν
557 1609 623 1673 τῶν
651 1601 720 1691 μετ’
745 1603 846 1674 αὐτὸν
870 1605 909 1673 άν
931 1633 983 1686 τις
1005 1607 1157 1695 φήσειεν,
1188 1606 1217 1676 εί
1237 1608 1344 1691 μόνος
1359 1610 1418 1695 μὲν

191 1703 292 1788 αῦτδς
311 1704 386 1775 ’ὑπὸ
415 1708 518 1792 μόνοι·
548 1712 606 1774 τοῦ
636 1712 719 1775 θεοῦ
747 1715 932 1796 πεποίηται
953 1712 1008 1775 καὶ
1030 1710 1239 1790 πέπλασται,
1268 1707 1366 1798 ἡμεῖς
1386 1704 1445 1777 δὲ’

195 1810 319 1889 πάντες
347 1810 382 1877 ἐκ
410 1813 469 1876 τοῦ
489 1805 597 1894 Ἀδάμ
625 1810 834 1896 γεννιόμεθα,
863 1813 916 1878 καὶ
946 1810 1029 1879 κατὰ
1051 1810 1207 1898 διαδοχὴν
1227 1815 1287 1879 τοῦ
1310 1819 1419 1898 γένους

192 1911 439 1996 ουνιστάμεθα,
469 1912 531 1990 ἕως
557 1910 659 1995 μόνον
686 1916 740 1979 καί
770 1908 869 1991 αότδς
897 1912 931 1979 έκ
952 1916 1011 2001 γῆς
1033 1911 1208 1999 ἐπλάσθη,
1230 1916 1285 1980 καὶ
1307 1914 1354 2000 μή
1376 1909 1417 1980 ῶν

191 2014 363 2101 πρότερον,
387 2011 523 2100 ὕστερον
545 2019 682 2099 γέγονεν.

277 2124 306 2183 9.
351 2115 393 2183 Et
415 2117 450 2182 δὲ
472 2117 527 2182 καλ
549 2117 652 2182 πλέον
674 2140 726 2193 τις
747 2116 794 2199 τῷ
817 2115 1065 2204 προτοπλάστῳ
1088 2119 1161 2204 δοίη
1185 2114 1242 2182 διὰ
1262 2115 1304 2182 τὸ
1324 2141 1418 2204 κατι]-

193 2222 341 2296 ξιῶσθαι
361 2220 419 2304 τῆς
441 2220 499 2283 τοῦ
522 2220 606 2283 θεοῦ
627 2214 738 2303 χειρὸς
759 2210 876 2282 αὐτόν·
900 2211 969 2283 ἀλλ’
994 2217 1028 2284 έν
1050 2221 1129 2305 τιμῇ
1151 2220 1204 2284 καὶ
1227 2216 1272 2303 μὴ
1294 2222 1335 2305 τῇ
1359 2216 1418 2306 φό-

193 2343 245 2386 σει
266 2319 305 2384 τὸ
327 2320 429 2384 πλέον
452 2319 499 2397 εἷς
521 2313 621 2384 αότὸν
644 2313 662 2385 δ
685 2321 837 2399 τοιοῦτος
858 2319 1053 2405 λογιζέσθω.
1085 2318 1119 2385 ἔκ
1133 2322 1191 2407 γῆς
1205 2318 1267 2406 γάρ
1281 2326 1416 2406 γέγονεν,

193 2416 306 2504 ῶσπερ
328 2421 381 2485 καὶ
405 2418 544 2498 πάντες·
568 2422 623 2486 καί
645 2415 665 2507 ἦ
686 2422 756 2506 χείρ
779 2421 815 2486 δὲ
836 2415 858 2506 ἦ
880 2420 1039 2487 πλάσασα
1054 2419 1130 2488 τότε
1143 2419 1201 2486 τὸν
1215 2417 1333 2505 Ἀδάμ,
1349 2418 1419 2487 Ἶσίν

193 2518 273 2608 αῦτη
296 2523 350 2587 καὶ
375 2524 430 2587 νῦν
452 2524 506 2587 καὶ
530 2515 580 2588 ἀεὶ
605 2520 682 2600 τοὺς
702 2515 770 2604 μετ’
796 2520 919 2588 ἐκεῖνον
942 2522 1045 2589 πάλιν
1060 2522 1202 2589 πλάττει
1215 2525 1269 2589 καλ
1286 2523 1417 2590 διασυν-

192 2630 318 2709 ι’στησι·
346 2625 398 2689 καὶ
429 2625 527 2688 τοῦτο
558 2618 576 2688 ὁ
603 2621 687 2701 θεὸς
716 2616 815 2702 αότδς
842 2627 889 2708 τῷ
911 2625 972 2707 μὲν
991 2618 1143 2710 Ἱερεμίᾳ,
1175 2619 1220 2703 ῶς
1241 2634 1415 2711 προεῖπαν,

192 2732 310 2813 φησίν·
333 2725 400 2812 πρὸ
423 2727 481 2790 τοῦ
503 2751 545 2809 με
567 2723 697 2791 πλάσαι
719 2747 758 2792 σε
779 2723 813 2792 έν
835 2726 954 2812 κοιλίᾳ,
978 2725 1161 2809 ἐπίσταμαί
1184 2729 1260 2806 σει).
1291 2728 1369 2811 περὶ
1385 2725 1418 2791 δὲ

190 2831 256 2894 τῶν
279 2826 414 2895 πάντων
438 2827 560 2912 έλεγεν·
584 2823 603 2914 ἦ
625 2833 694 2914 χείρ
709 2850 774 2911 μου
797 2825 936 2912 έποίιγσε
949 2829 1053 2895 ταῦτα
1067 2826 1217 2907 πάνταἼ.
1247 2829 1302 2893 καὶ
1318 2825 1418 2895 πάλιν

192 2927 249 2993 διά
268 2923 405 2995 Ἠσαίου
429 2936 546 3016 φησίν·
570 2927 675 3006 οὕτως
697 2930 784 3014 λέγει
806 2927 917 3014 κύριος
939 2924 1418 3013 όλυτρσόμενόςοεκαλπλάσ-

193 3050 260 3095 σιον
283 3053 320 3095 σε
353 3029 386 3096 ἐν
415 3031 539 3117 κοιλίᾳ·
574 3028 637 3115 ε’γώ
666 3028 777 3115 κόριος
806 3026 825 3095 ό
854 3031 1019 3097 συντελῶν
1039 3029 1166 3110 πάντα,
1197 3029 1343 3110 ἐξέτεινα
1363 3028 1418 3097 τὸν

193 3123 332 3215 οῦρανὸν
353 3129 454 3213 μόνος
476 3131 531 3195 καλ
553 3129 737 3217 ἓστερέωσα
758 3130 817 3219 τὴν
839 3135 936 3220 γῆνῆ.
982 3128 1001 3197 ό
1025 3133 1062 3199 δέ
1075 3131 1188 3218 Δαβὶδ
1201 3135 1301 3199 τοῦτο
1323 3130 1420 3218 γινιό-

105 3251 279 3297 ν.ειε.σκων
303 3231 463 3315 ἔψαλλεν·
493 3232 528 3299 αλ
548 3238 654 3318 χεῖρές
677 3255 737 3300 σου
760 3232 922 3321 ἐποίησάν
944 3260 986 3317 με
1008 3237 1061 3301 καί
1086 3232 1235 3300 έπλασάν
1255 3237 1345 3319 μείγ
1366 3236 1420 3300 καλ

193 3329 211 3399 ὁ
234 3333 268 3399 έν
289 3337 337 3420 τῷ
357 3328 477 3422 Ἠσαίᾳ
499 3335 618 3420 λέγων·
641 3331 748 3413 οῦτιος
769 3336 855 3421 λέγει
877 3335 988 3422 κόρισς
1010 3331 1029 3400 δ
1050 3335 1183 3414 πλάσας
1193 3360 1237 3421 με
1248 3334 1284 3403 έκ
1293 3336 1423 3415 κοιλίας

193 3436 310 3502 δοῦλον
339 3435 488 3522 ἑαυτῷδ),
518 3440 617 3502 τοῦτο
647 3434 809 3523 σημαίνει..
855 3431 972 3504 οῦκοῦν
999 3435 1085 3503 κατὰ
1112 3434 1171 3527 τὴν
1200 3436 1302 3524 φύσιν
1325 3431 1421 3504 οῦδὲν

190 3532 282 3623 ἡμῶν
306 3537 465 3624 διαφέρει,
489 3532 548 3626 κάν
570 3538 700 3626 προάγῃ
723 3542 770 3624 τῷ
791 3538 907 3626 χρόνῳ,
932 3539 995 3618 ἕως
1014 3541 1069 3605 καὶ
1091 3542 1131 3627 τῇ
1147 3530 1229 3625 αῦτῇ
1242 3542 1329 3625 χειρί
1345 3560 1422 3606 συν-

106 3690 109 3695 .
193 3639 361 3723 ιστάμεθα
389 3643 443 3707 καὶ
470 3641 653 3726 κτιζόμεθα
685 3639 817 3721 πάντες.
863 3640 893 3708 εί
913 3648 1024 3707 τοίνυν
1047 3638 1168 3720 σῦτως,
1192 3629 1417 3726 ιῦἈρειανοί,

191 3742 246 3806 καλ
268 3744 344 3828 περὶ
367 3745 426 3807 τοῦ
448 3742 522 3809 υλσῦ
543 3747 602 3810 τοῦ
625 3747 710 3811 θεοῦ
734 3752 896 3831 φρονεῖτε,
921 3739 975 3809 ότι
990 3738 1095 3821 σῦτως
1109 3744 1162 3809 καὶ
1176 3736 1277 3821 αῦτδς
1291 3736 1422 3833 ῦπέστιγ

191 3841 248 3908 καὶ
268 3849 406 3928 γέγονεν,
432 3839 526 3912 οῦδὲν
548 3840 625 3911 καθ’
648 3842 734 3930 ῦμᾶς
755 3849 823 3912 τῶν
845 3842 955 3912 ἀλλων
975 3844 1059 3910 κατὰ
1080 3843 1139 3930 τὴν
1161 3842 1264 3931 φύσιν
1285 3842 1421 3926 διοίσει,

192 3943 254 4021 ἕως
276 3943 332 4009 καὶ
354 3940 453 4023 αι’τὸς
475 3940 533 4011 οῦκ
554 3936 608 4031 ἢν,
637 3946 694 4013 καὶ
714 3953 840 4032 γέγονε,
863 3946 920 4013 καὶ
941 3945 977 4026 έξ
998 3941 1114 4032 ἀρετῆς
1135 3943 1191 4011 καί
1212 3939 1303 4033 αότῷ
1326 3969 1425 4015 συνα-

191 4050 313 4130 κτίσθυ,
342 4049 400 4109 τοῦ
433 4041 595 4129 ὀνόματος
623 4044 642 4133 ἡ
666 4048 770 4134 χάρις.
816 4042 864 4127 εἷς
891 4045 952 4133 γάρ
981 4046 1130 4114 ἐστικαὶ
1151 4041 1265 4126 αὐτός,
1291 4040 1349 4135 ἀφ’
1375 4037 1422 4113 ῶν

192 4147 337 4230 ’λέγετε,
363 4146 442 4233 περὶ
464 4138 509 4213 ῶν
532 4149 566 4214 έν
590 4151 739 4234 ψαλμοῖς
760 4150 799 4215 τὸ
820 4149 952 4233 πνεῦμά
976 4171 1091 4236 φησιν·
1122 4143 1221 4226 αότδς
1244 4143 1335 4229 εἶπε,
1365 4149 1422 4214 καὶ

263 4404 285 4463 ι)
304 4404 389 4455 terem.
410 4405 433 4463 1,
452 4405 475 4453 5.
562 4405 588 4465 ιν
607 4407 661 4456 εει.
680 4406 721 4467 οε,
741 4406 764 4457 υ.
852 4407 878 4465 3)
895 4406 950 4456 ssa.
969 4408 1012 4468 ιι,
1031 4406 1070 4456 ιι.
1158 4406 1184 4464 ιν
1202 4404 1267 4455 ναι.
1289 4399 1420 4471 notus.

190 4467 269 4533 tm,
288 4472 328 4521 τε.
398 4474 423 4525 ει
443 4473 497 4521 ευ.
516 4472 558 4533 ιε,
577 4472 600 4522 ε.
