2934 5078
438 247 547 292 orario
563 247 602 290 rr.
620 247 885 293 communires.
928 228 936 237 ’
1202 234 1265 298 617

34 401 115 464 modi
138 400 258 474 dicitur,
279 397 501 478 intelligendum
524 406 580 472 est,
602 397 714 461 uon’ei
735 403 871 477 unquam
887 397 1029 478 indigenti
1044 399 1138 462 luisse
1153 400 1349 476 detumuere

34 504 86 565 sed
115 501 232 562 bomini
259 519 314 581 per
336 501 436 580 ipsum
457 499 596 561 Verbum.
640 498 758 560 Etenim
780 501 917 580 quisquis
939 519 995 580 pro
1018 501 1076 562 alio
1098 500 1264 578 intercedit,

34 604 160 684 gratiam
182 602 249 682 ipse
270 601 387 681 accipit,
409 619 470 663 nou
493 620 550 681 qua
572 599 712 679 indigeat,
736 600 790 662 scd
811 609 935 681 propter
956 600 1047 676 illum,
1071 603 1156 665 cuius
1178 622 1266 666 causa

36 704 205 766 intercedit

124 807 155 867 7.
199 803 345 866 Nimirum
372 800 622 882 quemadmodum
651 809 772 863 nostras
801 801 987 866 infirmitates
1009 803 1075 884 ipse
1096 823 1157 866 nou
1179 806 1265 867 indr-

35 925 104 967 mus
127 905 270 986 suscepit,
293 912 324 966 et
344 903 468 966 esurivit
488 902 622 983 quamvis
644 920 707 965 uon
729 904 884 977 esuriens,
906 882 1064 981 utfnostsa
1084 906 1166 968 Patri
1189 908 1266 969 ode-

36 1025 109 1067 rens
133 1005 255 1078 deleret,
288 1005 329 1066 ita
350 1023 406 1084 pro
428 1001 650 1066 infirmitatibus
672 1002 751 1067 dona
773 1023 790 1065 a
812 1004 874 1067 Deo
896 1006 962 1084 ipsc
983 1006 1098 1086 accipit,
1121 1016 1155 1069 ut
1173 1007 1266 1070 homo

35 1108 94 1187 ipsi
125 1107 301 1168 coniunctus
330 1106 437 1167 borum
465 1106 613 1186 particeps
643 1122 713 1168 esse
740 1114 837 1185 queat
881 1106 958 1169 llinc
984 1108 1050 1187 ipse
1071 1108 1127 1171 ait:
1159 1109 1268 1173 &nair

35 1227 231 1291 quaecuuque
252 1207 457 1271 dedistismihi
476 1209 545 1271 dedi
564 1211 615 1279 eir,
639 1207 812 1269 etiterum:
832 1226 892 1287 pro
916 1213 960 1271 eie
982 1227 1068 1290 rogo.
1104 1208 1164 1271 Pro
1180 1209 1268 1273 nobis

35 1327 147 1390 nempe
168 1308 306 1387 rogabat,
329 1307 397 1380 bis,
420 1326 496 1386 quae
516 1315 622 1370 nostra
644 1317 731 1382 suut,
755 1309 919 1389 susceptis,
947 1317 977 1372 et
998 1310 1085 1371 dabat
1106 1329 1182 1390 quae
1203 1314 1268 1391 ipse

36 1409 212 1491 accipiebat.
255 1408 404 1482 Quoniam
436 1409 526 1489 igitur
547 1408 646 1471 Verbo
673 1409 831 1471 coniuncto
854 1429 920 1472 cum
943 1411 1062 1472 bomine
1084 1411 1172 1473 Pater
1193 1430 1267 1492 pro-

35 1520 105 1592 pter
127 1511 229 1590 ipsum
249 1509 379 1571 Verbum
400 1509 514 1571 bomini
537 1509 642 1584 dabat,
671 1518 705 1572 ut
732 1511 910 1573 exaltaretur
932 1530 1109 1592 omnemque
1131 1521 1268 1593 potesta-

35 1623 97 1674 tem
120 1612 246 1674 baberet
267 1620 298 1672 et
315 1612 370 1673 alia
386 1611 573 1685 buiusmodi3
595 1611 707 1673 ideirco
729 1614 828 1674 omnia
853 1613 1060 1675 adscribuntur
1081 1614 1139 1694 ipsi
1159 1604 1268 1689 Verbo,

36 1715 86 1777 cui
115 1722 146 1776 et
176 1713 267 1774 veluti
295 1713 403 1776 dantur
423 1730 616 1792 quaecuuque
631 1731 694 1775 uos
716 1732 771 1794 per
793 1714 891 1794 ipsum
914 1715 1085 1795 accipimus.
1127 1714 1167 1778 Ut
1188 1694 1268 1778 enini

37 1822 165 1894 propter
191 1832 249 1876 nos
278 1815 369 1876 bomo
392 1815 487 1876 lactus
508 1821 571 1888 est,
599 1815 639 1876 ita
660 1832 718 1876 nos
740 1825 864 1894 propter
886 1834 953 1877 eum
976 1817 1146 1880 exaltamur.
1157 1814 1270 1911 41tihil

36 1917 131 1995 igitur
160 1915 281 1977 absurdi
304 1923 367 1988 est,
401 1915 428 1976 si
450 1915 697 1994 quemadmodum
720 1917 851 1996 seipsum
873 1926 997 1998 propter
1018 1935 1075 1982 nos
1096 1916 1270 1991 humiliavit,

30 2018 80 2097 ‚ita
109 2024 141 2078 et
167 2026 292 2096 propter
320 2035 377 2078 nos
400 2017 519 2079 exaltari
541 2016 663 2078 dicatur.
707 2017 808 2097 Itaqud
831 2018 956 2082 dmcoit
976 2018 1039 2092 itt,
1061 2018 1091 2082 id
1114 2025 1161 2082 est
1181 2018 1270 2081 nobis

35 2127 164 2199 propter
186 2117 300 2198 ipsum,
330 2126 360 2180 ct
389 2118 556 2195 exultavit,
590 2118 622 2178 id
651 2126 698 2180 eet
724 2137 783 2180 nos
811 2120 842 2181 in
870 2120 949 2200 ipso.
1005 2119 1133 2182 Verbum
1167 2138 1269 2199 porro,

36 2238 105 2280 cum
128 2235 188 2279 uos
211 2219 388 2293 exaltamur,
411 2219 571 2299 accipimus
594 2226 625 2280 et
645 2219 828 2293 adiuvamur,
851 2221 935 2301 quasi
959 2220 1057 2301 ipsum
1079 2220 1268 2294 exaltaretur,

35 2320 188 2398 acciperet
214 2327 261 2381 est
289 2320 492 2393 adiuvamur,
522 2320 630 2399 gratias
652 2318 712 2400 agit
732 2319 823 2395 Patri,
846 2331 1008 2401 nostraque
1040 2322 1072 2382 in
1104 2340 1138 2383 se
1169 2320 1355 2401 ipsumrnn.

43 2420 190 2481 transfert
212 2429 242 2479 et
263 2419 320 2481 ait:
356 2421 465 2483 Omnia
486 2439 679 2503 quaecunque
701 2423 812 2484 dedisti
829 2423 905 2484 milti
925 2424 995 2485 dedi
1014 2426 1066 2484 eir.

126 2724 158 2788 8.
201 2722 302 2783 Ariani
330 2721 453 2785 Eusebii
482 2721 618 2800 gregales
645 2740 714 2785 cunr
736 2720 811 2783 Filio
838 2719 1017 2799 principium
1046 2720 1192 2783 existendi
1214 2720 1271 2783 tri·

35 2825 153 2896 bunut,
183 2823 324 2884 simulant
353 2841 387 2884 se
416 2822 497 2884 nolle
525 2842 593 2884 eum
615 2823 699 2903 regni
721 2822 899 2902 principium
920 2822 1040 2883 babere.
1083 2821 1171 2902 Atqui
1194 2822 1273 2884 istud

36 2925 201 2988 ridiculum
222 2925 327 2997 luerit3
357 2923 505 3003 siquidem
536 2925 586 3004 qui
607 2924 683 2985 Filio
707 2924 756 2985 dat
778 2922 924 2984 existendi
945 2923 1273 3007 principium-mani·

36 3028 119 3088 leste
148 3024 328 3106 principium
356 3044 474 3104 quoque
503 3024 647 3105 regnandi
674 3024 716 3086 illi
746 3023 811 3097 dat,
843 3042 878 3085 ac
903 3022 1030 3104 proinde
1052 3023 1171 3085 latendo
1193 3023 1274 3104 quod

37 3135 154 3206 negant
185 3145 219 3187 se
253 3144 355 3188 caecos
384 3127 444 3206 ipsi
472 3145 541 3189 esse
563 3126 702 3206 produnt.
747 3125 807 3199 Qui
825 3110 900 3186 item
923 3125 1006 3188 aiunt
1025 3143 1141 3187 merum
1162 3141 1275 3187 nomen

37 3229 111 3290 Filii
141 3245 227 3300 esse,
255 3226 361 3289 Filium
389 3235 488 3289 autem
509 3228 563 3289 Dei
590 3227 621 3289 id
653 3234 701 3289 est
721 3226 851 3308 Verbum
872 3226 969 3289 Patris
992 3214 1123 3289 essentia
1146 3234 1177 3287 et
1198 3225 1273 3289 sub·

10 3320 14 3330 ’
38 3329 155 3391 annua
176 3346 298 3389 vacuum
322 3346 407 3404 esse,
437 3331 553 3409 lingunt
574 3347 609 3390 se
630 3327 774 3390 adversus
795 3327 863 3389 illos
886 3327 1034 3407 indignari
1042 3329 1060 3402 ,’
1084 3327 1135 3408 qui
1156 3325 1274 3389 dicunt:

39 3430 114 3492 run
143 3428 300 3509 aliquando
328 3448 394 3492 cum
422 3448 485 3491 non
513 3438 602 3492 esset
647 3429 735 3508 Atqui
758 3429 789 3490 id
811 3429 899 3490 etiam
921 3427 1079 3491 ridiculum
1100 3437 1157 3490 est
1201 3427 1276 3490 Nam

39 3532 95 3612 qui
125 3529 209 3592 illum
239 3549 279 3592 ne
307 3548 377 3594 esse
405 3530 524 3611 quidem
546 3529 666 3607 volunt,
698 3530 756 3592 illis
778 3537 974 3604 succensent,
1006 3526 1148 3608 quicum
1170 3528 1276 3590 saltem

41 3643 184 3712 tempore
216 3650 286 3694 esse
316 3632 493 3695 concedunt.
537 3631 641 3711 ltaque
672 3631 704 3693 bi
733 3632 822 3694 etiam
849 3631 1028 3694 confitentur
1055 3630 1136 3710 quod
1158 3636 1277 3708 negant,

42 3751 114 3797 cum
136 3732 212 3795 alios
234 3733 468 3812 reprehendunt.
511 3734 671 3796 Praeterea
691 3732 865 3805 Eusebiani‚
888 3733 938 3811 qui
960 3731 1066 3793 Filium
1088 3730 1277 3802 confitentur,

43 3853 116 3897 eum
147 3841 253 3896 natura
284 3834 411 3895 Verbum
440 3852 509 3897 esse
535 3840 661 3914 negant,
694 3833 817 3912 solaque
845 3831 1024 3912 cogitatione
1051 3829 1139 3890 Verbi
1167 3845 1278 3889 nomeu

43 3934 123 3997 Filio
144 3935 250 3997 nolunt
271 3935 405 4010 concedi,
428 3935 477 3997 alii
498 3953 587 4010 vero,
609 3934 658 4017 qui
682 3934 811 3996 Verbum
834 3933 1028 4005 confitentur,
1050 3937 1159 4010 negant
1179 3930 1278 4009 ipsum
1324 3965 1329 3973 -

41 4180 230 4266 {tantinum
259 4178 373 4242 ἑαυτὸν,
406 4171 493 4242 οὕτως
517 4181 564 4235 καὶ
597 4174 637 4234 δι’
668 4176 780 4267 ,ἀρχὴν
796 4172 874 4266 equr.
897 4185 972 4264 l’anlo
988 4174 1200 4250 postSegucr.pir
1217 4181 1280 4244 dcv·

43 4252 145 4332 qpaeie.⁸
337 4318 349 4327 η
376 4322 381 4332 .
570 4321 585 4333 ..
690 4249 818 4304 λευεσθαι
834 4267 923 4320 αρχην
941 4262 986 4304 etc.

44 4323 165 4441 ‘aasz
179 4319 429 4452 ἓξὲειὸιῗᾶθωῖ.
448 4319 641 4452 saffiram}
725 4356 742 4404 l.
766 4355 881 4432 Sic-fleg.
899 4363 923 4404 et
940 4354 1040 4416 Seguer.
1075 4351 1104 4402 lt
1121 4349 1162 4401 alii
1180 4355 1206 4402 ct
1223 4346 1281 4400 edin
1409 4390 1417 4402 .

43 4455 138 4521 anglic.
163 4446 254 4525 ἀρχὴν
277 4452 331 4505 zac
424 4492 431 4507 .
472 4455 518 4508 llil
536 4464 561 4507 et
582 4454 641 4523 du
689 4433 900 4488 'mmmm‘
