2948 5092
224 263 250 306 s.
261 261 418 307 armaten
431 258 652 306 inmmerscorr
666 260 834 305 cursorius
849 262 964 306 conara
980 263 1113 307 annuos.
1223 251 1280 312 ttt

67 412 224 498 λοιστίνης
244 413 304 477 τοῦ
326 404 398 476 dard
420 412 653 495 γραμματικῶν
673 415 830 495 τέταρτον
851 409 909 476 τὸν
923 410 1077 499 παρόντα
1091 411 1187 498 λόγον
1208 407 1368 480 dramata

65 512 158 594 μύζει.
182 507 201 577 ὃ
224 513 261 579 δὲ
283 511 317 580 ir
333 506 442 591 ὁσίοις
457 509 631 597 Θεόδωρος
653 510 838 591 ἐπίσκοπος
859 515 917 600 τῆς
932 516 1052 601 papir,
1076 507 1156 601 ἀνὴρ
1172 514 1284 601 λόγιος

63 616 105 679 καὶ
128 613 368 700 συγγράμματα
389 612 639 692 καταλελοιπὼς
660 607 856 700 ἇξιάγαστα,
886 613 921 683 ἐν
943 618 990 702 τῷ
1010 615 1095 683 κατὰ
1116 611 1283 704 ἇγνοητῶν

62 710 153 782 αι’-τοῦ
182 715 329 803 διαλόγῳ
363 721 519 802 τέταρτον
550 717 610 781 τοῦ
640 711 735 801 ἆγίου
760 709 968 784 §tamarica
994 717 1079 784 κατὰ
1102 712 1283 805 Ἀρτιανῶν

61 818 148 903 λόγον
172 812 330 901 ὀνομάζει
347 815 405 883 τὸν
426 819 481 884 καὶ
506 817 540 884 ἐν
561 817 647 904 τῷδε
667 820 714 905 τῷ
728 816 835 901 τεύχει
849 825 1005 905 τέταρτον
1019 826 1177 905 κείμενον,
1202 809 1282 906 oiri

59 914 140 1005 ἀρχή·
166 914 470 1005 οἱἎρειομανίται,
495 915 541 998 aia
563 919 658 995 iosus,
680 926 848 1006 κρίναντες
869 916 963 1001 ἅπαξ
983 916 1174 989 ἀποστάται
1195 926 1285 1008 γενέ-

58 1027 145 1086 adae.
192 1024 232 1086 Id
252 1036 316 1087 est:
340 1024 435 1098 Haec,
464 1042 539 1103 quae
560 1024 609 1086 hic
629 1023 803 1087 inscribitur
825 1025 928 1088 Oratio
949 1027 1044 1106 prima
1065 1026 1096 1088 S.
1119 1026 1284 1104 Athanasii,

10 1138 16 1145 ·
57 1129 80 1186 in
100 1125 256 1205 aliquibus
278 1123 502 1206 Exemplaribus
525 1133 628 1205 quarta
650 1124 768 1188 dicitur.
811 1124 850 1188 Et
869 1145 941 1188 aero
970 1127 1078 1207 impius
1100 1128 1230 1190 Severus
1251 1127 1284 1191 in

56 1229 195 1306 agesimo
226 1226 313 1289 tertio
342 1227 437 1306 capite
472 1226 538 1288 iibri
567 1227 645 1289 tertii
678 1227 821 1290 advorsus
851 1228 993 1290 loannem
1022 1248 1038 1291 a
1067 1228 1281 1302 Grammaticis,

56 1332 216 1391 Caesareae
232 1330 261 1389 in
277 1328 442 1390 Palaestina
458 1328 650 1409 Episcopum,
666 1337 800 1408 quartam
816 1330 943 1409 appellat
957 1339 1144 1410 praesentem
1161 1330 1282 1393 Oratia-

55 1450 127 1492 nem.
173 1433 212 1490 Αι
235 1438 355 1492 sanctus
378 1430 556 1491 Theodorus
578 1429 743 1511 Episcopus
765 1430 897 1505 Pharan,
927 1433 973 1492 vir
1000 1432 1151 1503 eruditos,
1181 1430 1284 1510 quiet

56 1535 169 1612 egregia
184 1531 306 1610 reliquit
321 1532 429 1610 Opera,
451 1531 482 1591 in
505 1550 560 1593 suc
580 1531 722 1592 adversus
737 1532 886 1610 Agnodtas
901 1532 1022 1612 Dialogo
1038 1541 1172 1614 quartam
1187 1531 1283 1594 sancti

55 1635 204 1696 Athanasii
229 1634 402 1695 Orationem
426 1640 527 1695 contra
548 1633 673 1695 Arianos
696 1633 839 1713 appellat,
867 1653 942 1714 quac
969 1634 1039 1696 item
1062 1636 1121 1698 isto
1143 1633 1174 1695 in
1196 1634 1282 1696 voiu-

54 1737 128 1798 mine
165 1745 270 1815 quarta
299 1744 360 1807 est,
395 1735 477 1797 ouius
511 1735 644 1797 videlicet
670 1736 786 1797 initium
815 1746 880 1798 est:
916 1736 1160 1817 Quandoquidem
1190 1734 1283 1796 semol

55 1838 161 1912 Ariani,
184 1845 221 1898 nt
241 1837 368 1908 ridetur,
391 1838 520 1898 animum
543 1837 724 1899 induxerunt
745 1857 762 1899 a
784 1839 907 1900 veritate
929 1839 1106 1901 desciscere.
1136 1837 1217 1900 Haec
1232 1837 1282 1908 idi,

56 1960 123 2021 qaae
146 1945 221 2001 item
243 1938 393 2000 indentur
414 1942 447 1999 iu
471 1939 574 2001 Codice
597 1940 790 2020 Godieriano,
813 1958 905 2022 eaque
927 1940 1146 2003 Falcirmannus
1161 1943 1204 2000 ait
1219 1956 1284 2000 esse

57 2043 209 2105 mindam
231 2039 368 2102 lectoris
390 2039 521 2102 Romani
539 2045 669 2112 nomine,
693 2046 745 2122 qui
760 2041 894 2103 Codioem
909 2040 1125 2105 Godierianum
1147 2043 1282 2120 scripsit.

57 2143 134 2205 Μία·
154 2143 269 2205 Graeci
289 2141 410 2203 Codices
433 2154 462 2204 et
482 2160 537 2203 ms.
572 2141 766 2204 Feietrnanni
785 2145 936 2205 secundus
960 2144 1028 2206 iicet
1051 2143 1138 2206 iiiam
1157 2141 1283 2222 Episto-

60 2244 111 2305 iass
132 2262 197 2306 uon
220 2244 391 2305 inscribant
413 2247 546 2323 primam
569 2243 762 2315 Orationem,
794 2255 893 2306 tamen
915 2264 993 2317 eam,
1022 2264 1111 2327 quam
1138 2250 1199 2306 iam
1224 2260 1282 2305 nas

59 2350 179 2424 primam
206 2346 417 2414 inscribimus,
445 2345 607 2407 secundam
634 2345 799 2426 appellant.
844 2344 882 2406 In
905 2346 1069 2408 Basiiiensi
1091 2347 1196 2409 Codice
1218 2356 1282 2407 tres

62 2451 167 2526 primae
191 2446 357 2509 Orationes
386 2446 486 2507 eadem
515 2447 622 2508 ordine
649 2464 707 2526 qua
735 2449 796 2508 iam
823 2465 842 2508 a
870 2447 956 2509 nodis
978 2459 1196 2517 numerantur,
1230 2447 1284 2509 ssd

66 2568 142 2628 pam
164 2559 306 2629 quartam
329 2546 531 2617 interibimus,
553 2548 596 2608 idi
616 2559 706 2611 senta
728 2549 855 2621 dicitur3
877 2550 962 2627 [arte
983 2567 1086 2629 nempe
1108 2550 1187 2628 quad
1208 2549 1283 2628 Epi·
1370 2626 1374 2632 ι

69 2651 134 2711 stola
154 2650 316 2727 Eurydica
338 2650 378 2710 ad
399 2649 564 2729 Episcopus
583 2650 710 2728 Aepppti
730 2660 758 2710 et
773 2649 882 2728 Libyae
904 2654 936 2710 in
958 2649 1108 2730 aliquibus
1126 2650 1281 2712 Codicidus

10 2790 13 2795 -
71 2752 162 2814 Oratio
186 2761 299 2832 quarta
321 2755 354 2810 in
369 2749 501 2812 Arianos
523 2750 707 2830 appellatur,
732 2763 760 2812 et
778 2752 886 2812 Oratio
903 2752 937 2812 de
957 2750 1172 2812 incarnatione
1187 2752 1281 2823 cerii,

72 2857 139 2913 tuias
167 2856 290 2914 initium
312 2848 344 2913 oi
367 2853 565 2930 κακοτέχνοις
571 2900 580 2929 ,
611 2857 715 2933 pastura
737 2862 934 2922 numeratur,
967 2863 1002 2913 ut
1034 2855 1067 2911 in
1089 2850 1286 2914 Falcimannr'

72 2959 156 3031 quinta
180 2954 286 3016 Codice
306 2972 361 3014 ms.
407 2953 444 3014 In
460 2953 549 3033 Rapio
573 2973 627 3015 ms.
643 2954 747 3016 Codice
771 2952 929 3014 chartaceo
946 2963 1008 3014 tres
1020 2956 1140 3032 primae
1160 2963 1284 3017 enatant

74 3054 217 3117 Orationes
241 3056 341 3115 eodem
369 3059 463 3125 serie,
491 3066 527 3116 ut
554 3056 608 3115 irae
635 3059 669 3116 in
696 3067 805 3117 nostra
827 3055 981 3124 Editione,
1010 3065 1201 3126 numeratae,
1230 3056 1283 3117 sed

73 3167 162 3233 prarta
184 3158 277 3219 deest.
322 3155 360 3215 in
387 3156 447 3216 aiio
470 3155 560 3235 Rapio
584 3161 712 3236 aptr'rnae
733 3170 834 3219 natae.
849 3175 905 3217 ms.
932 3157 1050 3226 Codice,
1079 3161 1132 3236 qui
1155 3157 1282 3217 mediam

74 3257 187 3336 Operam
209 3258 241 3318 S.
267 3257 428 3319 Athanasii
442 3269 563 3342 purtem
587 3263 732 3329 enutriret,
768 3259 844 3320 duae
871 3258 993 3322 ultimae
1022 3261 1109 3319 initio
1133 3257 1282 3319 nudentur

74 3358 233 3430 Orationes,
265 3377 340 3438 qaae
368 3364 436 3420 item
463 3360 571 3422 ididem
593 3363 736 3421 tertiari
758 3370 867 3438 quarta
890 3370 1118 3439 nuncupantur.
1163 3358 1224 3420 Sed
1244 3379 1283 3422 ne

72 3459 168 3522 disum
190 3467 224 3522 in
243 3462 465 3540 percurrendis
488 3464 706 3541 manuscriptis
731 3460 886 3521 Cadiu'ius
908 3463 1122 3529 t'mnearemur,
1144 3461 1213 3522 vide
1234 3463 1282 3523 di·
1351 3467 1359 3477 “

72 3573 226 3643 raeparator
250 3561 406 3634 laedones,
441 3580 515 3642 quas
538 3562 672 3623 studiose
694 3562 866 3641 colleptmus
889 3562 928 3621 ad
950 3565 1069 3622 initium
1090 3562 1283 3639 sinpuiarum
1340 3644 1343 3648 Δ

73 3662 248 3735 Orationum,
271 3681 325 3724 uec
347 3681 410 3724 uon
431 3662 585 3743 Epistaiae
607 3662 782 3742 Euryciicae
805 3663 845 3723 ad
860 3663 1024 3743 Episcopus
1040 3663 1167 3743 Aepppti
1186 3673 1216 3724 et
1230 3661 1283 3724 tr-

12 3750 18 3761 ’
70 3762 127 3842 ipae
147 3778 176 3830 et
201 3764 360 3826 Tractatus
387 3766 476 3827 mado
498 3769 657 3827 memorati
681 3766 715 3826 de
738 3764 964 3827 incarnatione.
1009 3762 1103 3824 Multi
1120 3776 1282 3844 praeterea

69 3872 169 3949 ratiqui
190 3866 366 3946 Scriptores
394 3868 496 3928 eodem
518 3868 625 3928 ordine
645 3866 717 3927 illas
740 3871 876 3927 citerani
900 3866 1064 3926 Orationes
1085 3882 1121 3926 ac
1143 3883 1199 3926 uas
1221 3883 1283 3926 nu-

67 3984 219 4041 eeramus,
242 3978 279 4029 ut
303 3967 438 4047 cyrillus
460 3966 699 4040 Alexandrinus,
727 3966 944 4037 Theodoretus,
967 3966 1158 4029 lastinianus
1181 3966 1282 4047 Impe-

68 4082 150 4135 rator,
172 4071 418 4152 quemadmodum
441 4074 505 4131 suis
528 4073 560 4131 in
583 4069 657 4130 loeis
680 4071 884 4131 observamus.
923 4067 1030 4129 Verum
1044 4067 1123 4129 atad
1145 4086 1220 4149 opus
1236 4079 1283 4129 est

67 4168 186 4250 ianpiare
209 4173 424 4251 disputatione,
450 4190 516 4233 cum
539 4171 656 4233 clarum
678 4175 719 4233 sit
741 4189 780 4233 en
802 4172 880 4232 disce
902 4174 976 4250 ipsis
999 4179 1132 4250 quatuor
1156 4168 1282 4231 Oratio·

66 4273 147 4346 sadus,
167 4274 247 4336 nituit
268 4292 320 4335 eas
346 4292 499 4335 commane
521 4293 587 4335 cum
608 4273 674 4335 uilo
696 4273 758 4334 aiio
783 4273 883 4353 Opere
907 4272 1029 4344 habere,
1061 4273 1113 4333 sed
1135 4276 1178 4332 ita
1199 4274 1364 4330 intermeat.

65 4391 89 4435 se
109 4378 281 4451 rainerere,
316 4387 351 4438 ut
372 4395 468 4436 ararem
490 4381 574 4455 ipsae
599 4375 682 4455 Opus
706 4373 797 4436 simui
818 4375 996 4455 conficiant,
1027 4391 1158 4454 patarum
1176 4374 1280 4450 prima

64 4481 96 4537 sit
111 4485 305 4561 principium,
330 4489 443 4561 marta
465 4488 565 4541 autem
587 4480 720 4540 omnium
742 4480 783 4538 sit
803 4477 885 4558 finis,
908 4494 1084 4557 ακοντισαι
1101 4473 1136 4536 oi
1159 4490 1280 4539 eausam
