2934 5078
458 232 702 304 ,ssusoennuo
718 233 914 281 emnam.
1124 300 1126 305 Α
1232 224 1290 288 681

69 388 109 449 its
132 385 276 466 seriptum
298 386 385 448 vobis
408 393 552 448 occurret.
597 383 656 447 Sed
682 395 785 448 eontra
813 387 843 447 in
867 386 974 450 Genesi
997 388 1224 469 scriptumest:
1255 391 1378 456 essai.

69 491 207 570 Spiritus
230 488 288 551 Dei
307 490 467 568 ferebatur
495 505 588 566 super
610 505 719 569 aquas,
742 495 771 549 et
792 488 880 567 poulo
902 498 987 568 post:
1017 490 1088 554 Non
1106 494 1294 573 permanebit

69 590 207 672 Spiritus
235 608 318 652 meus
347 594 380 652 in
402 589 569 651 hominibus
591 587 653 661 luis,
686 592 757 669 quia
785 607 892 651 earnes
920 602 1003 654 sunt.
1047 592 1085 654 Et
1105 594 1136 655 in
1157 593 1293 657 Numerio

68 692 141 754 dicit
162 691 281 770 Moyses
304 690 339 751 ad
361 690 452 752 lilium
474 689 568 751 Nave:
591 687 635 752 Ne
655 678 732 752 mill
750 690 922 754 aemuleris.
970 693 1046 767 Quis
1069 697 1212 767 tribuerit
1233 696 1294 761 Po-

65 794 177 876 pulum
200 793 324 855 Domini
343 810 406 855 esse
429 791 612 873 Prophetas,
642 809 708 854 oum
729 792 845 856 dederit
865 793 1013 857 Dominus
1035 795 1186 876 Spiritum
1207 818 1296 862 sauss

70 914 164 976 super
187 893 263 956 eos?
304 894 343 955 Et
364 894 394 955 in
416 893 549 954 iudicum
570 891 653 955 libris
680 891 718 954 de
740 892 881 956 Othonis!
902 894 1025 957 dieitur:
1054 897 1095 960 Bt
1119 900 1221 977 faetus
1249 911 1295 964 sst

71 1017 165 1078 super
187 1016 253 1059 eum
275 994 569 1075 SpiritusDomini,
597 1003 626 1058 el
647 994 792 1057 iudicavit
812 995 930 1069 Israil,
961 1006 991 1058 et
1011 999 1113 1077 faetus
1135 1011 1179 1062 est
1201 1020 1295 1081 super

51 1098 175 1180 ¹iepltte
197 1099 333 1180 Spiritus
355 1096 487 1159 Domini.
531 1095 567 1156 Et
587 1095 625 1156 de
639 1094 801 1158 samsone:
826 1097 936 1169 Creuit,
960 1097 1064 1178 inquit,
1083 1119 1173 1181 puer,
1197 1112 1226 1165 et
1240 1103 1377 1165 lenem.

67 1202 187 1263 nedixit
209 1204 237 1262 ei
257 1199 414 1269 Dominus,
438 1200 586 1278 coepitque
609 1195 743 1279 Spiritus
760 1197 883 1260 Domini
902 1202 949 1262 ire
972 1219 1038 1262 eum
1059 1202 1124 1273 illo,
1147 1211 1176 1264 et
1191 1202 1294 1268 irruit

68 1306 101 1363 ia
123 1321 191 1364 eum
213 1301 349 1382 Spiritus
362 1296 506 1362 'Domini
548 1298 639 1360 David
661 1298 732 1361 item
754 1299 867 1379 psallit:
889 1300 1040 1382 Spiritum
1058 1313 1195 1366 sanatum
1210 1317 1295 1368 tuum
1350 1310 1355 1317 ‘

70 1422 106 1464 ne
127 1404 256 1482 auferas
280 1422 298 1464 a
319 1421 374 1464 me.
418 1400 454 1462 Et
476 1419 581 1462 rursus
603 1399 634 1461 itt
655 1399 773 1462 Psalmo
802 1402 965 1464 centesimo
994 1404 1219 1486 quadragesimo
1241 1425 1293 1469 ss·

71 1505 184 1567 cundo:
214 1503 351 1585 Spiritus
381 1513 452 1565 luas
482 1503 577 1565 bonus
600 1503 722 1567 dsduset
748 1522 794 1564 me
815 1509 848 1566 in
871 1517 987 1567 terram
1007 1518 1135 1579 restam,
1165 1517 1295 1589 propter

70 1625 179 1669 nomen
201 1616 302 1676 tuum,
324 1605 465 1676 Domine,
493 1604 659 1684 vivificatis
680 1623 735 1666 me.
779 1604 813 1665 itt
835 1605 922 1668 Esaia
944 1625 1062 1686 quoque
1083 1608 1225 1689 scriptum
1247 1609 1294 1671 ie-

69 1708 183 1787 gimus:
207 1707 342 1787 Spiritus
364 1706 487 1768 Domini
507 1723 600 1785 super
621 1722 685 1784 me,
709 1717 878 1786 propterea
905 1712 997 1772 anais
1025 1728 1080 1772 me.
1122 1712 1198 1772 Ante
1220 1708 1295 1791 quse

70 1809 159 1870 verbs
175 1809 284 1870 dietum
308 1817 384 1869 orat:
411 1808 466 1869 Vae
487 1808 548 1888 filii
568 1808 748 1871 desertores.
791 1807 873 1871 Haeo
894 1811 965 1872 diait
984 1810 1147 1874 Dominus:
1171 1813 1295 1878 Fecistis

69 1910 231 1973 eonsilium
252 1930 315 1972 noa
333 1930 392 1992 per
412 1929 473 1982 me,
503 1921 533 1973 et
550 1920 657 1990 pasta,
685 1910 739 1972 ssd
766 1929 829 1973 non
854 1930 915 1992 per
936 1911 1086 1992 Spiritum
1111 1933 1223 1986 meum,
1256 1916 1296 1978 ad

66 2023 193 2093 peecata
212 2017 343 2093 peccatis
365 2012 510 2075 addenda.
554 2011 736 2075 utiterum:
768 2014 877 2075 Audite
899 2013 988 2076 laea:
1011 2013 1081 2078 Non
1102 2035 1121 2077 a
1139 2021 1294 2100 principio

69 2117 102 2175 iss
124 2115 299 2177 abscondito
325 2114 441 2177 loeutus
464 2131 539 2175 sum.
587 2113 660 2176 Cum
679 2113 777 2195 fieret,
799 2113 863 2176 illia
884 2134 976 2188 eram,
999 2126 1028 2178 et
1050 2135 1131 2179 nuno
1143 2117 1294 2183 Dominus

68 2219 151 2277 misit
172 2235 217 2277 me
240 2225 268 2277 et
289 2215 424 2295 Spiritus
446 2219 520 2278 eius.
564 2213 677 2276 Deinde
698 2198 800 2294 paucis
823 2215 984 2278 interiectis
1012 2217 1108 2283 attis:
1141 2219 1206 2283 Hos
1227 2224 1296 2302 soe-

69 2317 127 2378 dus
149 2335 247 2379 meum
269 2336 334 2378 aum
356 2321 445 2398 ipsis,
475 2315 739 2390 dimittentium
769 2315 904 2397 Spiritus
927 2338 1026 2392 meus,
1055 2327 1108 2404 qui
1132 2332 1177 2385 est
1202 2328 1235 2386 in
1258 2335 1295 2387 te.

68 2415 107 2479 Et
127 2416 159 2478 in
181 2418 238 2490 his,
262 2437 337 2497 quse
358 2427 537 2498 sequuntur,
567 2436 671 2480 rursus
692 2419 747 2479 sit:
770 2417 840 2481 Non
863 2420 976 2498 leuatus
998 2441 1052 2484 nee
1075 2424 1222 2504 Ampelos,
1244 2427 1297 2489 sed
1413 2496 1417 2505 ,

68 2524 133 2601 ipse
155 2520 304 2582 Dominus
327 2526 464 2582 seruauit
485 2540 546 2595 eas,
569 2524 639 2601 quia
660 2518 730 2582 illos
753 2520 893 2599 dilr'pelat
910 2532 944 2583 et
960 2527 1034 2602 ipsis
1047 2526 1208 2603 paroelat3
1232 2530 1295 2606 ipse
1328 2524 1332 2531 ’

70 2622 196 2683 redemit
218 2640 269 2683 eos
291 2632 320 2684 et
341 2627 485 2685 assumsit
507 2641 573 2696 eos,
607 2633 635 2684 et
662 2621 790 2684 eleuauit
817 2641 867 2684 eos
897 2628 1012 2685 eunetis
1041 2626 1143 2689 dielus
1171 2627 1295 2690 saeessls'.

70 2722 137 2802 ipsi
162 2742 236 2785 uero
266 2734 513 2804 repupnaoeruni
540 2735 569 2785 et
601 2724 641 2786 ad
668 2719 859 2786 iratundiam
877 2714 1127 2804 provocaverunt
1146 2727 1297 2809 Spiritum

69 2837 210 2887 sanatum
231 2829 315 2897 eius,
339 2837 367 2888 et
389 2845 569 2889 conversum
590 2836 636 2887 est
657 2828 699 2887 eis
722 2831 754 2888 in
775 2829 970 2890 s'nimiaitiam.
1016 2827 1094 2889 iisse
1115 2837 1185 2891 sunt
1208 2829 1294 2892 etism

68 2924 233 2988 Ezechielis
256 2927 358 2989 verba:
388 2927 426 2990 lit
451 2928 561 2992 leuant
582 2946 628 2990 me
649 2926 784 3007 Spiritus
806 2928 990 3008 adduxitque
1011 2933 1043 2991 in
1066 2943 1183 2994 terram
1204 2931 1296 2994 ctat-
1355 2947 1359 2961 ·

69 3112 161 3175 Repl.
198 3113 260 3163 Editi
279 3123 432 3178 postrocem
448 3111 549 3179 ψαλμῷ
568 3114 658 3162 addunt
708 3123 729 3163 et
749 3129 761 3162 s
781 3114 871 3164 Grseeo
889 3114 1028 3177 Scripturas
1046 3125 1118 3177 textu,
1137 3119 1160 3166 in
1179 3134 1226 3183 quo
1239 3119 1294 3169 item

68 3178 155 3246 λέγει,
181 3175 242 3236 καί,
269 3183 332 3245 quod
353 3199 364 3231 s
383 3183 462 3244 Regiis
481 3198 537 3231 mss.
557 3181 656 3243 segnes.
708 3195 761 3230 mos
781 3189 804 3231 et
823 3183 845 3230 in
866 3182 956 3244 itepi-
975 3186 1111 3246 otSeguer.
1128 3184 1215 3246 legitur
1233 3177 1296 3234 dnt-

69 3249 169 3301 Goisies.
193 3258 218 3298 et
242 3251 529 3301 &ieiunantibus
566 3250 657 3298 ibidem
708 3244 801 3298 στειλε.
837 3250 927 3299 Insiiis
944 3265 1000 3301 reta
1018 3260 1042 3300 et
1060 3245 1296 3304 etittsdntaeaiss.

68 3333 156 3367 omnes
175 3331 233 3366 mss.
251 3316 286 3384 γῇ
305 3309 412 3380 εὐθείᾳ,
432 3320 472 3368 ubi
491 3317 547 3368 editi
565 3314 599 3383 api
617 3308 657 3365 εὖ·
742 3318 764 3366 h.
784 3319 840 3379 ileg.
850 3316 872 3367 2.
885 3312 932 3364 καί
949 3319 987 3369 hia
1004 3320 1076 3370 sidit.
1103 3321 1169 3371 idem
1188 3324 1296 3374 mosiis·

67 3387 133 3447 Deip
158 3394 183 3434 ut
211 3390 274 3449 opud
299 3387 362 3436 ixx.
391 3387 484 3449 legitur.
528 3387 657 3450 Sequentis
708 3385 748 3435 bet
766 3376 832 3445 αὕτη
851 3377 925 3434 ἐστὶν
944 3379 958 3445 'l
977 3379 1039 3452 παρ’
1059 3380 1193 3454 ἐμοῦ.ειο.
1220 3390 1294 3442 Passio

68 3456 237 3517 sorbentque
255 3454 284 3503 ssi
303 3447 389 3512 ζήσεις
405 3467 439 3520 με
457 3455 544 3504 desunt
556 3454 579 3502 in
591 3455 658 3504 Gob·
707 3462 764 3517 post
782 3454 988 3516 ng.1.'Seguer.
1007 3456 1104 3507 Gobier.
1124 3467 1148 3507 et
1157 3458 1261 3510 Feickm.
1272 3460 1295 3508 1.

30 3525 35 3533 '
69 3523 162 3572 ierisno
182 3522 353 3571 esistunt.
390 3514 658 3580 Dseouitimsln'astc
710 3531 733 3569 et
752 3523 856 3572 Grsscus
876 3523 1014 3586 Scripturas
1037 3534 1114 3574 textus
1140 3519 1170 3573 τὸ
1188 3525 1296 3593 πνεῦμα

68 3605 104 3655 με
122 3598 216 3640 esstsnt
234 3598 324 3638 tantum
345 3593 367 3639 in
387 3591 443 3652 λος.
459 3592 480 3640 1.
500 3600 521 3639 et
540 3592 640 3652 Seguer.
710 3582 741 3636 τὸ
760 3581 827 3655 ἐμὸν
845 3580 861 3636 is'
877 3582 953 3637 ἐστιν
970 3585 1015 3638 tui
1033 3588 1079 3639 σοι’
1096 3601 1140 3642 ete
1176 3594 1254 3644 Ceteri
1273 3605 1297 3645 et

103 3660 121 3708 i.
144 3653 299 3725 γέγραπται
327 3659 394 3707 deest
421 3660 445 3707 in
472 3658 617 3709 Gobierisao
635 3666 660 3707 et
710 3658 767 3706 editi
786 3649 801 3705 ὅ
819 3660 939 3707 omittunt.
976 3660 1152 3711 ibid.Gob1sr.
1176 3657 1222 3709 stul
1246 3656 1296 3710 rta-

69 3726 177 3776 Feieim.
192 3728 212 3775 1.
249 3726 292 3774 tid.
306 3729 417 3775 omittunt
434 3718 538 3806 lupera
558 3718 658 3789 direpti
709 3721 766 3772 λιν·
786 3716 817 3773 os's
834 3718 952 3790 πρεσρὖς
970 3737 1013 3776 etc.

72 3790 180 3848 sasitos,
200 3794 269 3844 caios
288 3793 341 3843 ioco
361 3802 421 3857 pest.
430 3807 476 3841 και
488 3795 582 3842 nabent
607 3795 659 3842 iios
745 3794 760 3842 i.
779 3794 820 3842 Sic
838 3795 893 3855 [leg.
907 3795 1038 3856 tseguer.
1049 3796 1146 3846 Gobier.
1156 3797 1261 3846 Feieism.
1272 3797 1296 3847 1.

70 3858 117 3910 καί
139 3871 195 3911 snte
214 3853 245 3908 οὗ
264 3851 297 3908 δι’
318 3855 384 3927 ἐμοῦ
408 3872 431 3911 et
459 3853 490 3908 οὗ
514 3855 559 3907 διὰ
582 3853 660 3908 autsi-
711 3863 999 3925 etGrsecusScsiptutse
1017 3872 1100 3913 tetius.
1137 3865 1180 3914 stit
1199 3874 1222 3914 et
1240 3865 1296 3916 editi

69 3922 158 3995 psata's
174 3943 231 3996 μου
248 3931 339 3979 addunt
356 3931 445 3993 ingiia.
465 3929 536 3978 Desii.
555 3929 660 3980 ietetm.
711 3930 823 3978 omittunt
847 3923 892 3977 stul
918 3922 1047 3994 ἀνέλαβεν
1076 3922 1180 3984 αὐτούς.
1222 3933 1296 3982 Penio

71 3998 94 4048 λ.
113 4007 136 4049 et
154 4000 220 4048 editi.
258 3999 316 4047 ibid.
336 4000 391 4060 Reg.
412 3998 435 4048 2.
454 3988 487 4049 δι’
507 3989 562 4062 ipe.
711 4005 766 4060 post
785 3998 856 4046 iidem
874 3991 906 4046 τὸ
924 3989 1005 4062 ἅγιον
1023 3990 1115 4048 αὐτοῦ.
1150 4003 1183 4049 ΑΙ)
1202 4001 1255 4050 siiis
1273 4010 1298 4050 et

104 4083 127 4128 ς.
145 4069 186 4116 Sic
205 4066 298 4128 ssepi.
317 4066 416 4127 Signat.
437 4064 660 4115 etGrsecusSari·
711 4065 780 4115 editis
804 4080 847 4113 uox
873 4058 957 4114 aizoo
976 4070 1051 4116 obest.
1087 4068 1177 4118 ibidem
1197 4069 1252 4131 fleg.
1272 4069 1296 4118 2.

72 4142 155 4197 pturse
174 4143 261 4185 textus.
289 4134 350 4184 Editi
363 4127 509 4200 ἁμαρτίαν.
541 4134 660 4194 itoxtteg.
711 4123 879 4197 ἀνεστράφη.
1263 4164 1266 4169 -

75 4201 95 4250 i.
113 4205 214 4265 Septies.
240 4203 337 4252 Gabios.
367 4201 610 4251 isicitm.l.0110b.
637 4209 660 4249 et
745 4202 1056 4264 is.Sieiieg.i.etSepues.
1093 4205 1118 4252 in
1138 4203 1235 4253 Gohier.
1253 4219 1297 4253 su-

73 4272 408 4334 tettssSesiptusaeGrsecus
419 4261 552 4317 ἀκούσατε
565 4267 658 4317 ταῦτα.
710 4278 757 4318 tem
777 4278 799 4318 et
810 4271 914 4321 Feicism.
928 4271 948 4320 1.
967 4265 1011 4317 καὶ
1026 4262 1155 4336 Ἰεζεχιήλ.
1184 4265 1229 4318 καὶ
1239 4263 1298 4321 dri·

73 4337 148 4389 Ceteri
167 4349 191 4389 et
219 4339 276 4388 editi
301 4330 434 4387 ἀκούσατε
456 4330 546 4385 πάντα
565 4336 659 4386 ταῦτα.
710 4333 774 4399 λαβε
792 4346 836 4386 ete.
878 4339 922 4388 stit
947 4348 970 4388 et
996 4341 1052 4389 editi
1077 4335 1122 4386 sai
1153 4331 1167 4387 ὅ
1196 4333 1310 4405 ἔζεχιὴλ,

72 4404 121 4457 tias
147 4410 205 4457 item
239 4398 305 4471 ὑμῖν
337 4416 392 4470 post
417 4400 544 4464 λελάληκα
571 4407 661 4455 addunt
712 4396 783 4453 aito
801 4401 924 4469 lipsien.
962 4407 1297 4460 noxoooter.etietctm.t.

72 4475 134 4539 etio,
151 4476 197 4527 sei
216 4476 287 4526 abest
304 4491 317 4524 s
336 4490 395 4526 mss.
413 4475 491 4538 Regiis
510 4475 616 4538 etSegs.
635 4482 661 4524 ut
712 4465 841 4538 dripere.
878 4475 932 4525 iios
955 4477 1012 4525 item
1038 4476 1102 4538 Regii
1129 4491 1188 4526 mss.
1212 4484 1236 4528 et
1252 4477 1298 4529 Se·
1394 4508 1400 4521 ν
