2948 5092
453 264 562 311 omero
577 266 609 311 rr.
625 265 741 311 conum
754 265 890 315 munos.
1221 255 1284 327 355

53 415 246 496 intelligimus
276 414 412 479 omnium
440 414 964 497 opificem‚1tominumacueum
992 439 1077 497 esse,
1109 421 1232 502 eiusque
1253 420 1372 489 inm

54 537 106 581 reo
131 514 241 581 omnen
270 516 487 597 providentiam
520 516 723 581 admirabilem
751 525 781 582 et
807 518 1054 599 gubernetionem
1086 502 1287 602 agnoscimus.

55 620 100 681 lta
125 617 268 683 similiter
295 637 363 681 cum
391 637 443 692 ea,
470 638 546 699 quae
573 619 717 683 hactenus
745 618 822 683 dicta
851 628 935 694 sunt,
964 622 1054 702 plano
1082 622 1230 685 sufficiant
1249 621 1289 694 nd

56 719 122 783 lilii
149 718 337 801 probandam
366 719 564 794 divinitatem,
594 738 717 796 renum,
745 719 806 783 imo
833 722 1042 786 stultissimum
1064 725 1152 786 luerit
1173 724 1230 786 bac
1250 722 1288 813 de

56 840 89 882 re
108 820 367 902 dubitarentque
394 821 543 884 haeretice
571 822 770 903 interrogare,
799 824 950 901 quomodo
979 824 1072 887 Filius
1098 825 1198 907 potuit
1218 842 1288 897 esan

58 922 92 984 eb
118 922 313 1003 aeternitate,
341 921 388 985 rel
414 923 565 1003 quomodo
595 941 631 985 ex
644 922 748 986 Petris
771 930 817 986 eet
838 922 1003 988 substantia
1024 945 1081 990 nec
1102 934 1199 989 temen
1222 925 1287 991 eius

58 1043 139 1104 pars,
164 1042 235 1087 cum
256 1024 286 1087 id
308 1024 444 1105 quidem,
473 1024 552 1104 quod
574 1042 610 1086 ex
632 1023 729 1105 aliquo
753 1044 822 1087 esse
844 1024 968 1141 (ΜΨ,
1001 1026 1065 1090 eius
1085 1046 1156 1108 pars
1177 1028 1233 1102 eit,
1254 1024 1370 1091 ideam

59 1132 166 1199 autem,
187 1125 273 1205 quod
293 1125 443 1199 diuiditur,
465 1127 613 1206 integrum
634 1144 696 1189 non
717 1127 798 1201 sit,
867 1190 871 1199 ,
927 1136 931 1141 “
1088 1173 1095 1180 -
1283 1168 1317 1223 2

139 1330 196 1393 33.
240 1327 304 1390 liae
337 1336 408 1391 sunt
438 1327 516 1390 enim
546 1327 710 1408 flagitiosae
737 1327 953 1391 baereticorum
981 1330 1128 1409 argutiae,
1160 1347 1286 1410 quarum

61 1430 225 1493 lntilitetem
253 1429 371 1492 tametsi
394 1447 485 1509 supra
506 1428 739 1504 confutavimus,
756 1428 960 1492 nibilominus
982 1438 1117 1493 accurate
1138 1431 1286 1501 dictorum

61 1531 175 1594 illorum
198 1530 356 1610 explicatio
378 1538 516 1610 rectaque
537 1531 690 1611 perceptio
711 1530 913 1610 exemplorum
935 1531 1064 1594 nelariae
1086 1550 1190 1594 eorum
1211 1548 1284 1609 sen·

62 1632 166 1697 entim
187 1649 295 1695 ranam
318 1631 448 1712 speciem
469 1631 603 1711 repellet.
649 1632 772 1712 Quippe¹
780 1632 915 1703 ridemus
930 1651 1051 1712 semper
1065 1652 1132 1695 esse
1146 1631 1286 1706 Verbum,
1351 1686 1367 1721 ,
1400 1652 1415 1689 e

61 1733 233 1814 exilioque
262 1751 329 1797 esse
358 1741 389 1795 et
416 1733 480 1796 eius
508 1733 664 1813 proprium
693 1752 761 1795 esse
788 1743 926 1807 naturae,
960 1734 1044 1797 cuius
1072 1743 1119 1796 cst
1146 1730 1285 1812 Verbum,

61 1836 188 1916 nihilque
211 1835 243 1897 in
265 1854 302 1897 eo
323 1833 369 1896 vel
391 1834 475 1915 prius
493 1835 538 1896 rel
559 1835 712 1914 posterius
735 1853 812 1903 esse.
855 1834 996 1899 Videmus
1010 1836 1081 1898 item
1096 1835 1287 1916 splendorem
1361 1892 1370 1911 ,

62 1956 89 1999 et
116 1937 184 2001 aole
213 1955 282 1999 esee
309 1936 447 2017 illiusque
474 1954 544 1998 esse
571 1936 742 2016 proprium,
777 1954 832 1998 nec
856 1914 955 1998 nmen
984 1934 1094 2000 idcirco
1117 1937 1207 2000 dividi
1236 1944 1290 1999 eut·

63 2039 151 2102 minui
180 2048 318 2101 naturam
343 2036 433 2111 eolis,
461 2037 516 2098 sed
545 2045 574 2098 ct
603 2055 668 2099 eam
695 2037 841 2117 integram
863 2056 1006 2113 manere,
1040 2047 1070 2100 et
1095 2038 1346 2203 splendore,⁴

62 2141 204 2221 integrum
227 2148 258 2202 et
277 2138 441 2218 pericolum
464 2157 547 2212 esse,
570 2157 667 2218 nequo
688 2138 725 2200 eb
748 2158 784 2200 eo
805 2110 880 2201 lu‘c'is
903 2148 1038 2201 naturam
1059 2138 1209 2213 imminui,
1232 2158 1247 2201 s

62 2249 196 2322 unquam
224 2258 329 2305 rerum
350 2242 442 2303 letum
465 2258 501 2302 ex
523 2239 571 2301 illa
594 2259 673 2303 esse.
718 2239 861 2302 Similiter
881 2239 1073 2319 intelligimus
1095 2240 1286 2320 Filium-non

61 2344 243 2405 umnsecus
266 2342 321 2405 aed
342 2360 377 2404 ex
397 2342 486 2403 Patro
508 2360 578 2403 osse
599 2342 742 2422 genitum,
765 2342 911 2421 simulque
929 2350 990 2404 tum
1005 2342 1123 2404 Patrem
1138 2342 1286 2421 integrum

60 2463 245 2525 permanere,
268 2446 331 2506 tum
353 2443 537 2506 substantiae
558 2445 682 2522 ligurem
705 2463 824 2524 semper
848 2463 927 2518 esse,
949 2463 984 2505 ac
996 2445 1156 2523 perlectam
1171 2438 1333 2522 absque&

61 2547 112 2609 ulla
134 2547 277 2609 varietate
299 2565 365 2609 urm
386 2546 475 2607 Patre
505 2564 624 2607 servare
653 2545 876 2608 similitudinem
906 2553 935 2607 ct
956 2545 1129 2623 imaginem,
1157 2544 1231 2606 adeo
1254 2551 1288 2607 ut

60 2648 105 2726 qui
127 2648 211 2709 bunc
230 2647 347 2722 viderit,
369 2648 400 2709 in
423 2646 488 2726 ipso
511 2666 628 2726 quoque
649 2655 785 2709 naturam
807 2655 838 2708 et
859 2646 1064 2718 substantiam,
1087 2646 1171 2707 cuius
1194 2647 1285 2723 ligura

61 2758 113 2823 est,
136 2758 322 2812 contueatur.
365 2749 409 2810 lix
435 2748 591 2809 efficientia
618 2747 690 2811 item
716 2749 828 2827 liguree
849 2766 948 2809 veram
972 2745 1154 2808 substantioe
1175 2744 1284 2807 diuini-

60 2859 150 2913 tatem
182 2850 381 2931 percipimus,
415 2848 664 2930 quomadmodum
693 2848 829 2933 Salsator
862 2849 927 2928 ipse
959 2847 1007 2908 bis
1040 2847 1139 2908 verbis
1167 2845 1285 2909 docuit:

61 2952 122 3026 Qui
140 2965 244 3019 munet
264 2957 298 3015 in
318 2972 374 3025 me,
396 2954 461 3032 ipae
481 2953 574 3031 societ
597 2969 692 3031 opero
713 2932 789 3032 qub'e
811 2952 975 3030 ego-sorio,
999 2956 1044 3010 et:
1066 2948 1127 3028 ligo
1151 2959 1179 3010 et
1193 2948 1288 3010 Potor
1325 3006 1339 3033 0

57 3073 154 3117 unum
177 3073 298 3125 ramus,
321 3062 364 3115 et:
387 3053 448 3132 ligo
471 3058 503 3114 in
526 3052 618 3113 Putre
639 3062 669 3114 et
690 3050 783 3114 Pater
804 3056 837 3114 iu
858 3070 903 3112 me
924 3060 979 3112 est.
1021 3046 1124 3128 ltaque
1145 3047 1234 3128 impie
1257 3054 1288 3109 et

60 3156 183 3217 Christo
205 3155 323 3216 inimica
344 3154 479 3216 haeresis
501 3153 630 3233 primum
652 3160 747 3215 tentet
767 3171 816 3215 res
838 3153 944 3224 lectas,
968 3168 1043 3228 quae
1065 3150 1095 3211 in
1119 3149 1286 3228 exemplum

57 3264 286 3339 proponuntur,
315 3255 463 3328 dividere,
489 3251 524 3316 a'c
545 3253 657 3316 dicere:
689 3253 757 3315 Fuit
778 3253 934 3333 aliquando
957 3251 1004 3313 sol
1025 3251 1093 3312 sine
1115 3250 1285 3329 splendore,

57 3360 105 3421 rel
126 3359 270 3439 splendor
290 3365 422 3420 non‘est
442 3356 582 3436 proprius
608 3362 732 3416 naturae
759 3355 849 3427 lucis,
877 3352 923 3415 rel
954 3351 1096 3431 splendor
1116 3350 1190 3413 lucis
1212 3369 1287 3430 pro·
1320 3392 1324 3400 ·
1381 3344 1387 3361 '

55 3461 144 3542 prius
166 3461 285 3539 quidem
307 3468 364 3532 est,
387 3459 442 3520 scd
462 3457 609 3519 divisione
631 3474 701 3536 pers
723 3457 787 3536 ipse
809 3464 855 3518 est
876 3453 961 3527 lucis,
984 3471 1018 3515 nc
1038 3461 1145 3532 postca
1159 3450 1289 3513 Verbum

53 3561 96 3623 illi
129 3569 285 3641 separent,
313 3561 520 3637 affirmentque
549 3558 677 3619 alienum
704 3576 771 3618 esse
793 3576 810 3618 e
831 3564 948 3630 mente,
977 3561 1027 3615 aut
1048 3552 1204 3632 aliquando
1227 3569 1289 3613 non
1342 3574 1350 3587 ··
1369 3548 1413 3631 0
1447 3560 1454 3577 ¹

89 3764 112 3797 e.
131 3747 175 3797 Sic
191 3746 491 3808 Segestanmatdecuer
508 3745 613 3794 Felclm.
627 3744 649 3793 l.
701 3740 867 3808 συνορῶμεν.
903 3740 965 3790 Editi
983 3747 1007 3788 et
1025 3739 1065 3788 alii
1073 3730 1102 3793 ἔξ
1111 3729 1196 3787 αὐτοῦ
1205 3729 1289 3785 συνὸν

53 3816 139 3868 Ceteri
156 3828 216 3864 vcro
233 3823 256 3863 et
267 3814 325 3864 editi
340 3806 387 3861 ml
403 3804 516 3864 πάντων
533 3811 596 3862 τῶν.
701 3803 817 3877 ὁρῶμεν.
855 3808 930 3857 Paulo
956 3815 1011 3869 post
1029 3807 1129 3867 Segner.
1148 3804 1246 3856 Goble'r.
1265 3808 1292 3855 ul

89 3901 108 3949 r.
128 3899 169 3948 sss
189 3896 452 3957 regrediemur.
471 3895 648 3946 renasci.
700 3866 1174 3954 muratpomasarnatus.
1210 3858 1335 3949 9‘1013'
1434 3883 1438 3892 ·

52 3975 80 4017 ,ι
97 3967 125 4016 5,
160 3968 190 4015 32
210 3966 350 4026 spuma,
369 3948 646 4027 05322301425705,
700 3952 724 3994 et
742 3946 798 3993 editu
821 3956 874 4007 μεν
891 3936 959 3988 ὄντα
976 3954 1026 3986 τον
1043 3935 1161 4011 πατέρων
1196 3938 1289 3989 lbrdem

52 4035 137 4084 Editio
156 4033 276 4083 Commel.
294 4046 327 4080 ou
342 4024 419 4080 ἔὰτιν
436 4023 451 4077 d
469 4024 558 4094 λόγος.
699 4012 799 4088 S‘ssu‘f·
817 4002 867 4057 ’ἦν
885 4021 913 4087 {⁸
926 4005 1097 4087 ζαραὲῑῆθα·

735 4094 750 4127 ι.
769 4080 868 4139 Seguer.
887 4086 1013 4140 oportue
1224 4094 1236 4121 s

89 4143 113 4188 ⁸·
133 4127 235 4185 ΜΨ·
253 4118 328 4203 W:
364 4122 487 4173 ”uidem
500 4114 648 4186 ‘'ddi‘pffl
732 4145 755 4194 l,
774 4146 814 4194 Sic
831 4146 931 4205 Seguer.
950 4143 1009 4203 lleg.
1027 4141 1124 4192 Gobler.
1144 4136 1251 4188 retum.
1266 4136 1289 4184 l.

51 4189 233 4260 mmmm·
269 4192 357 4270 mim
380 4205 437 4269 '5¹⁰
460 4184 647 4268 ²⁰²st⁸⁸⁰¹¹ss4
698 4222 722 4264 et
739 4213 763 4262 l.
799 4212 878 4261 Ceteri
896 4217 976 4259 antem
994 4216 1018 4257 et
1035 4208 1092 4255 odili
1110 4196 1222 4268 adram·

54 4275 120 4322 ngr,
140 4276 202 4325 quoe
220 4260 308 4309 desunt
326 4273 348 4308 tn
367 4260 422 4308 aluta
440 4267 464 4308 et
481 4258 560 4307 eduis.
733 4280 747 4328 Ι,
767 4279 866 4338 Smer·
887 4277 943 4338 Μ
962 4284 987 4325 e,
1004 4275 1110 4323 mcum·
1123 4274 1147 4321 4·
1165 4263 1197 4320 g,
1211 4278 1291 4333 Μ,

91 4355 117 4403 b.
136 4353 178 4403 Sic
194 4352 296 4414 Seguer.
314 4351 406 4413 tngltc.
424 4349 521 4401 Gobler.
540 4349 646 4402 i'elelum.
696 4347 762 4415 coir.
802 4346 854 4423 uqi
871 4344 971 4404 Seguer.
990 4342 1088 4418 finirier.
1108 4341 1164 4415 lieg.
1183 4337 1290 4412 deiciam.
1314 4334 1329 4365 ⁴

55 4423 80 4471 l.
98 4429 126 4469 et
141 4421 166 4470 b
202 4424 232 4469 tt
254 4420 296 4468 alii
319 4428 343 4469 et
366 4418 424 4469 editi
445 4407 646 4473 caritativo.
698 4415 721 4469 l,
740 4422 764 4464 et
780 4413 804 4463 l.
823 4426 857 4471 pe
873 4422 940 4459 nort
958 4402 973 4457 d
989 4405 1069 4487 riter.
1104 4407 1151 4477 liu
1168 4414 1193 4455 et
1210 4405 1284 4463 editae

52 4489 150 4541 miden
166 4488 269 4551 sepner.
287 4486 387 4543 dullen.
405 4484 648 4544 ielctm.l.t.etb.
698 4480 817 4532 Commsl.
836 4471 865 4528 si
877 4488 945 4527 nora
960 4468 978 4537 i
994 4470 1077 4608 idaeae.
1108 4510 1111 4515 -
1155 4530 1159 4539 ¹

106 4554 110 4559 '
306 4552 311 4563 ‘
1072 4556 1087 4589 e
