2948 5092
474 221 618 266 srrsrom
633 222 671 264 os
686 221 851 267 sennensis
866 224 1009 269 oronrsn.
1295 217 1355 280 119

128 373 320 453 sequentibus
341 372 514 453 profitetur,
545 371 717 443 „Christum
739 392 858 453 semper
879 374 974 436 luisse
996 394 1030 437 ae
1052 376 1195 452 Verbum,
1228 378 1441 460 sapien-ens

127 476 223 548 „tiam
246 484 278 538 et
298 475 444 537 Virtutem
467 473 611 536 extitisse.
655 473 757 555 Neque
785 475 865 539 enim
886 474 966 538 Deus
996 494 1062 539 cum
1091 478 1138 540 his
1160 489 1246 543 antea
1268 501 1355 545 caru-

126 578 245 651 ,‚isset‚
280 585 386 657 postea
413 575 521 636 Filium
548 575 659 655 genuit.
703 575 805 655 Neque
834 596 850 638 a
881 577 983 657 seipso
1005 577 1115 651 Filius,
1150 581 1203 641 sed
1231 583 1357 647 aPatre
1435 571 1439 585 ⁸

125 678 241 749 ..halet
274 684 377 741 esse.“
434 677 471 739 Et
501 678 604 758 paucis
640 677 821 751 interiectis,
854 679 957 741 eadem
992 679 1029 740 de
1062 699 1096 742 re
1129 681 1236 744 iterum
1269 683 1357 747 dicits

124 780 228 854 „Cum
260 780 304 843 sit
336 780 479 861 splendor
510 779 587 841 lucis
618 787 772 853 aeternae,
805 764 837 842 et
867 780 932 860 ipse
967 782 1088 843 omnino
1123 792 1261 846 aeternus
1298 794 1354 848 est.

122 883 228 956 „Luce
251 883 333 945 enim
357 899 475 962 semper
497 881 653 956 existente,
679 881 867 944 menifestum
891 892 948 955 est,
972 891 1002 944 et
1022 884 1211 963 splendorem
1234 904 1355 967 semper

121 985 297 1058 „existere3
330 1004 367 1047 eo
401 983 480 1045 enim
512 983 581 1063 ipso
617 983 712 1045 lucem
745 1003 811 1045 esse
849 983 1037 1063 intelligitur,
1076 986 1156 1064 quod
1188 987 1353 1066 splendeat,

121 1104 180 1160 „ac
201 1086 269 1148 lieri
300 1085 419 1172 nequit,
449 1094 480 1147 ut
500 1084 550 1147 lux
572 1104 634 1147 non
655 1086 759 1148 luceat.
803 1085 933 1148 Rursum
966 1086 1045 1147 enim
1073 1086 1109 1148 ad
1139 1089 1271 1167 exempla
1298 1107 1352 1153 ve-

121 1189 279 1261 ‚,niamus.
332 1187 365 1249 Si
394 1185 440 1249 sol
470 1196 531 1258 est,
564 1196 612 1250 est
640 1206 757 1267 quoque
785 1187 941 1267 splendor,
982 1196 1028 1249 est
1060 1196 1090 1248 et
1117 1187 1197 1263 dies3
1226 1189 1251 1251 si
1281 1208 1351 1252 vero

121 1290 256 1364 „luorum
279 1288 354 1351 nihil
377 1297 432 1360 est,
454 1288 579 1350 multum
602 1288 687 1350 abest
708 1290 814 1351 adesse
837 1289 944 1350 solem.
990 1289 1077 1362 Quod
1100 1290 1125 1351 si
1144 1297 1282 1351 aeternus
1303 1290 1350 1352 sol

121 1400 239 1465 „esset
262 1389 330 1452 dies
354 1390 443 1452 etiam
464 1408 614 1469 nunquam
636 1399 783 1465 cessaret,
804 1409 884 1453 nunc
902 1399 999 1452 autem
1023 1393 1131 1469 (neque
1154 1389 1233 1450 enim
1255 1390 1295 1451 ita
1316 1406 1437 1454 norma.

122 1511 194 1564 „res
216 1491 322 1567 habet)
344 1490 503 1570 incipiente
525 1491 590 1553 sole
610 1491 713 1572 incipit
739 1500 768 1554 et
788 1491 852 1553 dies
873 1510 908 1552 ac
929 1490 1083 1552 desinente
1105 1490 1226 1553 desinit.
1270 1491 1350 1555 Deus

121 1583 391 1664 „antem'aeterna
418 1592 467 1654 lux
489 1600 551 1666 est,
584 1612 658 1672 quae
687 1612 837 1672 nunquam
865 1591 1011 1671 incoepit,
1044 1610 1196 1672 nunqnam
1224 1593 1351 1657 desinet

121 1695 295 1765 „delemus
320 1710 391 1773 ergo
415 1694 555 1774 splendor
577 1695 635 1775 ipsi
657 1695 806 1775 praelucet
827 1713 864 1758 ac
882 1694 1035 1767 coexistit,
1059 1694 1108 1773 qui
1130 1693 1243 1773 absque
1265 1695 1351 1759 initio

121 1807 194 1870 „est
216 1803 248 1857 et
269 1794 308 1856 ab
331 1804 451 1857 aeterno
474 1797 591 1875 genitus
612 1807 681 1860 ante
702 1816 770 1859 eum
792 1797 913 1870 emicat,
948 1797 1057 1876 quique
1078 1784 1204 1876 ipsa⁰met
1225 1803 1272 1858 est
1293 1797 1349 1859 Sa·

122 1895 272 1979 „pienum
294 1916 370 1976 quae
393 1897 477 1959 dicit:
500 1898 563 1979 Epo
586 1919 685 1972 arom,
708 1898 952 1981 despondebat,
973 1908 1003 1960 et
1026 1898 1197 1961 delectabor
1219 1900 1352 1978 quotidie

121 2006 223 2073 ,ante
238 1999 352 2079 sociem
373 2003 438 2061 eius
461 2004 544 2061 omni
563 2009 730 2082 tempore.“
763 2000 913 2078 Pauloque
934 2007 1039 2079 postea
1054 1998 1091 2060 de
1106 1998 1211 2060 eodem
1228 1999 1353 2061 resumit

121 2099 165 2162 his
187 2098 307 2161 verbis:
332 2098 427 2172 „Cum
449 2100 539 2179 igitur
559 2111 696 2164 aeternus
718 2101 758 2163 sit
779 2102 877 2174 Pater,
899 2108 1036 2162 aeternus
1059 2108 1104 2161 est
1126 2107 1156 2161 et
1175 2099 1278 2172 Filius,
1301 2100 1350 2162 lu-

123 2219 217 2272 „men
238 2201 276 2263 de
297 2200 420 2262 lumine.
463 2201 535 2263 Nam
558 2202 584 2264 si
607 2203 723 2282 genitor
739 2211 793 2275 est,
818 2211 863 2264 est
884 2210 914 2263 et
927 2201 1023 2276 filius3
1044 2201 1123 2280 quod
1146 2200 1172 2262 si
1195 2200 1272 2263 filius
1287 2220 1350 2265 non

123 2311 205 2377 „est
227 2320 286 2382 qua
308 2302 424 2363 ratione
446 2311 476 2364 et
496 2304 580 2366 cuius
607 2313 709 2385 potest
731 2322 800 2365 esse
823 2301 963 2383 genitor?
1006 2302 1094 2382 Atqui
1117 2301 1203 2363 ambo
1227 2311 1351 2366 suntet

125 2421 269 2483 „semper
290 2409 393 2464 sunt„“
437 2402 549 2467 Deinde
570 2404 643 2468 haec
663 2405 758 2467 addit:
782 2404 877 2478 „Cum
898 2403 988 2483 igitur
1009 2403 1088 2465 Deus
1110 2403 1149 2464 sit
1169 2403 1237 2476 lux,
1261 2403 1349 2464 Chri·

126 2514 215 2573 „stus
236 2512 285 2566 est
304 2503 463 2583 splendor3
496 2524 563 2567 oum
590 2515 688 2569 autem
710 2506 776 2586 ipse
798 2506 926 2585 Spiritus
949 2523 1068 2585 quoque
1090 2504 1131 2565 sit
1163 2508 1241 2578 (nam
1279 2503 1350 2584 Spi-

127 2609 243 2677 ‚,ritcs,
273 2605 383 2684 inquit,
414 2616 458 2667 est
479 2606 590 2682 neos),
619 2616 817 2688 congruenter
837 2624 956 2668 rursum
980 2605 1115 2667 Christus
1137 2623 1230 2683 vapor
1251 2604 1348 2666 dictus

127 2716 209 2776 „estt
232 2716 278 2767 eat
300 2710 395 2777 enim,
417 2705 527 2787 inquit,
550 2723 648 2786 vapor
670 2710 795 2769 virtutis
818 2707 906 2769 Dei.“
952 2706 989 2766 Et
1020 2707 1127 2768 iterum
1149 2706 1204 2767 ait:
1235 2705 1348 2778 „Solus

128 2817 245 2878 „autem
267 2806 370 2879 Filius,
393 2807 443 2885 qui
464 2805 545 2869 Patri
568 2824 687 2885 semper
708 2808 845 2870 coexistit
867 2816 896 2869 et
913 2807 974 2881 illo,
998 2808 1049 2886 qui
1066 2815 1122 2879 est,
1145 2807 1261 2885 plenus,
1284 2806 1350 2886 ipse

129 2926 269 2987 „quoque
292 2915 339 2968 est
360 2926 396 2968 ex
417 2907 536 2969 Patre.“
1071 2906 1081 2935 ³

208 3013 256 3074 16.
301 3008 381 3069 llaec
409 3008 435 3068 si
463 3008 598 3088 ambigue
621 3009 697 3071 dicta
719 3011 862 3081 luissent,
895 3010 1057 3088 interprete
1086 3026 1162 3088 opus
1190 3005 1349 3083 haberent;

128 3118 154 3169 at
172 3128 236 3171 mm
264 3109 362 3189 palam
390 3118 420 3170 et
446 3109 618 3189 plerumque
646 3111 719 3172 haec
745 3111 776 3172 in
798 3111 917 3190 scriptis
941 3109 1004 3171 suis
1026 3102 1228 3188 pertractarit,
1261 3108 1349 3170 drius

127 3210 238 3290 ιμίᾱοω
259 3210 399 3272 dentibus
422 3194 562 3285 strideat,
576 3212 656 3290 quod
679 3231 763 3274 suam
785 3209 933 3272 haeresim
948 3219 1049 3272 cernat
1071 3209 1243 3290 allionysio
1260 3227 1347 3270 ever-

127 3330 185 3374 sam
204 3312 364 3392 audiatque
384 3311 430 3373 rel
452 3310 561 3375 inritus
583 3313 656 3375 haec
676 3313 754 3376 illius
777 3311 883 3375 verba:
907 3311 1054 3391 „Semper
1075 3310 1155 3374 [leus
1170 3311 1258 3373 Pater
1276 3310 1347 3385 luit3

127 3423 179 3484 „et
198 3413 293 3476 Filius
315 3431 378 3475 non
400 3412 512 3493 absque
534 3432 622 3475 causa
643 3421 782 3476 aeternus
805 3413 929 3486 dicitur3
960 3411 1012 3474 sed
1042 3413 1111 3492 quia
1139 3419 1278 3473 aeternus
1301 3418 1348 3473 est

126 3514 245 3588 „l‘atcr,
268 3523 409 3576 aeternus
431 3522 479 3576 est
501 3523 531 3575 et
551 3514 653 3588 Filius,
676 3515 776 3594 illique
798 3514 951 3586 coexistit,
974 3513 1221 3592 quemadmodum
1244 3511 1347 3591 splen-

124 3614 204 3687 „dor
222 3613 316 3677 loci.“
360 3613 384 3676 li
405 3632 489 3689 vero,
510 3614 560 3694 qui
582 3614 628 3677 vel
649 3616 753 3678 leviter
775 3615 963 3694 suspicantur
983 3613 1157 3693 llionysium
1189 3630 1254 3675 cum
1276 3611 1347 3673 Ario

123 3715 264 3788 mns'uae,
283 3714 363 3776 hanc
383 3714 537 3777 sinistram
559 3717 596 3777 de
618 3735 655 3777 eo
678 3715 925 3778 existimationem
948 3714 1107 3795 deponant
1141 3712 1220 3787 Quid
1235 3730 1347 3793 quaeso

123 3815 160 3878 illi
179 3816 260 3879 inter
281 3835 316 3878 se
337 3814 487 3878 affinitatis
506 3816 625 3892 habent,
647 3816 718 3878 Ario
733 3816 864 3879 dicente:
888 3813 1001 3891 „Filius
1017 3834 1079 3876 non
1095 3823 1159 3876 erat
1174 3813 1348 3894 priusquam

152 3986 173 4022 e.
192 3970 290 4022 Tutin.
311 3969 381 4021 cote.
400 3969 447 4020 les.
471 3971 510 4020 Fr.
528 3971 547 4021 l.
566 3962 708 4038 προφερὸ·
758 3968 821 4020 Editi
840 3983 896 4018 sero
916 3957 1058 4047 ἇζᾶλογος.
1095 3965 1214 4030 liorlleg.
1233 3974 1257 4016 et
1274 3962 1347 4015 llasil.

119 4051 208 4115 puer.
248 4037 324 4089 Panlo
343 4045 402 4103 poet
418 4037 515 4089 laurio.
534 4029 564 4088 ἒν
580 4037 618 4104 τῷ
626 4051 707 4107 προς·
758 4029 1156 4115 ριίωμψιιατμιςϋλαται.
1192 4029 1345 4112 'leorpollu

121 4119 160 4154 am
757 4106 804 4155 les.
829 4116 911 4170 ατμις
933 4090 1004 4154 εἶναι
1029 4096 1143 4169 λέγεται.
1178 4100 1242 4153 Edrtr
1266 4088 1348 4165 aspie

136 4121 232 4250 ,o'sra
255 4174 314 4236 neg.
340 4173 439 4224 ranan.
464 4173 511 4223 ra.
546 4155 708 4226 seidonim
756 4167 872 4238 taynus

119 4255 165 4290 ’θ’
187 4255 329 4308 WW'm·
367 4240 422 4290 ¹⁰¹
444 4234 492 4288 *αἱ
514 4249 570 4291 '¹¹²⁶
594 4232 707 4294 “ww“
792 4245 1110 4319 [hodulseshaim.

116 4311 229 4431 mig
246 4311 314 4429 ἐξ
325 4308 441 4439 ‚garria
464 4307 532 4359 colb·
557 4308 603 4359 ω’
628 4309 667 4367 BL
686 4308 704 4357 L
794 4356 815 4404 u.
834 4341 932 4395 Tauria.
950 4340 997 4390 les.
1015 4330 1122 4386 imni.

144 4444 237 4529 ansis
258 4443 441 4509 decimis.
468 4441 703 4495 catulaster.
790 4442 814 4491 h.
833 4442 931 4493 Tauria.
948 4438 995 4523 les.
1013 4430 1243 4513 macedo-low.
1309 4502 1312 4507 Ι
