2948 5092
426 224 446 297 .’
468 250 614 294 ιτιετοω
630 252 662 296 u.
677 252 713 294 uo
730 251 928 297 semrom.
1100 317 1105 326 „
1233 243 1294 306 759

62 401 326 464 consubstantialis
351 420 418 463 esse
449 400 612 474 videretur,
643 421 677 465 ea
699 421 806 483 nempe
827 404 956 473 habens,
988 425 1061 484 quae
1091 406 1156 468 illac
1185 409 1381 474 haberentet.
1427 460 1429 465 .

60 513 200 583 possent.
405 506 406 509 ’
1287 517 1290 525 “

150 608 180 670 6.
225 605 274 666 Sic
295 615 394 666 autem
417 605 504 665 etiam
528 604 649 666 relutari
670 614 770 684 potest
792 601 895 668 eorum
919 607 1072 688 impietas,
1096 611 1145 690 qui
1168 610 1221 672 Dei
1243 612 1295 674 Fi·

59 707 139 769 lium-
159 726 223 769 rem
245 717 372 768 creatam
396 725 464 768 esse
486 715 626 786 pugnant
670 706 784 787 Nempe
812 708 885 769 fides
913 719 1017 772 nostra
1046 720 1092 772 est
1114 713 1144 773 in
1166 713 1295 788 Patrem,

59 808 172 872 Filium
195 818 226 870 et
246 808 391 887 Spiritum
414 817 566 880 sanetum,
595 808 661 888 ipso
684 808 758 870 Filio
781 809 818 870 ad
841 812 993 889 apostolos
1022 812 1153 876 dicente:
1182 816 1296 880 unates

61 912 167 975 docete
189 929 290 973 omrres
312 921 424 991 gentes,
449 911 639 990 baptizantes
663 929 714 973 eoa
736 915 770 972 in
792 916 910 974 nomine
926 912 1029 976 Putris
1052 928 1082 979 et
1097 915 1168 978 Filii
1181 929 1210 979 et
1226 917 1297 998 Spi-

60 1017 147 1076 ritus
171 1016 278 1074 sancti.
325 1012 441 1084 Quibus
464 1031 537 1074 sane
560 1012 658 1074 verbis
682 1031 754 1075 usus
778 1022 834 1087 est,
856 1022 889 1074 ut
911 1033 945 1074 ex
968 1015 1026 1089 bis,
1050 1035 1125 1095 quae
1147 1018 1294 1092 novimus,
1376 1032 1379 1037 '

21 1136 28 1147 ⁸
63 1132 117 1187 ea,
139 1131 214 1193 quac
236 1113 311 1173 dicta
334 1121 420 1185 suut,
450 1112 692 1192 intelligeremus.
738 1114 995 1186 Quemadmodum
1017 1135 1088 1196 ergo
1112 1126 1211 1198 patres
1233 1138 1295 1182 nou

61 1215 189 1296 opifices
211 1215 265 1277 sed
293 1215 445 1293 genitores
468 1216 664 1295 appellamus,
698 1233 732 1276 ac
758 1215 885 1295 proinde
913 1236 1001 1278 nemo
1031 1236 1087 1279 nos
1116 1238 1133 1281 a
1160 1220 1295 1300 patribus

61 1326 200 1389 creatos,
224 1318 278 1378 sed
299 1327 416 1396 patrum
439 1337 508 1378 esse
531 1321 635 1378 uaturd
656 1316 735 1378 lilios
759 1327 788 1379 et
811 1319 1079 1380 cousubstantiales
1102 1320 1201 1383 dicere
1220 1341 1294 1401 pos·

61 1419 122 1494 sit3
144 1419 184 1480 ita
200 1419 233 1494 si
249 1419 336 1480 Pater
359 1428 406 1480 est
421 1419 670 1498 lleus,‚prolecto
684 1418 774 1480 Pater
796 1430 842 1481 est
855 1419 930 1493 Filii,
955 1420 1004 1499 qui
1028 1422 1067 1482 sit
1088 1426 1194 1484 natura
1216 1423 1294 1486 lilius

60 1522 182 1603 ipsique
203 1521 329 1600 proinde
352 1520 638 1582 consubstantialis·
678 1521 755 1583 ilinc
776 1521 922 1583 Abrabam
950 1522 1143 1585 non-creavit
1164 1524 1217 1585 sed
1240 1524 1294 1602 ge'-

58 1623 129 1685 nuit
149 1622 396 1695 lsaac„Beseleel
419 1631 517 1684 autem
540 1631 570 1683 et
584 1623 668 1686 Eliab
689 1642 750 1700 uon
773 1633 949 1703 genuerunt,
972 1625 1024 1686 sed
1047 1627 1180 1687 lecerunt
1195 1625 1295 1688 omnia

60 1742 176 1812 opera,
200 1744 275 1804 quae
304 1727 334 1786 in
364 1725 551 1787 tabernaculo
581 1733 676 1788 erant.
721 1714 862 1788 Similiter
891 1726 1008 1787 navium
1041 1735 1070 1789 et
1092 1727 1294 1790 aedificiorum

58 1826 255 1890 fabricatores
279 1845 339 1887 non
362 1829 484 1906 gignunt
506 1846 580 1906 quae
603 1827 728 1904 sacient,
753 1828 807 1889 sed
829 1828 872 1888 illi
895 1829 1011 1907 quidem
1035 1847 1159 1904 navem,
1183 1830 1214 1890 bi
1236 1829 1293 1891 do·

58 1946 144 1991 mum
167 1939 355 1991 construunt.
400 1929 450 1995 Sic
478 1929 548 1991 item
576 1929 660 1991 lsaac
687 1948 748 1991 uon
778 1931 862 2003 lecit,
892 1930 944 1991 sed
971 1931 1075 2010 genuit
1103 1931 1160 1994 sibi
1189 1936 1295 1995 naturl

58 2030 346 2093 consubstantialem
369 2031 473 2103 lacob,
503 2042 535 2093 ut
558 2041 588 2092 et
608 2031 696 2093 iacob
718 2031 819 2092 ludam
841 2050 876 2092 ac
898 2032 1012 2092 iratres·
1027 2033 1103 2093 eius.
1148 2033 1294 2106 Quocirca
1346 2051 1352 2060 ·

57 2141 95 2196 ut
116 2134 143 2194 ie
167 2151 237 2194 sana
261 2144 359 2194 mente
381 2152 442 2194 non
465 2142 561 2206 esset,
591 2134 641 2213 qui
664 2133 785 2194 domum
809 2133 853 2193 vel
876 2153 981 2193 navem
1005 2135 1103 2213 opifici
1127 2153 1196 2196 esse
1219 2154 1306 2196 con-⁴

58 2235 286 2296 substantialem
310 2235 438 2307 diceret,
472 2235 509 2296 ita
533 2235 667 2312 prolecto
689 2234 774 2294 lateri
798 2233 950 2307 convenit,
982 2253 1099 2297 omnem
1122 2235 1214 2296 lilium
1237 2242 1292 2297 s'uo

56 2336 138 2416 patri
161 2355 228 2397 esse
251 2336 544 2398 consubstantialem.
590 2336 654 2408 Qua
680 2345 805 2413 propter
833 2335 859 2395 si
888 2354 955 2396 rere
988 2345 1017 2396 et
1039 2336 1126 2397 Pater
1148 2346 1179 2397 et
1199 2336 1291 2399 Filius

46 2430 119 2511 est,
143 2457 266 2501 necesse
287 2436 411 2499 ¹omnino
434 2448 481 2500 est
501 2438 608 2498 Filium
632 2440 736 2499 naturai
758 2446 787 2497 et
810 2438 932 2498 veritate
955 2437 1046 2498 filium
1069 2425 1128 2500 boc
1149 2448 1196 2499 est
1212 2438 1292 2499 Petri

58 2539 346 2603 consubstantialem
370 2560 456 2613 esse,
480 2540 559 2619 quod
582 2539 701 2618 quidem
723 2538 823 2599 multis
847 2539 1082 2600 demonstratum
1105 2548 1162 2600 est.
1207 2538 1293 2600 Certe

58 2645 98 2715 de
121 2641 261 2720 operibus
284 2642 407 2704 dicitur:
432 2642 501 2724 lpse
524 2643 602 2705 dimit
625 2655 653 2705 et
673 2642 760 2721 secto
782 2652 870 2713 suom
896 2646 960 2721 ipse
975 2641 1132 2703 mondavit
1147 2652 1174 2702 et
1191 2651 1293 2703 create

57 2756 149 2816 auat,
179 2743 216 2805 de
237 2744 311 2833 Filio
335 2755 448 2806 autem:
482 2744 643 2807 Eructavit
672 2761 726 2805 cor
754 2761 850 2816 meum
876 2742 1002 2805 Verbum
1025 2744 1145 2805 bonum.
1189 2741 1292 2803 Daniel

57 2865 180 2927 quoque
204 2846 309 2909 Filium
332 2847 385 2907 Dei
408 2847 519 2926 optime
541 2852 681 2919 noverat3
703 2853 826 2905 noverat
848 2854 877 2905 et
898 2845 948 2905 uei
973 2862 1073 2923 opera.
1119 2843 1218 2922 ltaque
1239 2842 1291 2903 Fi-

55 2948 132 3010 lium
154 2947 273 3027 quidem
295 2948 428 3009 llammas
452 2947 582 3007 fornacis
604 2965 676 3008 rore
697 2945 869 3025 irrigantem
893 2945 980 3019 vidit,
1010 2955 1044 3033 at
1067 2964 1134 3006 cum
1156 2946 1194 3006 de
1216 2938 1290 3037 oge-
1328 3018 1335 3033 ·

56 3050 145 3112 ribus
169 3050 310 3111 dixisset:
332 3049 503 3110 benedicite
527 3052 626 3109 omnio
648 3047 888 3127 operabamini
908 3046 1046 3116 Domino,
1070 3046 1201 3125 singulas
1223 3045 1291 3126 qui-

18 3177 23 3183 ·
57 3152 128 3213 dem
150 3171 199 3212 res
222 3161 333 3213 creatas
356 3149 555 3222 enumeravit,
585 3148 638 3210 sed
668 3148 747 3208 iuter
775 3165 824 3208 eas
846 3147 1096 3209 Filiumminime
1127 3147 1291 3223 collocavit,

57 3253 171 3335 quippe
193 3253 243 3333 qui
271 3270 331 3312 non
361 3261 443 3313 esset
463 3250 598 3320 nescius,
628 3249 710 3310 illum
733 3268 808 3329 opus
830 3269 889 3312 nou
914 3269 1000 3323 esse,
1031 3249 1083 3311 sed
1112 3268 1167 3330 per
1194 3250 1291 3329 ipsum

57 3355 135 3418 iacta
165 3372 232 3414 esse
262 3372 369 3433 opera,
403 3371 530 3432 eumque
559 3352 589 3412 in
618 3351 705 3412 Patre
734 3351 847 3412 laudari
876 3360 906 3413 et
924 3350 1155 3430 superexaltari.
1199 3350 1297 3431 igitur

57 3454 309 3535 quemadmodum
333 3455 386 3514 Dei
410 3454 539 3533 cognitio
562 3473 616 3534 per
637 3454 737 3534 ipsum
753 3453 880 3540 Verbum
903 3453 1039 3535 babetur,
1063 3454 1102 3514 ita
1124 3452 1292 3532 peripsum
1319 3520 1323 3532 ¹

56 3565 89 3618 et
112 3555 142 3616 in
165 3556 232 3635 ipso
255 3555 441 3628 benedictio,
471 3557 552 3629 laus,
582 3554 675 3636 glorie
704 3564 733 3617 et
760 3557 892 3635 potentia
913 3555 992 3617 Patri
1023 3554 1203 3627 concinitur,
1233 3571 1291 3632 quo

57 3743 151 3794 ibidem
170 3738 363 3809 postremique
381 3744 437 3802 lleg.
457 3752 480 3792 et
490 3745 589 3806 Seguer.
606 3744 648 3793 ad·
735 3758 758 3804 g.
776 3743 816 3791 Sic
835 3743 891 3803 lleg.
908 3740 1124 3805 Seguer.,Gobler.
1143 3739 1247 3788 Felelm.
1270 3738 1290 3787 l.

57 3813 119 3863 dont
136 3804 248 3859 ἑαυτῶν.
288 3811 379 3859 ibidem
399 3811 497 3861 Gobler.
524 3820 546 3860 et
564 3811 648 3861 releu—
701 3819 725 3859 et
742 3810 847 3871 anglic..
873 3810 915 3858 sed
940 3809 1048 3858 auibus
1073 3807 1204 3887 postremis
1223 3807 1292 3855 abeat

56 3882 140 3929 manui
163 3880 184 3929 l.
203 3870 251 3927 οὐκ
268 3870 303 3925 ἂν
320 3870 393 3926 εἴποι
409 3872 520 3943 κτίσμα.
701 3871 767 3925 ἔστι.
811 3878 889 3926 Ceteri
914 3886 937 3926 et
961 3878 1018 3927 editi
1042 3868 1118 3929 υἱον,
1149 3869 1291 3922 τουτέστιν

94 3963 116 3996 e.
135 3948 169 3995 ltu
190 3948 245 4009 lleg.
265 3948 363 4008 Segucr.
383 3946 480 3996 Gobler.
502 3955 526 3995 et
543 3946 654 3995 relatu:
702 3936 859 4010 ὄμοοὸσιαν.

59 4015 82 4065 l.
102 4024 128 4064 ut
146 4025 169 4063 et
188 4015 244 4077 legit
255 4015 371 4072 Nunnius,
390 4010 413 4062 ai
424 4016 462 4063 alii
477 4022 500 4063 et
512 4014 567 4063 editi
578 4005 645 4061 υἱόν.
735 4014 757 4061 b.
778 4013 811 4060 lta
831 4012 886 4072 lleg.
905 4011 1003 4072 Seguer.
1023 4010 1121 4060 Gobler.
1139 4009 1245 4057 Felclru.
1267 4007 1289 4056 l.

56 4082 111 4132 Μαι
130 4084 186 4144 lleg.
198 4092 220 4131 et
231 4084 329 4142 Seguer.
348 4075 393 4128 καὶ
411 4075 537 4140 Bentleii
556 4076 586 4130 δέ
602 4091 647 4130 etc.
701 4089 724 4128 ct
742 4079 856 4129 Oltoboo.
892 4080 970 4128 Ceteri
990 4086 1068 4127 autem
1081 4087 1133 4126 cum
1146 4077 1202 4124 odit
1216 4075 1290 4124 Com·

94 4151 109 4199 l.
129 4151 169 4200 Sic
187 4151 243 4211 lleg.
262 4152 362 4210 Seguer.
385 4159 408 4198 et
427 4151 518 4211 buglic.
559 4151 586 4198 bt
605 4149 648 4198 0t·
701 4147 757 4197 mel.
776 4141 954 4212 δρασίσαντα.
994 4147 1052 4193 lbid.
1072 4145 1129 4205 ileg.
1149 4152 1173 4193 et
1190 4142 1290 4205 Segoer.

56 4218 142 4270 tobou.
168 4212 250 4283 φὸσει
275 4211 324 4264 τὸν
344 4209 439 4279 Ἰακώβ
462 4209 531 4265 υἱόν.
569 4216 648 4266 Celeri
700 4203 762 4264 alde.
801 4216 845 4265 dlii
865 4223 888 4264 et
905 4214 962 4263 editi
981 4200 1046 4260 olda.
1078 4269 1086 4288 ,

56 4297 81 4338 et
100 4287 174 4338 editio
192 4286 310 4336 Commel.
327 4279 373 4332 καὶ
391 4279 440 4333 τὸν
455 4275 558 4349 Ἰακώβ.
598 4283 649 4332 lior
735 4285 751 4333 i.
769 4282 874 4332 Felckro.
890 4281 914 4330 2.
933 4289 956 4330 et
981 4281 1037 4356 editi
1057 4291 1105 4355 ovar
1122 4269 1182 4325 ἔστι
1197 4271 1250 4342 μέν
1267 4285 1290 4326 et

54 4356 148 4406 ibidem
167 4356 264 4406 Gobler.
290 4362 313 4401 et
332 4354 435 4403 Felclrm.
458 4354 479 4403 l.
506 4345 520 4400 ὁ
545 4347 574 4402 δὲ
600 4344 649 4399 τὸν
701 4365 755 4400 mor
773 4346 870 4415 γέγονε
886 4343 938 4414 μὲν
955 4360 1046 4394 παντα
1063 4358 1098 4392 τα
1116 4338 1192 4410 ἔργα.
1212 4401 1226 4422 0

51 4416 154 4472 Ἰούδα.
185 4414 271 4486 ὥςπερ
290 4406 338 4470 οὖν
356 4431 401 4472 etc.
438 4422 648 4486 liegbabetqoo-
735 4421 757 4468 b.
783 4416 921 4468 Felclrm.2.
941 4424 963 4465 et
982 4414 1185 4464 aditioCommel.
1204 4422 1290 4476 ωαπερ

55 4506 105 4558 que
123 4485 173 4541 tir
187 4482 284 4540 'rodda
506 4562 513 4575 υ
699 4478 763 4552 γάρ.
