2948 5092
510 283 802 330 ommoneoum
812 282 950 329 masos.
1261 270 1324 335 m

94 439 165 516 „th
193 437 274 502 enim
301 435 498 509 divinitatem,
526 435 564 499 de
590 453 649 515 qna
676 435 725 497 nte
752 452 852 496 sermo
880 441 944 508 est,
972 452 1061 496 nemo
1083 434 1232 498 Christum
1256 453 1415 509 essentis,

95 540 248 618 „dixerit
269 538 323 601 sed
344 538 443 618 ipsum
459 556 528 610 esse
542 537 671 612 Patrem,
691 537 743 607 its,
764 546 800 599 ut
814 534 933 615 opinor,
956 535 1136 616 sempiterna
1151 537 1216 600 eius
1229 537 1326 607 ‚virtu

96 653 158 719 „et
184 641 324 705 &vinitas
353 657 415 701 non
442 638 612 719 unigenitus
641 646 688 702 est
713 637 823 710 Filius,
856 637 909 699 sed
936 637 1002 718 ipse
1023 647 1070 700 est
1090 639 1208 719 genitor
1229 640 1325 703 Pater.

95 745 223 822 „attam
244 749 343 805 autem
363 741 502 803 virtutem
525 747 556 801 et
577 739 751 821 sapientium
772 737 827 800 Dei
847 756 917 800 esse
939 738 1041 812 donst,
1064 758 1139 819 qnae
1160 758 1216 820 per
1237 740 1324 804 curt·

96 858 209 923 „stum
242 843 410 924 oppnmts‘
458 841 573 904 mindo
603 841 707 922 paneis
739 839 903 902 interiectis
935 841 1033 920 pergit
1064 841 1143 903 idem
1174 842 1325 907 Asterius:

97 947 315 1026 „unumunurn
336 944 517 1024 sempiterna
540 942 603 1005 eins
625 940 718 1005 virtus
739 950 771 1004 et
785 941 939 1021 sapientia,
962 960 1049 1021 quam
1065 928 1327 1023 principiendos·

98 1067 186 1126 „neo
204 1047 335 1129 genitam
357 1063 425 1108 esse
446 1044 522 1106 ratio
544 1063 613 1106 vera
634 1044 779 1117 dederat,
807 1062 866 1105 una
894 1051 974 1105 nerto
996 1053 1026 1105 et
1047 1044 1111 1125 ipsa
1134 1053 1189 1107 est.
1234 1045 1326 1109 Com-

97 1150 229 1232 „piures
251 1167 324 1210 vero
346 1156 418 1209 sunt
438 1146 602 1226 sapientiae
622 1144 790 1226 singulatim
811 1139 849 1207 ab
870 1145 938 1226 ipso
961 1153 1091 1220 mestas,
1115 1164 1239 1228 querum
1260 1146 1325 1228 nri·-

97 1250 300 1332 „mogenitns
321 1257 353 1314 et
372 1247 542 1329 unigenitus
562 1256 610 1310 est
623 1247 768 1322 Christus,
791 1266 866 1327 quae
882 1265 986 1309 omnes
1000 1247 1139 1310 similiter
1151 1267 1188 1309 ex
1203 1249 1325 1313 domino

96 1353 259 1434 „pendent
278 1368 348 1425 suo,
369 1350 494 1430 eiusque
514 1349 649 1423 virtutes,
671 1351 722 1429 qui
745 1368 795 1411 eas
818 1350 929 1412 messit
948 1357 977 1411 et
999 1350 1049 1429 qui
1070 1350 1119 1412 his
1137 1351 1239 1423 utitur,
1260 1350 1326 1413 iuro

97 1453 235 1528 ,merito
267 1451 461 1532 appellantur.
506 1451 583 1513 ilino
608 1450 757 1531 Propheta
790 1452 934 1513 locustam
962 1451 999 1512 ad
1025 1450 1180 1513 hominum
1207 1458 1327 1531 penmts

98 1553 299 1631 „nitisesnda
331 1552 471 1616 divinitus
500 1552 664 1615 inmissum
692 1572 754 1613 non
780 1555 918 1615 virtutem
946 1561 1075 1623 tantum,
1110 1553 1163 1614 sed
1190 1570 1326 1634 magnam
1408 1615 1413 1628 ,

97 1658 266 1734 „virtutem
289 1674 306 1716 a
328 1654 390 1717 Deo
412 1655 478 1735 ipso
501 1662 626 1716 testatur
648 1653 798 1734 appellari.
841 1654 947 1715 Beatus
969 1654 1040 1715 item
1062 1653 1152 1715 David
1174 1672 1236 1715 non
1257 1650 1326 1719 ui·

97 1768 190 1835 „tran
210 1755 354 1836 Angelos,
377 1756 431 1819 sed
453 1756 542 1818 etism
564 1755 695 1818 Virtutes
717 1756 752 1816 ad
775 1755 868 1818 Deum
889 1755 1066 1819 laudandum
1088 1756 1256 1818 horutms‘

182 2061 237 2126 38.
281 2057 362 2120 Haeo
383 2075 450 2120 oum
471 2057 514 2118 illi
536 2057 580 2118 rei
603 2064 716 2120 tentum
749 2059 818 2137 oqui
841 2057 960 2133 audent,
982 2077 1083 2121 nonne
1106 2060 1238 2122 omnium
1255 2060 1326 2124 odio

96 2159 268 2242 dignissimi
290 2157 385 2222 suut?
407 2158 438 2221 si
461 2158 551 2233 enirn,
573 2166 607 2221 ut
626 2158 685 2238 ipsi
708 2157 826 2238 quidem
848 2167 963 2238 putant,
985 2159 1078 2222 Filius
1102 2172 1159 2236 est,
1182 2180 1242 2224 non
1256 2161 1326 2244 quis

96 2283 136 2326 ex
156 2263 245 2325 Patre
266 2261 385 2342 genitus
407 2269 468 2334 est,
497 2278 554 2322 nee
573 2269 697 2340 propter
717 2268 840 2322 naturae
862 2260 1103 2340 proprietatem,
1121 2263 1175 2325 sed
1198 2262 1327 2327 Verbum

96 2365 208 2427 dicitnr
228 2363 293 2427 sire
313 2362 400 2424 Ratio
422 2362 462 2423 ob
484 2381 535 2424 res
556 2363 669 2424 ratione
691 2361 857 2442 praeditas,
887 2371 917 2423 et
937 2362 1081 2442 supientia
1102 2371 1226 2445 propter
1247 2364 1327 2442 iilos,

97 2466 150 2546 qui
180 2465 332 2546 sapientes
362 2463 452 2537 fiunt,
485 2464 618 2544 potentia
647 2482 701 2525 sen
726 2463 820 2524 virtus
850 2481 954 2524 eornm
977 2482 1081 2538 cansa,
1114 2466 1164 2545 qui
1186 2475 1326 2545 potentes

97 2567 281 2641 redeuntum
313 2565 442 2645 denique
471 2565 549 2626 filius
577 2583 631 2625 eos
659 2573 804 2647 propter,
828 2564 879 2644 qui
901 2564 952 2625 filii
975 2565 1158 2640 efficiuntur,
1187 2567 1325 2630 fortassis
1336 2578 1414 2626 m.

96 2687 219 2748 qnoque
235 2667 275 2728 ob
295 2685 355 2740 res,
378 2685 453 2746 quae
475 2667 614 2739 existunt,
638 2666 701 2728 sola
724 2665 904 2745 cogitatione
926 2666 1036 2728 existit.
1072 2667 1149 2740 Quid
1165 2687 1236 2748 ergo
1256 2679 1325 2732 tau·-

97 2770 168 2831 dem
190 2770 308 2831 tutunus
330 2768 379 2830 iilo
401 2767 472 2830 est?
493 2768 572 2829 Nihil
594 2767 673 2830 enim
695 2768 812 2829 illorum
836 2786 904 2830 esse
924 2768 982 2830 diei
1003 2768 1101 2848 possit
1115 2769 1190 2849 ipse,
1214 2769 1240 2832 si
1255 2771 1329 2837 hese

96 2889 181 2933 mm
203 2870 268 2932 eius
291 2879 361 2932 suut
381 2871 513 2943 nomina,
537 2869 659 2949 solaque
681 2869 860 2949 cogitatione
881 2870 1023 2932 dicendus
1039 2881 1086 2931 est
1100 2871 1237 2945 existere,
1261 2888 1328 2937 cun

96 2971 197 3035 noemi
224 2979 339 3034 tantum
367 2989 456 3033 rausa
483 2970 655 3032 huiusmodi
676 2977 801 3032 ornetur
821 2970 1002 3031 nominibus.
1048 2970 1126 3032 Sane
1148 2973 1205 3053 ipsi
1227 2973 1327 3053 potius
1378 2967 1402 3011 ·’

96 3072 243 3137 sementi
265 3064 336 3135 sunt
356 3072 500 3134 diabolice
523 3073 683 3135 autetiam
704 3072 853 3133 deteriore
875 3072 977 3151 agitari
999 3073 1123 3148 insania,
1146 3074 1254 3154 quippe
1277 3072 1328 3154 gni

96 3195 133 3238 se
153 3173 276 3256 quidem
299 3193 368 3235 vore
382 3174 517 3253 ⁸existere
538 3174 639 3248 veiint,
661 3173 714 3236 Dei
736 3181 834 3236 autern
849 3174 977 3236 Verbum
1000 3174 1066 3236 solo
1089 3175 1210 3236 nomine
1224 3183 1330 3255 putant

97 3277 241 3339 exisoere.
283 3274 328 3336 An
348 3293 410 3336 non
431 3294 505 3337 vero
525 3284 659 3338 monstra
674 3275 785 3350 dieunt,
808 3295 874 3337 eum
888 3276 1035 3338 affirmant
1049 3277 1224 3355 sapientiam
1239 3275 1329 3339 simui

98 3396 166 3455 sum
188 3376 278 3438 Paua
300 3376 445 3451 existere,
475 3388 600 3457 eamque
621 3376 772 3440 Christum
795 3397 862 3439 esse
890 3385 1014 3457 negant,
1044 3379 1098 3439 sed
1119 3378 1225 3440 multus
1247 3378 1331 3440 aiunt

96 3480 225 3542 virtutes
255 3487 370 3541 orsam
397 3486 429 3540 st
457 3478 617 3558 sapientias
646 3497 731 3553 esse,
760 3497 885 3558 quarum
908 3497 964 3540 uua
988 3479 1029 3540 sit
1048 3478 1210 3554 Dominus,
1240 3496 1330 3559 quem

99 3599 168 3644 eum
190 3597 281 3677 mea
303 3588 332 3641 et
353 3579 468 3643 ioeusta
491 3582 627 3642 oonierro
654 3599 714 3643 non
746 3579 902 3642 dubitant?
946 3581 990 3641 Au
1018 3600 1079 3642 non
1107 3582 1194 3643 etiam
1224 3578 1330 3649 dolose

98 3689 202 3762 agust,
225 3680 276 3761 qni
298 3676 366 3743 enni
387 3699 403 3743 a
425 3682 514 3744 nobis
535 3683 660 3744 audiunt
681 3680 809 3744 Verbum
830 3685 890 3743 una
908 3701 974 3744 eum
988 3683 1076 3744 Patre
1092 3683 1230 3756 existere,
1253 3698 1328 3743 oon·

96 3934 218 4046 maran
240 3964 418 4047 niueum.
433 3966 691 4046 conseruntur.
742 3965 833 4015 rosto.
871 3967 923 4017 uox
950 3964 1022 4014 sisu.
1046 3979 1092 4028 pro
1118 3956 1331 4042 suspenso

95 4045 206 4153 “1⁷22
228 4035 464 4151 :irrimiisf'sii
479 4035 577 4151 iiiii
593 4026 691 4153 iiii?
742 4028 1329 4164 ‘⁷¹‘⁷⁰s‘1'„lidtffitti‘tiii's‘lsstsslt'tt

95 4113 253 4226 itacius.
277 4134 350 4219 u's.
373 4162 419 4217 nt
435 4117 574 4217 timess
603 4170 648 4220 rui
668 4140 693 4220 si
742 4117 885 4219 nin&
903 4136 974 4218 iure
991 4170 1060 4217 resa
1077 4155 1156 4216 strar.

95 4237 173 4287 editio
189 4235 309 4287 mmet.
326 4230 373 4284 sot
389 4229 422 4285 τὸ
439 4228 540 4289 uideor.
776 4237 801 4287 it
819 4237 859 4286 Sis
876 4239 975 4298 Seguer.
995 4235 1092 4285 Gobier.
1109 4234 1213 4283 Foiekrn.
1230 4232 1252 4282 i.
1269 4231 1330 4285 su.

133 4318 156 4354 s
173 4304 335 4364 ffieSeoser.
370 4303 451 4354 statii
465 4295 694 4356 essentitatis
742 4305 771 4353 it
795 4304 836 4353 eiii
861 4311 884 4354 et
909 4304 965 4354 editi
983 4302 1042 4355 nois
1060 4297 1089 4350 tii
1106 4296 1152 4350 usi
1169 4299 1331 4379 nonime.

743 4371 803 4420 tntu.
827 4372 927 4433 Seguer.
951 4372 1008 4432 fleg.
1026 4380 1050 4420 et
1069 4372 1203 4419 ietctmsu.
1222 4369 1246 4418 5.
1264 4378 1323 4433 m

132 4440 150 4488 t.
173 4405 318 4500 segnoriis.
341 4437 440 4490 uester.
458 4439 564 4490 histor.
584 4438 607 4488 t.
625 4446 649 4487 et
665 4437 691 4486 4.
742 4431 757 4498 ἡ
781 4435 821 4484 ὥν
843 4435 902 4504 μέν.
938 4438 1017 4489 Ceteri
1040 4446 1063 4487 et
1082 4438 1145 4488 editi
1168 4427 1231 4505 παρ’
1253 4427 1332 4502 ἡμᾶν

94 4495 693 4565 σ’λλᾶιιὸτοῦτο.αω1«·ιδίήόλλὰ
742 4452 837 4572 ti⁴gsiu
926 4503 929 4507 ’
1254 4546 1257 4551 .
