2948 5092
448 275 592 318 semrom
608 275 627 316 ι.
643 276 678 316 ua
694 274 889 319 schistam.
1215 263 1277 327 ost

52 430 213 511 profunda
235 427 300 489 Dei.
349 428 424 500 Quis
454 431 529 487 enim
561 430 616 500 scit
644 445 718 506 pstor
740 438 810 487 sum
833 426 960 488 hominis
982 432 1045 488 nisi
1064 431 1198 508 Spiritus
1222 430 1362 492 ho-uuat.

56 536 157 600 minis,
182 534 234 611 prii
253 534 285 589 in
307 531 371 606 ipso
395 526 464 589 cst?
486 532 529 591 ito
551 537 579 587 et
602 545 675 606 quos
689 527 748 588 Dei
769 539 841 588 sunt
863 546 947 589 necno
971 533 1108 606 capnooit
1130 530 1277 610 nisiSpi-
1353 606 1358 619 ἱ

56 638 139 694 ritus
162 632 227 693 Dei.
274 629 335 690 Nos
359 639 458 689 eructem
480 646 542 689 uon
565 631 705 706 spiritum
727 628 833 689 mundi
853 633 1029 709 accepimus,
1054 633 1104 691 secl
1119 630 1277 710 Spiritum,

56 739 110 814 qui
131 751 170 795 eu
191 732 253 793 Deo
277 741 331 802 est,
356 741 390 791 ut
412 735 539 791 sciamus
562 748 636 809 pisas
658 750 676 791 a
697 729 760 791 Deo
785 731 896 791 donata
919 743 991 794 sunt
1013 734 1108 794 nobis.
1154 733 1190 793 Et
1211 742 1280 812 post

55 853 164 915 pauca:
188 833 326 903 Nescitis,
350 836 418 913 quia
442 830 582 911 tempium
597 832 654 893 Dei
674 836 745 895 estis
768 841 796 892 et
812 831 947 911 Spiritus
963 831 1021 894 Dei
1042 818 1155 895 habitat
1176 839 1208 895 iu
1224 855 1279 897 oo-

57 934 129 998 bis?
172 934 225 995 Et:
256 934 315 995 Sed
337 933 436 994 abluti
455 937 541 1002 estis,
565 934 615 993 sed
637 933 820 1012 sanctificati
839 938 926 1005 estis,
956 935 1008 996 sea
1028 937 1186 1016 iustificati
1207 942 1279 998 estis

56 1041 90 1099 in
112 1041 231 1098 nominee
254 1034 376 1126 Domini
395 1038 497 1096 nostri
517 1033 586 1094 lesu
610 1034 724 1096 Christi
752 1044 781 1095 st
809 1037 841 1094 in
863 1034 983 1113 Spiritu
1005 1035 1063 1098 Dei
1088 1017 1197 1099 nostri
1242 1038 1280 1099 Et
1336 1081 1342 1093 ,

56 1156 179 1199 rursus:
203 1137 283 1198 Haec
306 1148 405 1197 aretem
425 1122 526 1197 'omrsia
549 1149 695 1215 operatur
715 1156 796 1197 ureris
819 1147 848 1197 et
868 1137 944 1198 idem
967 1137 1122 1215 Spiritus,
1145 1141 1279 1202 iiou‘hsns

53 1244 185 1321 proprie
208 1239 350 1316 sinpulis,
372 1248 467 1317 prout
489 1237 564 1298 vult.
608 1236 659 1296 Et:
689 1237 836 1299 Dominus
859 1249 959 1299 autem
981 1237 1115 1318 Spiritus
1139 1250 1198 1315 est,
1228 1241 1283 1302 ubi

57 1352 159 1403 autem
181 1340 315 1419 Spiritus
339 1339 466 1407 llornini,
489 1340 531 1399 ibi
551 1338 685 1400 libertas.
730 1338 802 1398 Vide
824 1339 911 1400 etiarn
934 1340 1083 1418 quomodo
1105 1340 1142 1401 ad
1165 1341 1280 1404 Galatas

56 1440 105 1503 his
128 1440 226 1501 verbis
249 1439 373 1500 scribat:
408 1438 443 1500 lh
467 1440 626 1501 benedictio
649 1441 788 1502 Abrahae
816 1440 904 1520 fieret
931 1446 963 1503 in
988 1442 1107 1504 Christo
1131 1443 1215 1514 lesu,
1245 1454 1281 1506 ut

15 1604 20 1617 ,
52 1543 307 1623 pollicitationem
336 1541 471 1620 Spiritus
500 1546 680 1619 accipiamus
698 1560 757 1620 per
778 1542 875 1621 ficiem.
919 1542 956 1604 Et
977 1544 1098 1605 lterum:
1130 1545 1281 1617 Quoniam

56 1654 159 1707 autem
181 1646 252 1704 estis
275 1643 347 1723 filii,
375 1646 455 1703 misit
476 1641 557 1702 Deus
580 1641 731 1722 Spiritum
753 1642 824 1704 Filii
849 1648 899 1705 sui
918 1647 952 1706 in
976 1646 1068 1707 corda
1091 1655 1194 1709 uestra
1218 1647 1281 1708 cla-

47 1754 205 1818 mantem:
235 1745 323 1814 Abba,
348 1743 447 1804 Pater.
492 1742 677 1823 Itaqueiam
698 1762 760 1806 non
783 1763 813 1805 ss
836 1764 953 1817 servus,
977 1748 1029 1808 secl
1050 1747 1144 1827 filius.
1193 1749 1282 1821 Quod

55 1850 85 1910 si
105 1845 200 1926 filius,
225 1855 253 1905 et
276 1845 362 1905 heres
377 1844 435 1905 Dei
451 1863 510 1925 per
528 1844 690 1907 Christum.
735 1845 814 1905 llaec
830 1865 947 1926 quaque
963 1847 1027 1908 elus
1044 1856 1114 1909 sunt
1128 1849 1163 1910 sd
1179 1849 1280 1928 Ephe-

57 1948 124 2008 sios
147 1946 250 2007 serba:
280 1947 316 2007 Et
344 1946 437 2008 nolite
466 1952 650 2008 contristare
673 1947 823 2027 Spiritum
845 1961 982 2012 sanctum
1004 1949 1074 2025 ou,
1104 1955 1136 2011 in
1158 1970 1215 2030 quo
1237 1956 1282 2013 si-

57 2052 147 2129 pnati
167 2053 238 2110 estis
262 2052 295 2108 in
317 2049 392 2109 cliens
414 2049 615 2110 redemtionis.
660 2048 697 2109 Et
711 2066 834 2108 rursus:
858 2048 979 2111 Soliaiti
997 2069 1123 2112 seruare
1136 2058 1283 2115 unitatem

56 2149 197 2229 Spiritus
220 2154 252 2210 in
275 2148 394 2210 vinculo
416 2153 510 2229 pacis.
554 2149 597 2209 Ad
619 2149 825 2229 Philippenses
848 2169 917 2210 seco
935 2151 1008 2212 llaec
1030 2152 1282 2214 confidentissime

57 2251 176 2313 scribit:
210 2251 291 2323 Quid
312 2249 417 2325 enimi),
444 2253 512 2312 oum
541 2255 621 2311 omni
646 2252 733 2312 modo
763 2255 908 2330 siveper
940 2257 1123 2314 occasionem
1144 2259 1208 2317 siae
1225 2273 1284 2334 per

56 2357 218 2421 ueritatem
242 2351 380 2414 Christus
403 2356 620 2420 sermocinium,
653 2362 681 2413 st
710 2357 742 2413 in
765 2353 820 2414 hac
840 2354 971 2432 pondes,
1005 2354 1056 2415 sed
1084 2366 1111 2415 ct
1138 2356 1282 2432 paudebo.

57 2453 127 2515 Saia
152 2458 242 2523 enim,
276 2456 346 2532 posia
375 2453 428 2514 hoc
450 2454 524 2513 mihi
541 2457 699 2532 proveniet
721 2454 760 2513 acl
782 2454 909 2515 salutem
928 2472 987 2533 per
1009 2464 1143 2515 oestrum
1166 2459 1283 2537 oratio-

56 2574 127 2616 nem
150 2566 177 2615 et
199 2555 507 2616 subministrationem
529 2555 663 2634 Spiritus
687 2553 756 2616 lesu
781 2555 909 2628 Christi,
942 2556 1105 2617 secundum
1127 2567 1284 2634 suspecta-

59 2661 173 2719 tionem
195 2666 222 2715 et
244 2674 325 2734 spem
347 2675 450 2727 meam,
474 2660 543 2737 quio
565 2661 597 2716 in
619 2655 705 2717 nullo
729 2657 914 2734 confundar.
959 2656 1011 2716 Et:
1043 2656 1105 2718 Nos
1128 2663 1206 2718 enim
1228 2659 1283 2718 s'u-

57 2777 126 2818 snus
151 2760 352 2828 circumcisio,
383 2762 435 2837 qui
455 2757 588 2836 Spiritui
608 2756 667 2817 Dei
687 2761 843 2818 servemus.
864 2735 893 2819 et
914 2757 1085 2836 ploriomur
1107 2764 1139 2818 in
1163 2759 1281 2820 Christo
1291 2777 1368 2821 mass.

57 2858 143 2920 lesu.
188 2858 224 2919 Et
245 2858 281 2917 aa
298 2859 598 2919 Thessalonicenses:
622 2858 726 2939 ltaque
741 2862 794 2938 qui
806 2863 932 2937 spernit,
955 2877 1017 2919 non
1033 2859 1180 2920 hominem
1195 2878 1285 2939 sper-

57 2965 114 3030 uit,
139 2961 191 3020 sed
212 2959 317 3031 Decem,
341 2965 393 3039 qui
414 2961 463 3022 dat
487 2960 637 3040 Spiritum
651 2970 788 3020 sanctum
811 2965 953 3021 suumin
975 2962 1069 3022 uobis.
1113 2960 1192 3022 llaec
1213 2962 1284 3021 item

58 3060 95 3121 ad
119 3060 272 3120 Hebraeos
296 3061 412 3122 scribit:
436 3061 500 3122 llos
523 3062 711 3141 sipuifisante
734 3060 855 3140 Spiritu
878 3046 992 3131 cincto,
1015 3063 1146 3123 nondum
1166 3081 1285 3143 propa-

19 3200 24 3213 ·
59 3163 155 3224 latam
177 3182 239 3223 esse
262 3175 437 3224 sanctorum
460 3167 538 3224 viam
561 3163 657 3224 abhuc
677 3166 783 3242 priore
805 3161 999 3224 tabernaculo
1023 3163 1147 3224 habente
1161 3174 1285 3225 statum.

59 3351 150 3400 hebent
166 3343 222 3411 ‚zui
250 3342 382 3411 pcchsirase
407 3341 504 3395 πάλιν·
531 3340 576 3397 ἵνα
603 3358 648 3409 ete.
700 3350 838 3411 Scripturas
863 3357 951 3398 taulus
984 3349 1097 3398 Ottobon.
1118 3345 1145 3395 τί
1161 3343 1215 3414 γὰρ
1235 3340 1285 3400 ὅτι.

59 3420 153 3469 lbidem
173 3433 217 3479 pro
242 3418 278 3465 his
298 3419 375 3465 sorbis
394 3401 426 3463 ab
445 3411 473 3465 δὲ
492 3411 522 3463 τὸ
542 3415 649 3482 πνεῦμα
700 3407 1050 3465 hliletetlitlrislib'rcetc.
1087 3417 1287 3468 bloxtlohlsriou.

56 3480 172 3552 scopiac,
199 3486 254 3545 lleg.
278 3483 300 3532 2.
327 3486 398 3532 hahet
428 3470 459 3532 ob
487 3479 517 3532 ot
546 3478 646 3549 κύριος.
701 3485 840 3537 l'slchsn.l.
860 3493 882 3532 el
901 3487 999 3545 Seguer.
1019 3476 1145 3547 ἀληθείᾳ·
1165 3479 1287 3551 Χριστὸς

59 3557 120 3604 ltsm
141 3553 197 3601 ibid.
218 3554 272 3612 lleg.
288 3554 308 3601 l.
329 3563 351 3601 et
369 3554 441 3611 sepo.
459 3547 513 3600 lusi
530 3555 648 3602 omittunt.
700 3545 754 3619 γὰρ
772 3548 987 3617 καταγγέλλεται.

58 3623 111 3671 llos
142 3622 212 3668 iidem
240 3612 292 3685 ὅρα
319 3615 438 3671 Circeis.
475 3623 518 3671 Alii
546 3633 569 3670 sl
593 3623 649 3670 edili

58 3683 226 3755 bobiensis.

94 3773 115 3818 g.
142 3750 188 3802 uui
212 3748 293 3801 πάλιν
317 3758 384 3804 abest
402 3773 413 3803 a
433 3758 489 3816 lleg.
511 3758 531 3804 l.
551 3759 649 3817 Segusr.

56 3825 208 3899 Goblcr3st
230 3825 334 3872 Fslclun.
356 3825 375 3872 l.
412 3814 502 3872 lbibern
521 3826 608 3885 lleglus
626 3824 650 3872 2.

56 3887 121 3942 iare
142 3904 243 3950 euneos.

95 3962 120 4010 l.
147 3961 202 4020 llcg.
222 3960 245 4008 2.
269 3952 354 4024 ἡμῶν.
392 3960 482 4008 lbidcm
508 3958 604 4007 Gobler.
628 3967 652 4007 st

55 4030 168 4081 mem·
183 4029 203 4075 ¹¹
221 4020 343 4092 ὁπατήρ·
361 4022 406 4074 καὶ
419 4019 499 4074 πάλιν
516 4020 652 4090 ‘’ww‘’
702 4051 812 4108 ἀθετῶν
829 4069 874 4110 etc.
910 4062 990 4111 Ottob.
1002 4076 1054 4110 mox
1065 4055 1093 4108 oi
1108 4054 1138 4109 iu
1154 4054 1288 4126 πνεύματι

53 4083 504 4226 ussus:subulcis
519 4094 651 4227 libbi
702 4124 1289 4262 grppgpagjp”ggegrppgguf‘zt

54 4233 139 4309 Panlp
163 4242 219 4294 post
236 4235 335 4294 Seguer.
355 4233 451 4282 Gobler.
471 4240 493 4280 et
510 4232 615 4280 l'elclun.
630 4231 651 4279 l.
703 4265 801 4327 sogum

55 4298 170 4358 hunnis.

736 3655 757 3700 h.
777 3655 817 3702 Sic
836 3655 891 3715 llag.
907 3654 926 3702 l.
944 3655 1044 3714 Seguer.
1063 3656 1247 3706 Galilislclm.
1264 3657 1285 3705 l.

702 3730 725 3769 sl
743 3726 775 3769 lln
795 3722 832 3770 lic.
868 3727 896 3770 tlt
920 3722 976 3783 lleg.
995 3721 1018 3770 2.
1044 3722 1115 3771 besil.
1140 3725 1243 3772 Felclm.
1262 3723 1287 3772 2.

700 3737 874 3854 naocsjout'au.
920 3790 981 3838 Edlll
1008 3784 1188 3855 παραδοκίαν.
1236 3791 1287 3842 blot

702 3860 772 3906 verba
791 3849 835 3903 bri
852 3849 882 3904 lu
896 3847 987 3905 οὐδενὶ
1005 3849 1225 3923 αἰσχυνθήσομαι
1244 3860 1287 3908 ds-

702 3935 759 3974 sunl
781 3926 805 3973 in
831 3925 927 3974 Goblsr.
952 3935 976 3973 st
993 3925 1096 3974 felclm.
1118 3926 1138 3974 l.
1158 3930 1197 3990 qui
1216 3927 1287 3976 iidem

702 3995 764 4042 inlra
784 3994 885 4041 habent:
903 3987 949 4039 uui
963 3990 1204 4040 Osaaahoususbas·
1225 3987 1239 4040 b
1258 3989 1288 4042 δὲ

96 4372 113 4417 i.
135 4368 231 4419 Goblsr.
250 4378 273 4418 at
293 4369 396 4416 Felclm.
418 4369 438 4416 1.
456 4362 501 4414 καὶ
520 4363 650 4425 wiltunn-
736 4367 752 4415 l.
771 4367 826 4429 Res.
839 4335 902 4416 lsot
914 4368 1012 4429 Segusr.
1031 4364 1117 4415 rouro.
1142 4368 1215 4416 Paulo
1233 4375 1290 4431 post

20 4489 28 4500 p
57 4431 253 4488 aiara'riete.
289 4437 652 4497 lhldomiidemetllsg.l.st
702 4450 747 4499 pro
765 4427 806 4482 ἔτι
823 4435 913 4496 llum.
933 4444 957 4484 et
973 4427 1106 4484 basile'rsr'.
1142 4434 1288 4500 ltempsulo

55 4508 166 4569 Segucr.
185 4499 211 4552 τί
227 4498 300 4572 γάρ,·
317 4498 392 4577 nbi}
404 4495 446 4551 ὅτι
464 4512 490 4554 ut
507 4512 530 4554 et
546 4506 651 4556 Graecus
703 4510 759 4568 pasl
776 4504 841 4566 Rem·
853 4503 876 4567 l.
895 4513 918 4554 st
935 4503 1035 4567 Segnis.
1053 4493 1267 4563 ἆξιωθήσεσθαι,
