2934 5078
452 255 599 301 xrrsrom
613 258 634 300 ι.
649 258 687 304 sn
702 258 900 307 srmrxonxrr.
1183 315 1184 320 ,
1229 250 1291 315 737

64 408 191 491 amplius
214 407 271 470 dici
294 407 480 469 Christianus
509 407 567 470 ulla
595 409 711 471 ratione
737 411 857 490 poterit.
902 412 1004 493 ltaque
1031 413 1161 476 Trinitas
1192 423 1377 481 sanctonus.

63 520 94 575 et
113 512 245 592 perlecta
267 519 330 583 est,
364 529 439 590 quae
465 509 496 570 in
518 509 605 571 Patre
634 519 662 573 et
683 509 757 572 Filio
787 520 816 573 et
837 511 948 593 Spiritu
978 523 1082 576 sancto
1112 517 1293 594 agnoscitur,

62 612 196 693 nihilque
218 612 345 674 alienum
372 611 418 672 rel
447 610 632 673 extrinsecus
653 612 814 674 admixtum
836 612 941 688 habet,
970 633 1067 696 neque
1095 636 1131 678 ex
1159 626 1295 681 creatore

63 722 93 776 et
112 733 147 776 re
171 721 269 776 creata
291 701 418 786 constat,
441 712 495 774 sed
519 720 578 774 tota
601 713 719 775 creandi
744 723 774 776 et
795 713 940 777 efficiendi
957 717 986 777 ri
1000 717 1133 797 praedita
1155 727 1212 794 est,
1235 716 1294 783 sibi

62 834 183 897 quoque
212 814 319 877 similis
348 823 378 876 et
407 813 557 875 individua
584 821 632 876 est
652 817 774 889 natura,
803 834 921 898 unaque
950 818 1016 880 eius
1045 827 1093 880 est
1114 819 1243 882 efficacia
1266 826 1315 884 et*
1373 876 1379 883 .

60 919 149 981 actio.
193 916 268 978 Nom
289 916 377 978 Pater
402 934 457 996 per
478 915 607 977 Verbum
634 915 665 978 in
687 907 819 997 Spiritu
833 927 936 982 sancto
960 921 1059 982 omnia
1080 921 1177 995 lacit,
1197 940 1295 1002 eoque

59 1021 153 1083 modo
182 1026 302 1082 sanotae
330 1017 483 1080 Trinitatis
510 1018 609 1080 unitas
640 1026 784 1082 servatur.
829 1020 873 1082 lta
901 1040 980 1084 unus
1000 1021 1079 1085 Deus
1107 1022 1139 1084 in
1160 1021 1294 1085 Ecclesia

59 1121 258 1205 praedicatur,
281 1119 332 1200 qui
348 1128 500 1202 estsuper
516 1124 626 1197 omnio,
648 1132 678 1185 et
696 1141 755 1204 per
778 1129 879 1186 omnio
900 1134 930 1189 et
951 1127 984 1187 iu
1000 1125 1147 1188 omnibus.
1191 1124 1294 1207 Super

61 1228 166 1288 omnio
187 1222 306 1303 quidem
328 1230 360 1285 ut
376 1222 473 1296 Pater,
497 1230 528 1283 ut
542 1222 720 1304 principium
738 1232 768 1286 et
781 1226 863 1301 lons,
879 1245 938 1306 per
960 1231 1061 1289 omnic
1080 1244 1162 1301 vero,
1184 1243 1293 1307 nempe
1301 1248 1379 1294 neu.

60 1345 118 1407 per
138 1325 284 1400 Verbum,
315 1329 348 1387 ia
377 1325 513 1387 omnibus
542 1324 671 1406 denique
698 1325 730 1387 in
752 1325 865 1408 Spiritu
888 1336 1002 1390 sancto.
1045 1327 1141 1391 Porro
1163 1326 1293 1390 Trinitas

60 1446 125 1488 non
147 1426 268 1490 nomine
290 1434 378 1488 enus
402 1433 432 1486 et
453 1425 516 1487 sola
538 1427 698 1490 verborum
722 1429 823 1510 specie
845 1438 893 1517 est
915 1429 1061 1505 Trinitas,
1091 1429 1145 1491 sed
1174 1447 1242 1491 rore
1264 1435 1294 1491 et

58 1530 163 1609 reipsa
186 1528 286 1591 existit
308 1526 449 1627 Trinitas.
493 1527 567 1590 Nam
589 1528 676 1591 sicuti
698 1549 767 1592 rere
789 1538 837 1592 est
857 1530 955 1606 Pater,
978 1530 1019 1592 ita
1041 1538 1154 1592 eluere
1170 1529 1294 1592 asterus

59 1630 210 1699 Verbum.
239 1629 319 1710 quod
347 1637 377 1692 et
404 1629 504 1709 ipsum
533 1650 623 1711 super
653 1632 752 1694 omnia
780 1641 828 1695 est
847 1632 938 1695 Deus.
982 1633 1043 1695 Nec
1069 1632 1141 1694 item
1163 1630 1293 1712 Spiritus

60 1739 184 1794 sanctus
206 1749 267 1793 non
290 1731 405 1805 existit,
435 1732 488 1794 sed
519 1733 621 1813 utique
647 1752 718 1796 rere
747 1740 795 1796 cst
826 1742 857 1799 et
884 1734 991 1796 existit
1035 1734 1097 1796 Nec
1122 1733 1171 1796 bis
1193 1732 1294 1795 minus

60 1833 173 1912 aliquid
201 1833 294 1894 sentit
315 1832 462 1894 Catholica
483 1832 631 1910 Ecclesia,
659 1853 698 1896 ne
724 1834 888 1897 hodiernos
910 1835 1036 1899 ludaeos
1059 1834 1188 1915 Catpbae
1214 1834 1295 1913 baud

60 1928 216 1997 absimiles
238 1943 267 1996 et
289 1934 448 1996 Sabellium
472 1932 630 2015 sequatur,
658 1954 715 1999 nec
741 1936 789 1998 bis
819 1937 889 1998 item
911 1935 979 2016 plus
1002 1935 1112 2017 aliquid
1135 1934 1293 1998 commini-

59 2036 166 2108 scitur,
189 2054 227 2097 ne
248 2036 279 2097 in
301 2035 519 2099 multitudinem
542 2037 666 2100 deorum
689 2037 850 2100 Gentilium
871 2037 1051 2100 devolvatur.
1096 2036 1155 2099 Sed
1171 2045 1205 2098 ut
1218 2036 1296 2098 banc

61 2156 133 2199 esse
151 2135 244 2199 'tidem
267 2136 417 2199 Ecclesiae
439 2138 612 2219 intelligant,
639 2158 692 2201 eos
714 2139 833 2202 discere
855 2137 1114 2220 operaepretium
1136 2145 1194 2211 est,
1216 2155 1294 2216 quo·

60 2258 132 2302 narn
147 2238 238 2301 modo
260 2238 405 2302 Dominus
426 2240 548 2302 mittens
566 2241 727 2321 Apostolos
743 2241 851 2303 iisdem
866 2240 1060 2320 praeceperit,
1082 2247 1115 2300 ut
1129 2237 1209 2301 istud
1223 2239 1295 2299 lun-

61 2341 235 2402 damentum
255 2340 287 2401 in
309 2339 442 2403 Ecclesia
464 2343 609 2405 iacerent:
636 2341 771 2415 Erotes,
796 2342 905 2422 inquit,
932 2338 1035 2404 docete
1056 2358 1160 2404 omues
1181 2348 1294 2421 gentes,

54 2445 254 2523 ,boptr'zaates
277 2446 383 2526 cosin
404 2449 525 2507 comice
545 2445 650 2508 Petris
672 2455 702 2508 et
717 2444 840 2508 Futil'ct
854 2443 992 2524 Spiritus
1015 2446 1123 2505 coacti.
1166 2438 1296 2501 Profecti

60 2563 135 2607 vero
158 2542 291 2624 Apostoli
313 2544 354 2605 ita
376 2546 442 2607 sine
464 2545 554 2607 dubio
577 2545 751 2620 docuerunt,
775 2555 862 2626 atque
884 2544 959 2605 baec
980 2544 1046 2624 ipsa
1060 2539 1240 2625 praedicatio
1263 2538 1294 2601 in

60 2645 234 2707 universam
255 2643 427 2721 Ecclesiam,
451 2665 526 2728 quae
548 2647 604 2710 sub
626 2648 706 2710 caelo
729 2657 786 2721 est,
808 2644 1003 2727 permanavit.

149 2851 201 2912 29.
246 2848 319 2911 (lum
341 2848 431 2928 igitur
452 2847 532 2910 istud
554 2848 623 2910 fidei
645 2848 868 2910 fundamentum
898 2846 1006 2908 habeat
1026 2843 1175 2917 Ecclesia,
1205 2841 1294 2905 nobis

60 2949 172 3011 iterum
194 2949 235 3011 illi
256 2950 440 3031 respondere
461 2969 500 3011 nc
522 2957 696 3029 graventur:
731 2949 901 3010 Trinitasne
929 2956 975 3011 est
1003 2966 1041 3008 an
1067 2941 1219 3008 dualitas?
1262 2942 1295 3008 Si
1370 2990 1374 2995 .

61 3050 189 3113 dualitas
212 3061 279 3127 est,
301 3070 356 3131 per
377 3070 426 3112 me
447 3051 517 3112 licet
539 3051 682 3132 Spiritum
703 3049 794 3112 rebus
817 3049 923 3112 creatis
945 3048 1104 3128 adiungite.
1126 3046 1185 3138 'At
1206 3044 1233 3110 si
1254 3044 1296 3106 ita

62 3160 128 3227 est,
160 3153 233 3214 fides
257 3161 353 3215 restra
376 3151 434 3214 iam
456 3171 517 3213 non
540 3153 639 3316 εῖὲἰιι
660 3152 755 3213 Deum
778 3169 888 3225 unum,
921 3150 971 3231 qui
1000 3150 1040 3211 sit
1068 3155 1163 3231 super
1186 3149 1295 3218 omnio,

56 3273 120 3336 per
143 3259 244 3317 omnic
264 3263 295 3316 et
315 3259 349 3317 ln
372 3254 518 3317 omuibus.
590 3272 624 3316 ec
645 3253 724 3316 enim
747 3257 779 3315 r'rr
803 3252 940 3315 omnibus
963 3250 1121 3323 babebitis,
1148 3248 1174 3311 si
1196 3246 1294 3329 Spiri-

60 3364 128 3417 tum
150 3373 167 3416 a
190 3355 338 3418 divinitate
360 3356 505 3435 separetis
527 3366 557 3418 et
578 3355 614 3418 ab
637 3375 671 3418 ea
694 3355 827 3417 alienum
846 3353 970 3416 faciatis.
1012 3353 1121 3414 Vestra
1140 3351 1212 3413 item
1234 3347 1295 3412 ini·
1327 3436 1333 3444 Ι

63 3456 168 3530 tiatio,
198 3476 284 3537 quam
305 3475 448 3536 peragere
471 3456 672 3533 arbitramini,
696 3457 733 3518 si·
744 3457 783 3518 ita
806 3456 942 3530 sentitis,
964 3472 1026 3516 non
1046 3462 1110 3515 tota
1131 3460 1162 3514 et
1182 3452 1297 3532 integra

61 3558 116 3619 det
136 3558 167 3619 in
190 3558 352 3620 divinitatis
373 3577 494 3633 nomen,
518 3560 629 3641 quippe
650 3577 716 3622 cum
738 3577 803 3620 rem
824 3565 952 3619 creatam
973 3556 1031 3636 ipsi
1046 3553 1243 3626 admisceatis,
1267 3559 1297 3615 et

60 3659 146 3722 velut
167 3659 266 3721 Ariani
290 3679 323 3744 ac
345 3659 476 3722 Gentiles
499 3679 564 3722 renr
587 3670 713 3724 creatam
736 3678 794 3721 una
817 3658 972 3731 cumben,
996 3657 1047 3738 qui
1066 3675 1131 3719 eam
1152 3672 1208 3734 per
1221 3671 1296 3734 pro·

61 3894 122 3928 roo.
159 3879 204 3928 lilii
220 3895 275 3929 uero
294 3889 317 3929 et
337 3881 393 3929 editi
412 3879 501 3929 babent
519 3893 552 3928 u.
709 3881 731 3930 1.
751 3881 851 3941 Segner.
878 3877 976 3930 Goblcr.
1002 3884 1025 3926 ct
1043 3875 1147 3925 Felclm.
1168 3873 1190 3921 l.
1208 3871 1297 3922 babent

97 3949 115 3997 l.
134 3948 175 3996 Sic
192 3948 249 4010 lieg.
268 3949 290 3997 l.
309 3949 408 4009 Seguer.
427 3947 498 3996 basil.
519 3949 616 3998 Goblcr.
633 3957 657 4000 et
706 3941 738 3996 τὸ
764 3944 891 3995 τοιοῦτον
914 3937 992 4009 ὖμών
1016 3952 1061 3992 etc.
1102 3942 1146 3990 atti
1171 3948 1249 3989 antem
1274 3948 1321 3999 et⁸

60 4015 171 4065 Telclm.
192 4015 228 4075 l.,
248 4016 287 4079 qui
306 4016 378 4065 iidem
398 4016 459 4064 intra
478 4016 567 4065 babent
584 4012 656 4064 uolr-
707 4016 765 4065 editi
791 4027 836 4062 ror
862 4005 932 4062 abror
958 4006 988 4059 τὸ
1013 4004 1092 4076 ὑμῶν
1115 4018 1161 4058 stc.
1196 4008 1253 4070 Reg.
1272 4006 1296 4058 2.

61 4081 127 4148 σθῇ.
164 4082 225 4131 Editi
245 4092 268 4132 et
286 4083 325 4132 alii
343 4096 377 4132 ne
397 4078 473 4148 integ
493 4092 517 4133 et
535 4084 596 4133 intra
609 4097 655 4132 κα·
706 4078 840 4150 ὑμέτερον
857 4097 901 4147 pro
920 4074 1006 4146 ὑμῶν.

59 4146 222 4216 τακυλισθῇ.
266 4150 358 4200 lbidem
378 4097 439 4212 bag.
460 4152 481 4200 l.
507 4160 531 4201 et
554 4153 654 4214 Seguer.
695 4177 697 4180 ⁴
742 4153 756 4200 i.
776 4152 816 4200 Sic
835 4150 891 4212 lleg.
910 4149 930 4198 1.
945 4150 1045 4209 Seguer.
1064 4143 1137 4222 lircil.
1158 4141 1254 4220 Gobler.
1273 4149 1297 4191 et

58 4214 145 4268 uuor
164 4219 261 4279 babent,
279 4219 318 4268 aiii
338 4228 361 4268 et
375 4219 431 4268 editi
440 4214 540 4268 πλεῖον.
559 4219 616 4282 lleg.
630 4219 654 4269 2.
706 4219 812 4269 Felclrm.
824 4218 845 4266 l.
880 4224 908 4271 at
926 4216 966 4264 alii
986 4223 1010 4289 et
1020 4206 1294 4266 editiunofevrsomc.

59 4303 109 4353 pro
127 4278 318 4345 πολυθεότητα
336 4287 408 4335 babet
426 4281 584 4336 nolcScr‘cr.
707 4287 781 4336 Paulo
800 4293 855 4350 post
873 4285 944 4333 iidem
964 4274 1109 4346 ὁλοκληρος
1126 4280 1231 4339 babent,
1256 4276 1296 4327 alii

98 4371 122 4418 g.
140 4356 262 4405 articulos
288 4351 320 4402 τό
345 4363 368 4404 et
392 4351 440 4403 rori
465 4363 502 4406 ter
525 4363 655 4420 sequentes
708 4364 731 4404 et
749 4354 806 4403 editi
824 4345 981 4415 tttxtapoc.
1330 4352 1338 4369 ⁸
1414 4394 1419 4400 .

59 4424 178 4475 omittunt
195 4422 252 4484 lieg.
271 4431 294 4471 ct
312 4424 412 4484 Segner.
741 4423 764 4471 l.
783 4422 824 4471 Sic
842 4422 899 4482 lieg.
916 4421 936 4468 1.
956 4419 1056 4480 Segucr.
1069 4411 1297 4492 centenorum·
1375 4470 1380 4481 Ι

97 4492 124 4543 b.
142 4491 216 4542 basil.
234 4481 297 4556 παρ’
308 4483 387 4563 ὑμῖν.
422 4491 476 4543 llox
492 4490 657 4555 idemetlleg·
708 4490 790 4541 manni
810 4488 832 4539 1.
867 4488 1010 4539 atilanum
1029 4484 1220 4549 etediticurp.

100 4580 230 4622 trmrssu
242 4587 295 4623 οη.
306 4588 378 4622 nocx.
393 4588 442 4620 ιιι.
934 4628 938 4639 ,
1060 4568 1093 4621 tt
