2948 5092
512 261 630 313 cosroe
644 262 861 317 maurusius
876 266 1018 344 urere
1291 260 1355 326 883

123 412 231 493 ipsum
253 420 352 473 tamen
374 411 501 472 Verbum
525 411 758 504 iromutabileet
778 413 952 505 invariabile
972 419 1145 496 credentum
1173 424 1252 501 quod
1275 425 1439 493 iceneol.

124 514 227 596 ipsum
250 531 373 591 passum
396 522 444 574 est
465 523 495 580 et
516 533 577 580 nou
599 534 732 593 passum,
754 518 892 596 quodque
914 516 1011 590 divina
1033 521 1152 600 gromen
1175 532 1280 593 natira
1293 527 1352 599 im,

124 614 285 694 pessibila‚
315 613 495 683 immutabile
525 625 555 681 et
576 616 744 686 invariabile
765 628 829 690 est,
852 638 939 688 earne
961 629 1061 690 tamen
1082 635 1290 703 pessumam,
1321 637 1355 700 up

127 716 206 784 dixit
227 715 348 789 Petrus,
371 725 401 777 et
424 725 548 785 mortem
572 727 691 796 gustare
715 719 823 792 voluit,
853 722 1036 799 quiefactus
1061 734 1107 792 est
1128 728 1276 800 medrater
1298 730 1358 800 liat

122 829 158 879 et
189 819 342 881 bominum
372 818 457 879 bomo
482 819 637 889 Christus,
667 824 720 900 por
745 822 825 883 dedit
847 827 1039 903 semetipsum
1061 829 1274 899 redemtionem
1292 849 1353 911 pro

125 921 233 991 noco.
263 928 292 982 et
315 938 450 986 rursum:
484 920 563 995 Quia
585 923 687 999 [octus
710 932 756 991 cst
777 925 926 991 mediator
948 925 1006 987 oet
1027 940 1056 989 ot
1079 928 1241 998 bominum
1286 931 1351 1000 Μι-

122 1022 232 1085 dr'otor
254 1040 327 1089 uero
349 1027 442 1086 unios
465 1041 527 1087 ooo
550 1036 603 1095 est,
627 1023 709 1087 llaec
732 1035 832 1092 autern
854 1045 935 1089 uuus
957 1038 1013 1094 ort.

218 1227 266 1290 12.
312 1224 500 1304 Quapropter
523 1235 623 1290 errant
643 1225 694 1304 gui
716 1225 817 1295 dicunt
839 1227 929 1295 oium
951 1249 1020 1293 osse
1042 1231 1092 1310 qui
1113 1250 1221 1312 passus
1238 1242 1283 1303 ost
1299 1233 1351 1300 Fi·

120 1326 205 1399 lios,
235 1335 264 1390 et
292 1327 380 1390 alium
404 1327 452 1405 qui
475 1346 583 1405 passus
606 1347 666 1390 uon
689 1337 745 1407 est.
789 1329 855 1391 lVou
878 1331 955 1394 enim
979 1332 1054 1394 alius
1077 1343 1124 1398 est
1145 1353 1232 1412 quam
1253 1335 1353 1416 ipsum

121 1427 270 1500 Verbum,
292 1429 372 1507 quod
394 1429 566 1507 passionem
589 1439 619 1515 et
641 1439 767 1500 mortem
789 1433 963 1511 susceperit.
1008 1435 1069 1503 Sed
1090 1435 1159 1505 illud
1182 1434 1281 1517 ipsum
1302 1437 1351 1499 iu·

122 1548 307 1608 corporeum
336 1540 366 1591 et
392 1531 574 1610 impassibile
603 1532 746 1608 Verbum,
778 1553 843 1602 cum
872 1536 1094 1613 generationem
1123 1538 1220 1606 caruis
1249 1537 1352 1603 subire

121 1632 281 1719 Quarum
302 1643 400 1704 esset.
430 1634 531 1696 omnia
553 1633 701 1716 implerit,
731 1624 764 1702 ut
785 1635 908 1702 nanee
929 1637 1008 1714 duod
1031 1655 1086 1716 pro
1109 1637 1196 1708 nebia
1219 1641 1351 1710 offerret.

123 1735 166 1799 Et
188 1733 294 1799 dicnur
316 1735 422 1797 melius
444 1734 561 1811 Angelis
585 1737 702 1807 lactum.
725 1754 785 1805 uon
809 1737 890 1815 quod
914 1737 1039 1806 Verbum
1063 1740 1156 1804 lactor
1170 1741 1352 1819 Angelorum

124 1836 238 1896 melius
260 1837 367 1895 lactum
392 1836 438 1906 sit,
462 1836 544 1914 quasi
568 1836 723 1914 aliquando
746 1837 845 1900 minus
870 1837 927 1900 illis
950 1839 1047 1910 luerit
1072 1840 1125 1902 sed
1146 1841 1243 1907 torma
1259 1841 1350 1914 seori,

121 1957 217 2023 quam
240 1939 337 2016 ipsum
361 1938 487 1999 Verbum
509 1939 660 2017 propriam
683 1937 739 2005 sibi
763 1939 885 2006 naturali
910 1940 1100 2018 generatione
1122 1941 1261 2013 reddidit,
1284 1960 1349 2002 me-

120 2041 186 2104 lior
208 2059 242 2103 er
265 2038 444 2117 Protoptasti
467 2041 656 2116 generatione
678 2049 780 2108 exorta
804 2051 864 2112 est,
887 2060 1003 2119 uosque
1024 2042 1065 2110 itli
1087 2041 1190 2110 affines
1212 2043 1350 2116 reddidit,

125 2150 163 2207 ut
185 2141 377 2215 dictumest,
399 2142 479 2204 cives
502 2142 678 2208 Sanctorum
702 2149 731 2207 et
752 2145 911 2209 lamiliares
935 2145 996 2205 lieo
1020 2147 1153 2211 allectos.
1200 2145 1274 2213 Caro
1298 2165 1349 2207 se-

122 2243 258 2310 cundum
286 2253 420 2310 naturam
451 2246 570 2322 propria
592 2245 654 2305 lieo
683 2245 758 2307 lacta
787 2254 850 2316 est,
879 2264 934 2312 nec
963 2255 1060 2310 mmet]
1090 2245 1349 2316 consubstantialis

121 2354 176 2408 est
198 2345 285 2409 Verbi
306 2346 422 2419 uetari,
445 2346 528 2424 quasi
552 2346 591 2411 illi
615 2355 769 2414 coaeterna
792 2354 883 2420 esset,
908 2347 959 2409 sed
982 2347 1102 2428 propria
1124 2347 1166 2410 illi
1187 2349 1351 2415 secuudum

122 2455 263 2511 naturam
285 2450 368 2520 lacta,
392 2458 422 2508 et
444 2448 632 2513 indivisibilis
654 2458 778 2534 propter
800 2450 940 2515 unionem
965 2467 999 2510 ex
1014 2450 1129 2510 semine
1140 2449 1239 2521 Dauid,
1254 2449 1349 2517 Abra·

122 2549 184 2612 hae
207 2560 237 2611 et
258 2550 352 2623 tuae,
387 2569 422 2611 ex
449 2569 511 2628 uuo
541 2559 569 2610 et
591 2569 647 2611 nos
669 2551 817 2630 progeniti
841 2569 953 2616 sumus,
1000 2551 1086 2624 Quod
1108 2552 1135 2612 si
1157 2550 1252 2611 Verbo
1276 2570 1348 2613 con-

121 2652 328 2719 substantialis
359 2662 403 2713 est
429 2671 496 2712 caro
521 2663 550 2712 et
572 2661 744 2726 coaeterna,
774 2654 831 2718 iam
854 2653 923 2713 liiuc
945 2652 1048 2719 dicetis
1071 2671 1175 2716 omues
1199 2660 1349 2716 creaturas

121 2753 260 2821 numium
283 2754 409 2817 creatori
421 2754 483 2815 Deo
507 2763 678 2820 coaeternas
701 2772 777 2818 esse.
821 2755 856 2820 dt
879 2758 929 2834 qul
951 2772 1063 2832 quaeso
1086 2753 1180 2820 adbuc
1192 2752 1350 2820 Christiani

124 2854 230 2926 eritis,
254 2857 302 2934 spui
327 2856 433 2917 talibus
456 2875 509 2919 ros
532 2857 644 2934 laqueis
668 2853 848 2934 implicatis?
892 2855 964 2917 lVrun
988 2856 1066 2934 quod
1089 2853 1350 2928 consubstantiale,

124 2956 312 3035 impassibile
342 2967 371 3018 ct
398 2958 505 3023 mortis
534 2958 653 3036 incapax
677 2965 740 3029 est,
768 2957 908 3018 unionem
932 2975 1001 3019 cum
1022 2955 1265 3022 consubstantiali
1289 2972 1351 3018 nou

121 3059 254 3123 admittit
283 3059 443 3132 secuudum
466 3060 656 3138 hypostasin,
687 3059 740 3123 sed
763 3060 924 3136 secundum
946 3066 1099 3131 naturam
1127 3075 1219 3136 porro
1242 3074 1351 3119 secuu-

122 3161 198 3227 dum
219 3161 391 3241 hypostasin
413 3161 564 3240 propriam
586 3161 800 3239 perlectionem
823 3160 950 3226 exhibet.
995 3159 1096 3238 ltaque
1111 3177 1165 3238 per
1178 3158 1350 3236 religiosum

125 3281 160 3326 ut
190 3264 351 3331 aestimatis
382 3273 511 3327 restrum
540 3271 741 3330 commentum
762 3276 811 3324 aut
833 3279 951 3323 carnem
975 3279 1008 3323 cx
1032 3260 1151 3346 Virgine
1174 3269 1204 3324 et
1224 3259 1436 3340 Dcipararsae

125 3375 291 3431 asserentem
319 3365 434 3444 negotis
462 3375 514 3431 aut
542 3366 572 3430 iu
595 3365 732 3427 deitatem
755 3363 978 3444 blasphematis..
1024 3361 1055 3424 Si
1079 3372 1176 3427 autem
1201 3381 1236 3425 oo
1259 3361 1349 3427 modo

128 3467 238 3533 Filium
266 3485 381 3531 uccuue
405 3466 548 3544 Spiritum
577 3476 711 3530 sanctum
733 3466 812 3532 Paul
834 3464 1118 3544 consubstantialem
1141 3464 1351 3536 confiteamini,

124 3588 188 3648 quo
209 3587 338 3641 carnem.
363 3587 437 3646 quae
459 3588 546 3647 passa
569 3578 624 3640 est,
648 3568 753 3647 ecquid
777 3587 847 3647 ergo
871 3586 927 3628 nos
950 3567 1046 3632 adbuc
1068 3566 1224 3640 accusatis,
1247 3574 1279 3630 ut
1302 3564 1353 3646 qui

120 3671 351 3751 quaternitatem
373 3690 428 3750 pro
452 3671 596 3735 'trinitate
619 3672 762 3746 dicamus,
786 3690 852 3735 otuu
873 3669 932 3748 ipsi
955 3668 1180 3748 quaternitatem
1201 3685 1257 3746 pro
1281 3665 1350 3730 'sri-

159 3843 179 3875 c‚
199 3827 239 3873 Sic
257 3827 355 3885 Seguer.
375 3824 512 3873 Golilerion.
532 3833 554 3872 et
572 3824 677 3872 Felclrnr.
691 3824 712 3872 l.
799 3839 819 3884 g.
839 3823 904 3870 llaec
920 3815 966 3867 καὶ
983 3819 1032 3867 τοῦ
1046 3811 1129 3885 Ἀδὰμ
1148 3820 1267 3869 decoctio
1280 3818 1352 3878 sego.

120 3895 189 3947 Editi
208 3909 262 3944 uero
280 3885 356 3959 παρὰ
374 3886 423 3938 τὸν
441 3884 501 3939 υἱὸν
520 3889 566 3940 τοῦ
586 3890 659 3939 θεοῦ.
765 3889 1065 3943 contererentur.
1102 3889 1175 3937 l’aulo
1195 3896 1249 3951 post
1267 3888 1290 3937 io
1309 3887 1352 3934 iis·

159 3963 182 4011 d.
201 3956 248 4007 καί
265 3962 332 4008 deest
351 3963 372 4007 in
392 3962 546 4020 Segrroriuno.
583 3961 611 4007 Et
630 3961 651 4007 in
672 3974 712 4007 eo·
766 3960 819 4008 deur
839 3955 887 4003 τοῦ
905 3949 1074 4019 λόγουιΙεεει.
1112 3945 1352 4004 lloriidemt’xroo'·

121 4033 180 4079 dem
201 4032 261 4078 intro
281 4020 456 4091 ἀνθρωπίνης
474 4030 548 4075 deest.
586 4028 635 4075 ltox
652 4027 713 4074 idern
766 4040 814 4073 rou
833 4018 925 4089 ἐρεῖτε.

119 4092 171 4163 a'xp
192 4111 218 4143 Π
236 4093 404 4161 πθθςὲνέγκίῖ·
695 4137 711 4173 ,ι
801 4113 824 4158 h.
844 4112 942 4170 Seguer.
962 4109 1058 4159 Gobler.
1082 4105 1261 4155 altercant.
1280 4105 1351 4152 omit·

157 4183 183 4214 a.
203 4167 303 4244 Sepuar.
323 4167 420 4215 Gobler.
440 4172 462 4212 et
481 4163 584 4211 l‘elclrm.
599 4161 620 4208 l.
639 4175 714 4224 yero-
766 4188 818 4229 gum
834 4171 910 4242 πρός,

118 4245 207 4301 μενος
225 4228 364 4295 αγγέλων,
384 4223 415 4280 οὐ
434 4224 542 4282 πάντως
560 4222 574 4275 ὁ
592 4221 714 4287 ποιητής.
801 4273 805 4281 ,
1053 4259 1061 4277 ,

160 4303 179 4350 l.
198 4302 297 4361 Seguer.
316 4310 339 4349 ot
355 4302 452 4351 Gobler.
471 4292 507 4350 uic
524 4289 629 4361 εἴρηται
646 4291 715 4363 πρὸς
800 4288 816 4320 ¹·
835 4272 933 4332 chuer.
952 4262 1154 4333 ἕπῑδὲχομενον.
1325 4348 1331 4367 ,

122 4367 185 4417 τῶν
208 4360 297 4432 ἁγίων
313 4362 358 4417 καὶ
377 4362 470 4416 οἰκεῖοι
488 4369 595 4427 ttiobler.
614 4359 660 4412 καὶ
677 4356 715 4413 od·
800 4365 823 4414 l.
842 4365 940 4425 Seguer.
965 4362 1062 4411 Gobler.
1088 4369 1112 4411 et
1136 4357 1279 4436 Velclm.‹l.
1304 4369 1355 4415 την

120 4432 225 4493 xaioorl
243 4434 292 4484 τοῦ
310 4435 376 4484 θεοῦ
393 4431 439 4484 καὶ
456 4433 522 4484 θεοῦ
539 4427 610 4482 κατὰ
628 4426 715 4499 φύσιν
767 4425 855 4496 σάρκα
872 4425 922 4490 τὴν
938 4427 1095 4483 παθοῦσαν,
1113 4422 1219 4493 ματαία
1237 4425 1355 4483 antone

116 4501 239 4580 γέγονεν
258 4496 322 4552 idco.
767 4493 854 4566 ὑμῶν,
875 4499 957 4549 moltis
976 4498 1083 4561 emissis,
1102 4505 1128 4546 ut
1145 4504 1169 4548 et
1186 4494 1301 4552 Noouios.

1092 4576 1150 4631 bd*
