2948 5092
456 262 564 307 oacrio
580 263 602 306 ι.
617 262 734 309 correi
748 263 884 311 amaros.
1219 254 1282 318 269

53 414 159 477 bum
181 415 259 476 dixit
279 431 431 496 mecm:
454 414 549 477 Filena
571 432 656 476 meus
676 434 708 477 ee
732 427 774 488 tot,
797 435 851 496 epo
873 417 958 479 hodie
978 421 1070 496 peresi
1091 418 1147 482 te?
1185 420 1223 481 tr
1243 421 1367 482 crimem

52 515 184 597 Angelos
216 516 336 596 quidem
356 516 441 578 dicit:
468 516 532 590 Qua·
554 517 632 595 [orit
652 516 781 595 Ampelos
809 536 884 580 euos
911 523 1041 598 spiritus
1069 531 1098 582 et
1123 513 1283 584 ministros
1351 595 1355 604 ,

54 636 127 681 esee
149 619 304 698 timeat
328 620 417 696 ἐρωὴ.

139 720 192 783 58.
235 717 314 779 Fieri
343 735 414 798 crgo
444 716 599 797 proprium
621 726 668 779 est
688 736 788 780 rerum
810 720 968 793 sectarum,
998 738 1071 799 quas
1101 740 1192 802 opera
1214 741 1282 786 esse

56 819 134 883 dicit
178 819 215 881 m
237 837 304 881 cum
327 819 364 881 de
385 817 460 880 Pilio
482 817 623 898 loquitur,
646 837 708 880 non
730 820 823 881 otitiu
837 820 972 882 factionis
987 822 1129 884 vocabulo
1146 842 1201 886 nec
1215 823 1280 886 fieri

58 921 110 996 ait,
141 920 197 983 sed
219 939 288 983 enm
308 928 479 994 aeternum,
512 937 613 998 regem
641 929 671 983 ct
684 928 861 982 creatorem
889 923 972 984 hisce
999 923 1098 985 verbis
1129 925 1280 1004 agnoscit:

60 1022 195 1085 Tirones
218 1033 299 1094 tuus,
322 1022 414 1094 Deus,
437 1027 470 1084 io
492 1023 645 1085 soecolscor
666 1022 790 1098 soeculi,
813 1033 843 1085 et
864 1033 898 1084 tu
913 1029 945 1085 io
955 1028 1121 1106 principio,
1144 1025 1280 1099 domine,

58 1135 169 1186 terrore
189 1125 340 1205 sumti,
364 1132 393 1186 et
415 1142 509 1203 opero
529 1143 676 1185 omnesne
696 1133 819 1186 morum
840 1135 913 1186 aunt
929 1125 1013 1187 coeli.
1048 1125 1116 1205 Ipse·
1125 1127 1281 1205 peribunt,

60 1238 90 1288 tat
108 1238 211 1289 cuent
230 1244 400 1306 permoneo.
445 1224 488 1285 Ex
511 1223 636 1303 quibus,
665 1224 693 1286 si
718 1224 825 1286 vellent
853 1225 921 1298 isti,
950 1225 1121 1305 perspicere
1142 1235 1282 1306 possent,

59 1327 139 1389 atium
161 1345 233 1389 esse
255 1327 391 1406 opificem
413 1334 443 1387 et
464 1325 519 1386 elia
536 1343 637 1405 opera,
657 1325 739 1386 iilum
753 1324 892 1386 nimirum
908 1344 977 1387 esse
991 1327 1095 1400 Deum
1117 1326 1191 1389 haec
1204 1329 1280 1390 tacta

60 1447 121 1490 esse
142 1436 174 1490 et
195 1445 231 1490 ex
253 1427 346 1489 nihilo
368 1427 521 1508 producta.
565 1426 639 1487 Nam
654 1425 734 1505 quod
748 1425 797 1487 hic
817 1425 939 1488 dicitur:
963 1431 1025 1508 ipsi
1041 1428 1194 1508 periberet,
1217 1446 1280 1491 non

61 1529 95 1591 ite
113 1530 226 1591 dictum
248 1536 296 1591 est
316 1529 401 1608 quasi
424 1528 572 1607 periturae
595 1527 657 1590 sint
676 1545 727 1588 res
750 1536 875 1600 creatae,
899 1527 952 1589 sed
968 1536 1116 1590 utrorum
1136 1531 1280 1592 focorum

61 1639 186 1694 natarrm
214 1648 232 1691 a
261 1631 321 1691 dne
349 1629 500 1692 indicaret
545 1630 617 1691 Nam
646 1648 721 1709 quae
742 1630 841 1708 perire
862 1638 1008 1710 possunt,
1036 1629 1107 1692 licet
1133 1631 1278 1711 beneflcio

63 1733 202 1794 edectoris
223 1748 286 1793 non
306 1738 445 1812 pereant,
478 1739 576 1791 tamen
599 1751 634 1792 ex
656 1730 761 1792 nihilo·
778 1741 847 1792 suut
873 1733 963 1805 tacte,
999 1749 1092 1810 eaque
1119 1731 1277 1811 aliquando

61 1851 112 1895 neu
132 1833 229 1895 fuisse
249 1831 314 1912 ipsa
336 1839 490 1893 testantur.
535 1832 610 1903 Quia
632 1832 721 1911 igitur
742 1851 776 1894 ea
799 1841 846 1893 est
872 1832 990 1893 iliorum
1017 1841 1137 1903 nature,
1166 1833 1279 1894 idcirce

63 1935 184 1997 doFiiio
206 1933 329 1995 dicitur:
362 1931 404 1994 Tu
426 1942 526 1994 motem
544 1952 720 2014 permanes,
750 1942 783 1994 ut
805 1934 868 1994 eius
891 1934 961 1994 inde
982 1935 1157 1995 ostendatur
1178 1941 1277 1996 acter-

62 2036 138 2097 nitas.
180 2034 255 2096 Nam
278 2033 346 2112 quia
361 2032 483 2095 interire
505 2043 690 2114 conpotem,
713 2043 747 2096 ut
766 2043 895 2115 possunt
908 2054 959 2096 res
981 2037 1083 2108 factae,
1108 2036 1161 2097 sed
1175 2036 1276 2114 potius

62 2137 110 2198 rim
128 2135 218 2198 hahet
239 2152 357 2213 semper
378 2136 580 2214 permanendi,
607 2135 676 2197 hinc
698 2135 824 2197 alienum
847 2137 966 2215 quidem
988 2146 1035 2199 est
1055 2136 1091 2198 de
1113 2137 1179 2216 ipso
1203 2135 1276 2197 dici:

62 2237 116 2299 Non
135 2237 192 2299 tuit
211 2235 385 2317 priusquam
408 2245 490 2298 esset
511 2237 643 2315 genitus:
666 2245 696 2297 at
715 2237 868 2317 proprium
891 2238 955 2299 eius
978 2247 1040 2311 est,
1065 2257 1184 2317 semper
1206 2256 1276 2300 esse

63 2346 167 2400 etcum
188 2337 278 2400 Patre
299 2354 484 2416 permanere.
529 2337 593 2398 Etsi
615 2346 713 2399 entem
734 2339 895 2417 Apostolus
910 2338 1044 2418 Epistoli‘a
1064 2339 1101 2401 sd
1123 2338 1277 2400 Hebraeos

62 2437 122 2502 haec
140 2457 203 2500 nou
226 2438 409 2517 scripsisset,
433 2458 469 2499 ex
484 2439 548 2500 eliis
563 2448 662 2500 tamen
677 2440 809 2501 eiusdem
825 2439 967 2519 Epistolis
982 2449 1070 2520 atque
1086 2459 1121 2501 ex
1136 2440 1277 2500 universa

61 2539 105 2602 dia
124 2539 278 2621 Scriptura
299 2539 367 2601 tatia
389 2540 425 2601 de
440 2540 538 2601 Verbo
554 2541 738 2602 comminisci
761 2561 833 2603 sane
854 2541 1091 2620 prohiberemur.
1137 2541 1276 2602 Ceterum

62 2642 286 2722 quandoquidem
313 2642 377 2720 ipsc
405 2660 522 2720 quoque
550 2642 670 2722 scripsit
698 2652 728 2703 et
757 2662 845 2722 supra
875 2643 1075 2716 ostendimus,
1109 2641 1214 2703 Filium
1238 2661 1275 2704 cx

61 2752 149 2806 nemra
163 2743 261 2805 Patris
284 2760 352 2804 esse
374 2741 514 2821 genitum,
538 2750 567 2804 et
588 2742 669 2804 illum
693 2743 810 2822 quidem
827 2762 895 2804 esse
910 2745 1090 2818 effectorem,
1111 2762 1160 2805 res
1176 2752 1274 2804 autem

63 2843 119 2904 dias
140 2845 177 2906 ah
200 2863 237 2905 eo
256 2843 347 2918 effici,
369 2843 449 2904 illum
466 2862 534 2904 esse
550 2844 749 2923 splendorem,
774 2845 911 2916 Verbum,
934 2844 1091 2923 imaginem
1107 2853 1137 2906 et
1152 2844 1273 2923 sapien·

63 2943 119 3005 tiam
138 2945 246 3019 Patris,
268 2963 319 3005 res
341 2963 412 3006 vero
436 2929 526 3006 iactas
549 2946 626 3006 infra
641 2945 816 3007 Trinitatem
833 2946 975 3007 assistere
998 2955 1027 3007 et
1048 2947 1175 3020 servire3
1198 2946 1272 3009 alius

64 3058 118 3118 crgo
139 3044 256 3122 generis
286 3053 316 3106 et
340 3054 462 3106 naturae
492 3054 538 3107 est
558 3046 650 3108 Filius
678 3066 765 3127 quam
795 3065 896 3107 rerum
919 3048 1076 3121 sactorum,
1109 3067 1144 3109 ac
1171 3047 1272 3126 petius

65 3144 184 3221 proprius
207 3153 255 3206 est
276 3146 460 3208 substantiae
475 3148 573 3209 Patris
596 3148 777 3228 eandemque
800 3167 834 3209 oc
855 3148 904 3209 iile
921 3156 1054 3216 naturam
1069 3148 1166 3211 hebet
1197 3147 1275 3209 ilinc

68 3242 126 3305 eun
152 3255 182 3306 et
209 3246 276 3325 ipse
296 3247 389 3308 Filius
418 3266 479 3308 non
508 3249 595 3309 dixit:
624 3249 716 3310 Peter
737 3269 821 3310 meos
840 3255 1055 3330 praestantior
1075 3269 1121 3312 me
1144 3259 1208 3322 est,
1234 3268 1273 3311 ne

69 3343 117 3416 piis
136 3365 202 3408 eum
230 3348 318 3409 alium
346 3348 480 3410 aPatris
508 3357 612 3411 nature
634 3368 700 3410 esse
729 3351 946 3429 suspicaretur,
980 3337 1032 3414 sed
1060 3356 1161 3413 maior
1188 3350 1271 3424 dixit,
1319 3350 1328 3367 ⁴

72 3581 199 3657 ittuntur,
238 3600 311 3650 narii.
331 3601 428 3651 Gohicr.
448 3603 552 3652 Feickm.
568 3604 589 3652 1.
610 3612 633 3654 et
717 3604 738 3651 lt.
758 3604 897 3664 Segnerian.
921 3596 1009 3662 πάσης
1032 3601 1081 3663 τῆς
1099 3594 1178 3662 ἄλλης
1193 3599 1272 3658 θείας

72 3657 133 3721 istim
154 3658 311 3715 ἇπόλυνται.
348 3670 439 3731 erigite.
458 3661 629 3720 sinistimus.
681 3669 795 3736 γραφῆς
812 3664 961 3719 ἐκωλύοντο
980 3663 1108 3719 τοιοῦτόν
1120 3685 1147 3718 τι
1165 3667 1271 3736 monci-

72 3722 107 3799 {toi
120 3734 210 3795 Segner.
231 3736 329 3786 Gobier.
349 3746 372 3785 et
390 3738 494 3787 Felcirm.
516 3739 537 3788 1.
557 3731 632 3803 ὅμως
683 3736 777 3793 (sodor
794 3733 857 3804 περὶ
875 3737 924 3786 τοῦ
942 3732 1008 3787 υἱοῦ.
1045 3740 1116 3787 Basti.
1131 3740 1228 3789 Gobier.
1248 3747 1271 3789 ct

72 3798 146 3845 uter
160 3797 196 3867 μὴ
217 3798 307 3850 ὄντων
324 3799 428 3867 γέγονε.
681 3807 786 3854 Feretro.
810 3808 830 3855 l.
855 3816 878 3855 et
902 3807 957 3868 [teg.
982 3820 1010 3853 τι
1032 3804 1166 3853 τοιοῦτον.
1211 3806 1270 3855 item

682 3875 779 3923 Gobier.
800 3882 821 3923 et
841 3873 946 3923 Fclcirm.
968 3874 989 3923 1.
1008 3868 1070 3940 περὶ
1088 3872 1137 3921 τοῦ
1155 3865 1223 3920 υἱοῦ.

715 3941 730 3988 Ι.
750 3942 972 4001 secuse-uomet.
991 3950 1014 3991 et
1032 3942 1136 3990 Feicim.
1157 3942 1178 3990 t.
1198 3942 1271 3990 omit·

680 4015 732 4057 tunt
749 4003 871 4074 γέννημα
889 4017 913 4059 et
931 4000 979 4064 ὤν,
999 4024 1101 4075 moxque
1120 4009 1209 4058 hebent
1226 4002 1271 4066 δη-

95 3895 110 3943 h.
124 3901 216 3965 Seguer.
235 3899 379 3971 decepturis.
416 3906 459 3955 titt
470 3914 493 3955 et
506 3907 563 3956 editi
572 3903 630 3955 dcu-

70 3955 141 4033 ebes.
172 3973 223 4022 Ιοι
235 3972 336 4034 Segner.
347 3973 445 4024 Getici.
457 3984 480 4024 ct
490 3974 585 4024 Frickm
609 3978 628 4025 l.

70 4036 119 4102 itu
133 4031 160 4084 ri
176 4031 323 4089 tornesac
350 4041 412 4090 Editi
432 4050 454 4091 et
473 4041 512 4090 siri
530 4034 585 4106 ἔχει
597 4035 628 4090 τὸ

105 4103 183 4157 “m
217 4109 292 4158 ΡΜ
306 4116 364 4172 P⁰⁸²
376 4109 475 4172 seinis·
495 4101 579 4158 αὐτοῦ
596 4104 629 4158 ’ὁ
679 4076 865 4206 μοῖιῖρέξέυοτ.
884 4144 940 4205 tter.
959 4144 1064 4194 Felcim.
1085 4144 1108 4192 l.
1124 4142 1182 4191 eti.
1200 4132 1268 4188 ἔστί·

717 4213 742 4260 iti
761 4219 785 4260 et
802 4211 843 4261 atti
861 4203 921 4259 εἶσί.

94 4334 97 4341 ,
714 4294 738 4328 n.
756 4280 797 4328 Sic
815 4280 872 4340 Reg.
891 4279 1073 4341 etSegneriso.
1110 4277 1188 4327 Ceteri
1213 4290 1269 4325 rere

93 4347 103 4381 ¹·
116 4340 149 4392 Sic
170 4345 270 4408 iegner.
296 4352 322 4393 et
346 4345 401 4406 fleg.
437 4347 465 4395 tt
489 4346 586 4397 Gohler.
606 4356 630 4396 et
681 4354 703 4395 et
722 4347 778 4395 editi
796 4360 851 4411 μου
868 4341 1001 4412 κρείττων
1017 4340 1100 4394 ἐστίν.
1126 4344 1270 4404 ibidsegu.

69 4395 173 4462 Feltinen.
194 4414 215 4463 t.
242 4408 385 4477 crepereo
410 4406 461 4461 σὺν
479 4412 517 4478 τῷ
534 4409 628 4479 πατρί.
680 4410 757 4469 ξένον
775 4427 816 4467 τις
833 4412 888 4472 τῆς.
925 4415 986 4463 utut
1011 4421 1035 4463 et
1056 4413 1095 4461 alii
1120 4406 1197 4466 ξένον
1214 4407 1270 4470 τῆς.

69 4462 123 4524 Coton·
137 4488 158 4530 et
173 4481 231 4532 editi
247 4474 443 4547 artaperses
459 4477 552 4546 πατρί.
681 4483 734 4532 idox
751 4483 850 4534 Gobter.
868 4489 892 4532 et
909 4482 1015 4532 Fetoim.
1027 4481 1048 4531 l.
1066 4471 1248 4542 ὑπολάβωσιν.

70 4153 168 4275 ἕνίΰθςι
183 4166 231 4224 cis
248 4160 284 4234 ἦν
301 4184 346 4226 etc
388 4176 415 4226 in
437 4177 492 4227 eliis
517 4187 540 4227 et
559 4179 629 4228 editis
679 4212 713 4260 Ed

82 4245 117 4285 etet
131 4253 165 4290 ro.
