2948 5092
479 274 636 343 ,seurota
649 275 693 319 ιιι.
708 276 746 319 ιιι
763 274 957 322 semrom.
1243 241 1245 245 ¹
1275 268 1338 329 777

102 429 201 491 etiam
224 427 324 489 ridere
347 437 394 487 est
415 427 445 490 in
468 426 533 507 ipsa
556 434 657 487 sancta
677 425 779 486 Maria.
823 426 952 504 Angelus
975 428 1053 488 enim
1077 428 1194 490 Gabriel
1215 431 1424 505 missusntst.

101 539 141 594 ιιι
164 529 359 592 annunciaret
380 527 421 591 illi
443 527 529 589 Verbi
561 527 738 589 descensum
768 527 798 588 in
826 505 903 588 illem
932 528 1012 589 lore:
1042 528 1177 610 Spiritus
1205 543 1338 603 sanctus,

102 631 161 704 ait,
188 633 384 712 superveniet
405 633 438 691 in
461 638 498 699 te,
522 628 621 689 sciens
643 626 674 688 in
697 626 794 689 Verbo
817 646 885 688 esse
900 627 1055 706 Spiritum,
1077 631 1261 712 proindeque
1276 642 1339 696 sta·

103 731 164 797 tim
186 731 312 796 addidit:
343 730 381 793 tr
410 721 510 793 virtus
533 729 683 791 ditissimi
704 729 892 792 obumbrabit
914 730 978 793 tibi.
1024 730 1162 795 Gloriatur
1185 739 1263 796 astas
1284 735 1343 798 lici

103 838 215 896 uirtus
238 845 266 897 et
288 832 347 896 Dei
365 835 514 910 supientia
536 841 590 896 eat.
635 830 709 892 Cum
730 838 829 892 aetem
851 829 979 908 Spiritus
1001 831 1039 893 sit
1060 832 1091 894 in
1113 832 1221 908 Verbo,
1243 838 1339 916 palam

102 944 158 999 est
187 935 276 998 etiam
305 935 335 996 in
357 933 419 995 lieo
447 951 502 1011 per
523 931 651 994 Verbum
675 949 745 995 esse
766 931 919 1012 Spiritum.
963 931 1001 996 Et
1028 933 1068 994 ita
1090 933 1203 1015 Spiritu
1224 939 1260 999 ed
1282 958 1342 1002 nos·

104 1035 251 1100 venientu
273 1034 392 1097 uenient
411 1032 503 1094 Filius
526 1042 555 1094 et
574 1031 663 1094 Pater
685 1040 716 1093 et
736 1031 923 1095 mansionem
947 1033 1025 1114 apud
1047 1053 1103 1098 nos
1126 1037 1241 1099 iaciant.
1286 1040 1338 1100 ln·

105 1136 207 1203 divisa
229 1154 356 1215 namque
377 1145 424 1198 est
445 1134 585 1208 Trinitas,
609 1142 639 1196 et
660 1152 718 1196 una
739 1133 805 1198 eius
827 1133 979 1209 Divinitas,
1002 1145 1032 1197 et
1053 1155 1131 1199 unus
1147 1137 1227 1200 Deus
1250 1158 1341 1220 super

105 1238 225 1310 omnia,
247 1257 301 1319 per
323 1238 422 1298 omnia
444 1247 474 1298 et
495 1237 526 1298 in
548 1235 697 1298 omnibus.
741 1235 821 1299 llaec
842 1244 890 1297 est
904 1235 1071 1300 Catholicae
1084 1238 1232 1302 Ecclesiae
1254 1241 1339 1303 lidos.

103 1339 143 1403 tn
170 1338 317 1401 Trinitate
339 1331 417 1401 enirn
441 1338 535 1417 ipsarn
557 1337 690 1401 fundavit
711 1345 742 1399 et
762 1338 904 1400 radicavit
924 1337 1085 1414 Dominus,
1108 1342 1158 1421 qui
1180 1343 1221 1403 ait
1242 1343 1339 1405 iliaci-

103 1439 207 1523 pulis:
231 1439 345 1502 Bootes
368 1442 468 1505 docete
490 1459 591 1504 omnes
613 1453 730 1520 pentes,
754 1439 945 1520 baptizantes
968 1459 1019 1503 eos
1041 1445 1075 1504 ist
1097 1448 1217 1506 oomt'tte
1239 1445 1341 1508 Putria

104 1552 139 1606 et
163 1540 240 1604 rus
258 1553 286 1604 et
308 1540 444 1622 Spiritus
468 1546 576 1603 saneti.
622 1540 709 1612 Quod
732 1540 758 1601 si
774 1540 904 1620 Spiritus
927 1552 1061 1604 creatura
1083 1554 1174 1617 esset,
1198 1564 1258 1608 non
1274 1566 1341 1608 eum

102 1661 180 1709 cum
204 1642 291 1705 Patre
312 1642 500 1722 copulasset,
523 1661 561 1704 ne
583 1641 714 1703 Trinitas
737 1641 802 1705 sibi·
816 1643 875 1722 ipsi
896 1643 1049 1706 dissimilis
1072 1654 1170 1718 esset,
1193 1647 1219 1707 si
1242 1657 1341 1708 extra·

103 1763 203 1808 neum
227 1745 378 1824 quidpiam
400 1753 430 1806 et
451 1744 578 1807 alienum
600 1743 659 1824 ipsi
680 1744 899 1824 adiungeretur.
944 1746 1022 1819 Quid
1046 1747 1125 1808 euim
1146 1747 1209 1809 Deo
1231 1749 1341 1820 deerat,

103 1854 144 1911 ut
167 1845 325 1926 qtricquant
349 1846 482 1909 diversae
503 1845 685 1907 substantiae
706 1856 872 1908 assumeret
894 1856 1012 1912 etcum
1034 1848 1085 1909 illo
1105 1849 1342 1928 glorificaretur?

101 1947 209 2011 absit
254 1946 320 2008 Non
349 1949 388 2009 ita
416 1967 450 2010 se
478 1966 528 2009 res
557 1947 655 2009 habet
700 1947 812 2011 Plautus
841 1968 924 2022 aum,
953 1951 994 2012 ait
1021 1950 1097 2030 ipse.
1141 1951 1254 2013 idcirco
1277 1953 1342 2032 ipse
1379 1927 1384 1937 ’

101 2048 259 2115 ”ominus
281 2067 348 2111 curn
369 2051 490 2112 nomine
512 2050 609 2113 Patris
632 2049 680 2111 sui
703 2049 785 2114 illum
807 2051 970 2130 copularit,
1004 2062 1038 2114 ut
1064 2054 1251 2129 ostenderet,
1280 2073 1342 2117 non

101 2170 145 2214 ex
171 2150 299 2213 diuersis
322 2152 352 2212 id
374 2160 422 2212 est
443 2169 477 2211 er
501 2161 635 2214 creatore
657 2160 687 2213 et
708 2159 841 2214 creatura
856 2162 987 2215 sanctam
1003 2153 1177 2216 Trinitatem
1193 2164 1342 2231 constare,

101 2251 166 2318 sed
190 2234 280 2314 tinam
304 2252 368 2314 eius
391 2253 572 2314 divinitatem
595 2272 674 2314 esse.
718 2253 784 2316 lluc
805 2272 870 2314 curn
894 2253 1050 2316 didicisset
1070 2255 1195 2330 Paulus,
1219 2257 1343 2320 docebat

101 2371 205 2419 unam
229 2372 297 2417 esse
311 2352 392 2433 ¹quae
415 2355 445 2416 in
467 2354 721 2434 ipsalTrinitale)
743 2355 863 2416 darettn
877 2356 1010 2433 gratiam,
1033 2356 1152 2418 dicens:
1178 2358 1262 2421 duos
1276 2360 1343 2422 De·
1398 2344 1402 2349 Δ

101 2461 230 2530 trinus,
251 2475 315 2518 utto
336 2456 429 2536 fidet,
452 2475 548 2518 unum
570 2457 728 2536 baptismo.
771 2455 809 2517 Ut
830 2464 929 2518 autern
950 2475 1043 2518 unum
1063 2457 1226 2537 baptisma,
1249 2460 1344 2521 sicet

102 2577 174 2621 una
197 2555 283 2617 lides.
329 2557 387 2629 Qui
410 2558 488 2617 enim
511 2557 605 2617 credit
626 2556 656 2617 in
678 2557 805 2629 Patrem,
829 2557 911 2617 novit
934 2557 963 2618 in
985 2558 1072 2618 Patre
1093 2559 1200 2620 Filium
1223 2569 1252 2621 et
1272 2560 1341 2639 Spi-

101 2662 205 2722 ritum
230 2677 288 2719 non
312 2669 392 2720 extra
415 2658 537 2730 Filium,
572 2666 602 2719 et
628 2658 696 2719 ideo
725 2659 818 2720 credit
845 2666 875 2719 et
904 2659 933 2719 in
956 2658 1061 2720 Filium
1091 2670 1119 2720 et
1147 2661 1177 2720 in
1200 2661 1342 2741 Spiritum

102 2768 269 2834 sanctum3
293 2760 532 2840 quandoquidem
556 2779 612 2820 una
637 2768 683 2821 est
698 2760 852 2822 Trinitatis
869 2760 1016 2834 divinitas,
1039 2782 1112 2840 quae
1131 2781 1165 2824 ex
1182 2781 1242 2823 uno
1257 2763 1343 2825 Patre
1447 2819 1449 2821 ,

101 2862 316 2941 cognoscitur.

204 3274 235 3336 7.
279 3270 360 3332 llaec
381 3279 428 3332 est
450 3270 612 3333 catholicae
632 3270 700 3332 lidei
723 3271 830 3332 lorma.
874 3270 933 3343 Qui
960 3279 1056 3332 autern
1088 3269 1293 3350 blasphemant
1315 3268 1346 3330 in

111 3373 265 3455 Spiritum
287 3381 316 3434 cl
337 3372 439 3436 dicunt
459 3373 560 3453 ipsum
583 3379 855 3446 esse'creaturam,
877 3372 905 3433 si
927 3391 961 3434 ex
984 3371 1038 3446 iis,
1072 3391 1148 3452 qnae
1167 3372 1346 3441 dictasunt,

109 3495 179 3540 non
201 3473 393 3553 resipiscunt,
415 3474 461 3536 rel
483 3494 518 3537 ex
540 3475 587 3548 iis,
611 3493 687 3554 quae
708 3466 832 3537 desuda
853 3483 939 3547 sunl,
962 3473 1079 3553 pudore
1097 3473 1271 3541 afficiantur.
1315 3472 1347 3534 si

112 3577 251 3641 Trinitas
274 3584 320 3637 est
342 3586 372 3637 et
393 3577 423 3638 in
446 3577 590 3639 Trinitate
614 3580 670 3639 sita
693 3585 740 3639 est
760 3577 844 3649 fides,
867 3578 964 3638 dicant
984 3594 1056 3637 nean
1076 3594 1197 3656 semper
1217 3576 1347 3638 Trinitas

114 3679 220 3752 fuerit,
243 3678 289 3741 vel
310 3696 348 3739 an
369 3679 458 3741 luerit
479 3698 545 3742 cum
567 3698 629 3742 non
651 3689 734 3743 essct
748 3679 889 3741 Trinitas.
932 3678 963 3740 Si
986 3678 1085 3758 itaque
1106 3678 1287 3758 sempiterna
1302 3685 1349 3739 est

115 3783 263 3854 Trinitas,
287 3798 348 3841 non
370 3799 441 3860 ergo
464 3790 562 3844 create
583 3800 634 3843 res
656 3791 705 3843 est
725 3781 866 3861 Spiritus,
889 3779 939 3859 qui
961 3798 1082 3858 semper
1094 3779 1192 3841 Verbo
1214 3778 1349 3842 meristit

117 4030 213 4085 naim
231 4028 266 4081 τὰ
283 4026 349 4093 ἔθνη
375 4034 462 4084 desunt
481 4034 504 4082 in
523 4033 670 4085 Gobleriauo
689 4043 713 4084 et
764 4034 807 4083 sed
831 4032 946 4084 articulus
970 4033 1038 4082 deest
1062 4034 1084 4082 in
1103 4033 1191 4095 Regio,
1209 4032 1307 4093 Segnsr.
1327 4039 1349 4079 et

115 4103 263 4157 termut.
660 4114 665 4118 ·
764 4101 837 4151 llssil.
878 4102 969 4151 ibidem
993 4095 1041 4148 atui
1062 4102 1132 4151 deest
1155 4103 1178 4149 in
1203 4098 1302 4150 Goblcr.
1327 4107 1350 4146 ot

154 4173 180 4221 d.
199 4172 257 4231 Reg.
276 4178 299 4218 et
317 4170 415 4230 Seguer.
440 4161 478 4221 eis
502 4160 590 4234 ὄνομα
609 4162 714 4233 πατρὸς
764 4169 909 4219 Telclrm.1.
1054 4179 1059 4183 ’

116 4234 166 4288 καὶ
184 4231 245 4286 υἱοῦ
263 4231 309 4284 καὶ
327 4230 407 4301 &lov
424 4227 585 4301 πνεύματος.
798 4253 820 4314 3.
839 4239 879 4286 Sic
897 4238 954 4302 lies⁴
974 4244 997 4286 et
1015 4237 1086 4298 Saga.
1121 4235 1147 4284 ln
1166 4233 1237 4284 editis
1254 4240 1279 4280 et
1297 4231 1350 4280 aliis

156 4323 179 4356 e.
199 4307 257 4369 Reg.
276 4315 299 4354 et
317 4307 416 4366 Seguer.
433 4298 528 4353 ἔλειπε.
555 4306 616 4353 Editi
628 4296 709 4353 ἔλιπε.
763 4316 808 4351 και
826 4306 901 4354 deest.
938 4303 989 4353 lior
1009 4305 1064 4365 Reg.
1088 4310 1111 4352 et
1129 4304 1228 4364 Seguer.
1246 4291 1348 4357 ἐπειδή,

153 4377 173 4426 ι.
193 4375 226 4424 lta
251 4374 309 4434 lleg.
334 4374 433 4434 Soguer.
453 4373 711 4422 subsannamus.
764 4373 822 4422 editi
841 4381 864 4421 et
882 4372 923 4421 alli
941 4365 1007 4420 inei.

116 4445 186 4496 Editi
204 4456 261 4494 tero
280 4432 371 4488 αὐτοῦ.
411 4441 484 4490 Panlo
509 4449 564 4506 post
582 4441 638 4489 edili
658 4455 712 4489 tum
798 4441 821 4488 b.
841 4425 976 4489 osirdeest
995 4437 1101 4488 inbasil.
1121 4434 1351 4487 ermenmarus

117 4511 269 4578 quibusdam
288 4523 348 4558 mss·
366 4508 455 4561 babent
468 4506 579 4560 reflante
588 4501 709 4562 κτίστου,
764 4499 778 4553 ὁ
797 4507 821 4556 ιιι
840 4508 896 4569 neg.
