2948 5092
123 214 166 281 48
523 231 550 275 ε.
565 222 718 277 nutum!
732 234 955 278 ικοσιεειτσοει

37 399 114 445 m.
122 378 180 449 καὶ
199 383 304 447 ταῦτα
324 382 384 467 τῆς
404 379 439 446 ἐκ
459 381 518 445 τοῦ
539 369 668 466 πατρὸς
689 380 868 468 γεννήσεώς
889 381 973 448 ἐίσι
987 389 1209 468 γνωρίσματα.
1255 379 1296 450 ἀν
1310 408 1349 451 τε

123 480 185 569 γάρ
206 480 264 548 τὸν
285 479 358 548 υἱὸν
380 481 487 567 εἴπης,
509 480 548 546 τὸ
571 480 607 560 ἐξ
627 477 728 547 αὐτοῦ
751 481 851 569 φύσει
874 482 1074 566 δεδήλωκας·
1097 482 1138 549 ἀν
1160 509 1205 551 τε
1216 482 1278 550 τὸν
1291 484 1348 550 λό-

123 604 181 671 γον
210 582 420 670 ἒνόυμηθής,
448 581 488 648 τὸ
517 581 552 661 ἐξ
573 576 673 648 αὐτοῦ
695 582 799 655 πάλιν
820 582 935 650 καὶτὸ
959 578 1146 670 ἀδιαίρετον
1169 579 1271 651 αὐτοῦ
1293 587 1348 652 λσ-

122 685 210 772 γίζῃ·
232 684 289 751 καὶ
310 682 368 771 τήν
391 689 514 771 σοφίαν
537 684 572 749 66
595 685 712 768 λέγων,
735 679 830 752 οὐδὲν
851 673 950 771 ἦττον
971 683 1075 771 τὸμὴ
1099 685 1241 766 ἔξωθεν,
1264 680 1350 754 ἀλλὰ

122 785 162 852 τὸ
190 785 226 866 ἐξ
254 780 354 852 αὐτοῦ
382 783 438 851 καὶ
460 784 494 851 ἐν
516 779 605 871 αὐτῷ
627 784 730 852 πάλιν
752 796 901 873 φρονεῖς·
930 780 970 853 ἀν
994 788 1030 855 66
1051 785 1108 854 καὶ
1127 786 1186 875 τὴν
1209 786 1348 873 δύναμιν

121 885 179 954 καὶ
198 885 257 973 τήν
277 897 372 972 χεῖρα
395 880 569 973 ὐνσμόσης,
592 884 631 951 τὸ
653 887 740 954 ἰ’όισν
756 886 858 953 πάλιν
873 891 932 975 τῆς
947 883 1062 967 οὐσίας
1076 890 1197 975 λέγεις·
1219 889 1278 956 καὶ
1290 889 1347 977 τήν

123 988 232 1057 είκόνα
254 990 291 1055 66
312 990 424 1075 λέγων,
447 987 505 1054 τὸν
526 987 598 1054 υίόν
614 998 800 1076 σημαίνεις·
822 995 857 1055 τί
870 988 931 1075 γάρ
947 984 988 1056 ἀν
1004 990 1053 1078 εἴη
1070 985 1186 1075 όμοιον
1201 993 1250 1077 τῷ
1264 994 1346 1077 θεῷ,

58 1128 61 1133 Δ
121 1085 143 1178 6
163 1089 203 1157 τὸ
225 1090 262 1171 ἐξ
281 1085 382 1157 αὐτοῦ
403 1095 545 1177 γέννημα
552 1117 563 1172 ,·
598 1085 712 1174 ἀμέλει
726 1086 832 1177 1’άπερ
848 1090 906 1158 διὰ
918 1093 978 1157 τοῦ
993 1089 1092 1176 λόγου
1105 1096 1227 1178 γέγονε,
1243 1094 1348 1158 ταῦτα

121 1194 162 1280 τῇ
185 1199 290 1281 σοφίηι
310 1193 567 1277 τεθεμελίωται·
595 1190 651 1258 καὶ
673 1189 695 1256 6
717 1190 751 1258 ἒν
772 1195 812 1280 τῇ
835 1199 941 1280 σοφίᾳ
961 1194 1219 1278 τεθεμελίωται,
1242 1193 1346 1261 ταῦτα

121 1292 233 1362 πάντα
255 1294 289 1362 ἐν
310 1298 351 1382 τῇ
371 1292 458 1379 χειρὶ
479 1299 672 1380 πεποίηται,
695 1292 751 1360 καὶ
773 1292 830 1360 διὰ
850 1298 909 1360 τοῦ
931 1290 1006 1361 υἱοῦ
1027 1299 1147 1381 γέγονε.
1192 1291 1251 1361 καὶ
1271 1293 1347 1361 τοῦ·

121 1423 188 1463 των
210 1390 268 1462 οὐκ
290 1396 416 1475 ἔξωθεν
436 1391 541 1483 ἡμεῖς,
566 1389 633 1461 ἀλλ’
659 1394 694 1461 ἐκ
713 1398 780 1463 τῶν
802 1398 939 1483 γραφῶν
962 1396 1076 1480 ἔχομεν
1097 1393 1157 1484 τὴν
1170 1402 1305 1463 πίστιν·
1327 1390 1345 1460 6

120 1500 180 1582 μὲν
202 1497 263 1583 γάρ
286 1497 368 1577 θεὸς
383 1492 482 1574 αὐτὸς
504 1494 561 1561 διὰ
579 1490 717 1563 Ἠσαίου
739 1498 798 1563 τοῦ
820 1495 996 1586 προφήτου
1018 1498 1120 1583 λέγει·
1147 1493 1168 1583 6
1189 1503 1261 1583 χείρ
1282 1520 1345 1582 μου

122 1599 324 1683 ἒθεμελίωσε
344 1597 403 1686 τὴν
425 1602 492 1685 γήν,
515 1596 572 1664 καὶ
592 1593 612 1685 6
628 1596 721 1677 δεξιά
733 1622 798 1682 μου
814 1599 993 1686 ἑστερέωοε
1007 1598 1064 1664 τὸν
1080 1592 1219 1686 οὐρανόν
1228 1602 1262 1679 ¹).
1291 1596 1347 1665 καὶ

120 1700 240 1769 πάλιν·
262 1698 318 1766 καὶ
338 1696 407 1766 ὑπὸ
429 1698 488 1786 τήν
510 1699 605 1766 σκιὰν
626 1702 685 1786 τῆς
698 1699 808 1785 χειρός
821 1725 886 1785 μου
902 1699 1059 1767 σκεπάσω
1075 1724 1121 1781 σε,
1139 1698 1173 1766 ἐν
1187 1688 1210 1788 ᾗ
1224 1699 1346 1787 &amaa

120 1799 179 1869 τὸν
200 1796 340 1888 οὐρανὸν
360 1800 417 1868 καὶ
439 1801 647 1885 ἒθεμελίωσα
668 1800 727 1887 τήν
747 1804 845 1889 γῆν).
877 1796 895 1866 6
918 1804 955 1868 δὲ
971 1800 1084 1886 Δαβὶδ
1104 1803 1203 1868 τοῦτο
1223 1800 1346 1886 μαθὼν

119 1903 174 1972 καὶ
204 1903 300 1984 εἰδὼς
326 1902 384 1990 τὴν
410 1907 503 1990 χεῖρα
532 1898 632 1990 αὐτὴν
654 1892 757 1970 οὐσαν
777 1902 836 1990 τὴν
858 1899 983 1991 σοφίαν
1005 1903 1146 1988 ἔψαλλε·
1177 1902 1291 1970 πάντα
1312 1902 1346 1969 ἐν

120 2014 226 2094 σοφίᾳ
191 2004 327 2074 ίίέπο
314 2013 424 2126 ίησας·
453 1998 682 2091 66660666‘
662 2007 744 2090 ηγή
765 2007 824 2092 τῆς
844 2001 982 2083 κτίσεως
1004 2006 1109 2084 σου)
1139 2029 1185 2083 ως
1206 2003 1264 2071 καὶ
1282 2010 1346 2070 Σο-

120 2108 231 2190 λσμιὺν
252 2106 346 2229 παρά
367 2110 452 2174 θεοῦ
473 2106 585 2226 λαβώγ
608 2100 771 2191 666³
755 2131 772 2171 ο
794 2105 878 2185 θεὸς
891 2132 932 2228 τη
915 2109 1053 2227 σρφίρ
1067 2103 1320 2189 ίθεμελίωσε
1286 2131 1344 2225 την

118 2213 218 2294 γῆν)
261 2198 410 2296 Ἰωάννης
429 2234 467 2275 τε
494 2206 662 2293 γινώσκων
684 2207 742 2293 τήν
762 2206 857 2293 χεῖρα
877 2207 1012 2329 καλιήν
1036 2214 1119 2295 σοφί
1119 2234 1159 2274 αν
1106 2202 1321 2275 ίείναι
1289 2230 1345 2274 τον

120 2308 216 2394 λόγον
240 2304 476 2433 εῦαγγελίζετσ·
499 2303 575 2375 ἐν
556 2311 637 2394 αρχῇ
658 2312 697 2395 ῆν
721 2304 740 2375 6
760 2308 867 2395 λόγος,
890 2302 946 2376 καὶ
969 2304 987 2374 6
1009 2299 1147 2396 λόγοςς
1126 2335 1166 2397 ην
1187 2308 1275 2395 πρὸς
1288 2308 1345 2375 τὸν

119 2407 219 2491 θεόν,
252 2410 308 2478 καί
342 2409 424 2488 θεὸς
456 2399 495 2495 ἦν
526 2405 543 2475 6
572 2409 683 2495 λόγος·
717 2398 816 2490 οῦτος
841 2400 881 2532 6³6
903 2405 979 2477 ἐν’
961 2414 1041 2497 αρχῇ
1064 2409 1150 2496 πρὸς
1172 2409 1230 2477 τὸν
1252 2408 1343 2477 θεόν.

33 2510 232 2579 maana
254 2507 302 2578 δι’
328 2507 429 2578 αὐτοῦ
451 2510 594 2597 ἐγένετο,
617 2511 674 2578 καὶ
692 2510 794 2598 χωρίς
815 2506 916 2578 αὐτοῦ
939 2511 1065 2598 ἐγένετο
1088 2508 1223 2592 οὐδέν’).
1269 2506 1288 2577 6
1311 2512 1345 2577 66

120 2609 310 2692 ἀπόστολος
330 2614 465 2698 βλέπων
487 2612 545 2700 τήν
565 2622 675 2697 χεῖρα,
699 2612 759 2703 τήν
780 2619 919 2701 σοφίαν,
942 2613 1000 2679 τὸν
1022 2613 1119 2701 λόγον
1142 2608 1243 2680 αὐτὸν
1265 2609 1344 2680 ῦντα

118 2714 177 2783 τόν
198 2715 270 2783 υίόν
293 2736 397 2839 φησι
419 2716 616 2801 πολυμερῶς
635 2740 690 2781 και
682 2713 932 2799 πολυτρόπως
946 2712 1055 2781 πάλαι
1070 2710 1088 2781 6
1102 2713 1185 2793 θεὸς
1200 2714 1345 2803 λαλήσας

117 2829 191 2897 τοῖς
218 2818 386 2904 πατράσιν
408 2817 442 2885 ἒν
463 2828 536 2895 τοῖς
557 2815 837 2907 προφήταις,π
794 2811 844 2882 ἐπ
870 2814 1007 2898 ἐσχάτου
1029 2819 1096 2882 τῶν
1116 2811 1248 2903 ἡμεριῦν
1269 2814 1345 2883 τοῦ·

117 2942 185 2985 των
209 2917 405 3005 ίλάλησεν“
387 2929 466 3038 ημῖν
488 2918 522 2984 ίν
545 2915 656 3005 υίηῦ)ῃ
639 2941 677 2985 ον
699 2918 817 3003 ἔθηκεν
839 2917 1042 3003 κληρονόμον
1063 2917 1215 2985 πάντων·
1240 2912 1281 2983 66
1306 2905 1344 2983 οῦ

117 3043 175 3085 και
165 3016 334 3141 ἐποίησε
354 3018 432 3097 τοῦς
455 3018 623 3097 αἰῶνας)
645 3044 702 3084 και
692 2968 842 3085 πόλιν·
866 3014 966 3097 εἷς
930 3042 1042 3104 κυρισς
1052 3012 1176 3105 Ιησους
1184 3017 1343 3104 Χριστος

119 3112 161 3184 66
187 3109 226 3184 06
245 3118 288 3186 τὰ
308 3118 429 3199 πάντα,
452 3118 508 3186 καὶ
528 3115 623 3205 ἡμεῖς
645 3113 686 3184 δι’
712 3114 812 3185 αὐτοῦ
818 3124 850 3200 ⁷).
882 3120 979 3198 ειόὼς
997 3121 1034 3186 66
1047 3118 1198 3187 πάλιν
1163 3142 1222 3187 τον
1236 3116 1343 3204 λόγον,

118 3218 176 3307 τήν
199 3227 332 3308 σοφίαν,
355 3220 413 3286 τὸν
435 3220 507 3286 υίὸν
530 3216 629 3287 αὐτὸν
652 3217 733 3286 όντα
753 3221 811 3308 τήν
834 3221 943 3288 εἰκόνα
958 3225 1016 3288 τοῦ
1032 3218 1168 3307 πατρός,
1193 3220 1296 3308 φησίν
1312 3222 1345 3288 ἐν

118 3324 158 3410 τῇ
180 3321 267 3409 πρὸς
288 3323 497 3401 Κολασσαεῖς
519 3321 696 3410 ἐπιστολῇ·
720 3318 986 3410 εὐχαριστοῦντες
1006 3327 1054 3410 τῷ
1075 3327 1149 3410 θεῷ
1169 3321 1227 3391 καὶ
1240 3321 1346 3408 πατρὶ

117 3426 165 3510 τῷ
189 3424 387 3490 ἱκανώσαντι
407 3419 494 3512 ἡμᾶς
516 3424 563 3502 είς
583 3423 642 3512 τήν
662 3421 783 3512 μερίδα
803 3428 862 3491 τοῦ
884 3425 1004 3547 κλήρου
1025 3426 1092 3491 τιῦί
1114 3420 1218 3510 ἆγίιον
1239 3422 1274 3493 ἐν
1298 3424 1344 3510 τῷ

119 3521 222 3613 φωτί,
252 3525 289 3604 ῦς
311 3520 510 3613 ἐρρύσατο(
492 3529 578 3613 ημᾶς
600 3524 695 3593 ἒκ”
655 3550 714 3615 της
736 3526 847 3607 ἕξουσί
847 3552 887 3604 ας
908 3530 967 3592 τοῦ
990 3525 1144 3608 σκότους,
1173 3524 1231 3593 καὶ
1251 3532 1345 3609 μετί-

118 3650 236 3716 στησεν
259 3627 337 3706 είς
344 3627 403 3715 τήν
424 3629 598 3714 βασιλείαν
618 3630 679 3695 τοῦ
699 3629 836 3695 υίοῦ”
794 3652 854 3751 της
875 3623 1007 3715 ἀγάπης
1028 3623 1145 3694 αὐτοῦ·
1169 3627 1203 3695 ἐν
1225 3617 1254 3714 ὦ
1270 3629 1345 3753 ἐχρ-

117 3752 177 3813 μεν
198 3729 257 3816 τήν
279 3725 553 3815 ἀπολάτρωσιν,Ι
552 3728 612 3818 τὴν
634 3727 756 3817 ἀφεσιν
777 3732 844 3797 τιῦν
866 3724 1052 3817 ἀμαρτιτῦν·
1077 3726 1114 3808 ῦς
1136 3728 1226 3797 ἐστιν
1250 3716 1344 3795 εικών

117 3833 176 3895 τοῦ
199 3834 281 3897 θεοῦ
304 3834 363 3897 τοῦ
386 3826 544 3917 ἀοράτου,
574 3831 789 3959 πρωτότοκος
808 3828 920 3918 πάσης
940 3838 1092 3910 κτίσεως·
1123 3827 1176 3897 ὅτι
1198 3826 1295 3896 ἕν’
1256 3832 1344 3916 αυτῷ

118 3930 187 3999 {nvi
174 3939 255 4020 6166
276 3931 319 3998 τὰ
340 3932 460 4013 πάντα,
484 3933 526 4000 τά
545 3960 581 4001 τε
603 3934 637 4000 ἐν
658 3943 730 4012 τοίς
753 3928 907 4055 οὐρανοῖς
927 3930 983 3998 καὶ
1004 3932 1046 3998 τὰ
1069 3931 1127 3998 ἐπὶ
1141 3934 1199 4011 τῖς
1213 3934 1280 4019 γῆς,
1304 3929 1345 3996 τὰ

119 4027 223 4119 ὁρατὰ
242 4033 298 4100 καὶ
319 4032 362 4100 τὰ
384 4028 518 4155 ἀόρατα,
542 4037 609 4104 ε’ίτε
623 4034 754 4121 θρόνοι,
779 4033 1051 4155 εἰτεκρριότητες,
1077 4028 1261 4119 εἰτεάρχαί,
1279 4033 1344 4099 ε’ίτε

118 4133 281 4217 ίξουσίαι,
311 4135 352 4201 τὰ
382 4135 491 4203 πάντα
514 4131 555 4203 66
581 4132 829 4216 66106666669
851 4133 950 4203 αὐτόν
973 4134 1135 4216 ἔκτισται,
1167 4134 1223 4200 καὶ
1246 4130 1343 4211 αὐτός

117 4235 190 4305 ἐστι
210 4236 278 4321 πρὸ
300 4236 445 4318 πάντων,
469 4237 524 4305 καὶ
545 4237 588 4304 τὰ
608 4237 720 4306 πάντα
735 4235 823 4307 ἐν’
785 4264 873 4324 αυτῳ
857 4239 1118 4324 συνέστηκεν).
1150 4232 1246 4314 ὡς
1210 4261 1272 4322 γαρ
1288 4232 1343 4301 διὰ

188 4396 212 4455 1)
230 4394 284 4444 Εεο.
303 4393 346 4457 48,
367 4393 406 4445 13.
477 4395 503 4450 2)
520 4396 574 4445 Εεο.
594 4396 636 4456 51,
656 4397 695 4447 16.
766 4391 1169 4461 3)Ρεο1.104[103.Ι.ΧΧ.],24.
1241 4390 1341 4453 4)Ρτον.

104 4461 195 4535 ,3,19,
248 4462 472 4524 5)Ιστσ.1,1·-3.
527 4463 743 4527 6)flebr.1,1.2.
796 4464 996 4527 7)1.c0r.8‚6.
1049 4457 1339 4523 8Jcoloss.1‚12-1⁷.
