2948 5092
434 245 550 290 coum
564 247 784 290 aronnruantuu
798 246 886 291 emsa
900 246 933 291 u.
1224 237 1286 300 923

58 398 205 479 peccarit.
249 393 311 458 Sed
332 413 440 476 epeuos
463 399 564 475 [octus
587 408 642 470 est,
667 416 733 459 eum
755 399 836 459 dices
859 408 946 469 esset,
968 409 1003 460 ut
1017 418 1073 461 reos
1089 401 1172 463 illius
1188 408 1374 484 turpior-eo-

62 502 172 563 da‘oites
201 517 343 561 essemus.
395 498 553 570 Quomodo
588 507 687 560 autem
722 516 833 577 egenus
864 500 958 561 laetus
991 510 1038 560 est
1069 501 1171 563 Deus?
1216 505 1292 576 Quia

60 619 186 679 menam
210 609 343 660 naturam
367 600 397 659 in
419 600 518 678 seipso
541 599 685 661 assumsit
706 619 849 678 eamque,
873 603 941 662 dum
966 603 1028 680 ipsa
1052 604 1080 663 in
1104 605 1214 666 iustitia
1236 607 1291 668 de-

59 710 155 781 geret,
178 720 234 780 pro
257 700 431 776 hominibus,
450 701 582 779 supliciis
606 701 723 774 obiecit,
749 721 822 780 quae
838 703 1008 764 hominibus
1027 707 1165 784 superior
1180 727 1214 768 ex
1234 708 1290 768 ho-

60 802 192 864 minibus
220 811 397 881 apparuerat
419 803 530 882 Deique
559 811 619 864 tota
649 805 724 864 lacta
754 807 858 865 luerat.
909 805 941 865 Si
970 806 1048 866 enim
1078 809 1291 887 primogenitus

59 906 156 966 lactus
187 923 247 964 non
276 912 358 964 esset
386 905 416 964 in
445 904 544 965 multis
574 904 729 976 iratribus,
765 906 984 983 quomodonam
1017 909 1231 986 primogenitus
1254 929 1289 972 ex

59 1006 190 1070 mortuis
213 1006 294 1066 visus
319 1004 424 1066 esset?
468 1006 527 1066 Cur
548 1006 647 1085 ltaque
669 1006 781 1067 dicitis:
805 1007 916 1079 „Deus
940 1009 990 1086 qui
1013 1028 1067 1086 per
1084 1029 1200 1070 carnem
1217 1030 1289 1090 pas-

60 1126 144 1182 „sus
173 1116 219 1168 est
247 1116 277 1166 et
308 1107 523 1171 resurrexitl“
569 1109 594 1169 0
623 1108 835 1169 absurditatem
870 1119 899 1169 et
930 1109 1159 1188 blasphemiam!
1204 1113 1290 1175 Tales

59 1216 132 1270 sunt
153 1208 330 1270 Arianorum
359 1228 459 1270 ausus.
504 1210 547 1270 llli
577 1211 655 1270 euim
685 1209 832 1270 eiusmodi
860 1209 1073 1288 blasphemiam
1103 1213 1291 1291 impudenter

58 1312 229 1390 proterunt,
252 1311 302 1388 qui
325 1310 377 1399 Dei
394 1311 498 1372 Filium
522 1312 659 1373 simulate
674 1311 766 1371 Deum
783 1330 952 1390 nuncupare
968 1313 1142 1387 didicerunt,
1166 1316 1291 1378 docente

58 1411 131 1473 lieet
152 1411 320 1490 Scriptura,
350 1430 404 1490 per
425 1412 517 1473 Deum
541 1413 570 1473 in
593 1431 681 1474 carne
705 1413 769 1473 eius
793 1413 963 1492 passionem
987 1417 1165 1494 contigisse,
1194 1436 1289 1496 neque

58 1512 276 1574 tamen-Deum
298 1513 328 1574 iu
352 1530 439 1574 carne
462 1532 583 1592 passum
607 1533 684 1576 esse.

150 1719 198 1779 12.
244 1715 302 1787 Qui
334 1715 423 1794 igitur
460 1715 774 1777 consubstantialitatis
811 1716 1032 1777 confessionem
1065 1737 1117 1778 vos
1154 1718 1289 1797 profiteri

56 1817 145 1897 prius
174 1817 361 1889 declarastis,
395 1818 545 1895 quomodo
576 1817 732 1878 indivisum
762 1836 870 1877 nemen
899 1819 933 1877 ad
964 1818 1134 1896 passionem
1165 1820 1289 1893 trahitis,

57 1918 222 1997 eademque
246 1937 335 1997 opera
359 1919 565 1979 indivisibilem
589 1928 742 1988 naturam,
765 1918 944 1979 ineffabilem
967 1919 1127 1992 hebetem,
1149 1921 1289 2000 immuta-

56 2018 149 2081 bilem
178 2030 206 2080 et
233 2020 434 2081 invariabilem
456 2020 790 2082 consubstantialitatem
820 2020 856 2081 ad
886 2020 1058 2098 passionem
1087 2021 1232 2083 deducitis
1260 2031 1291 2083 et

57 2122 264 2183 resurrexisse
294 2121 498 2183 confitemini?
543 2122 574 2182 Si
604 2122 682 2183 enim
707 2121 851 2194 Verbum,
883 2140 948 2182 cum
979 2140 1095 2182 carnem
1124 2141 1158 2182 ex
1188 2125 1288 2202 seipso

27 2230 305 2317 ‚transmutassem
335 2225 370 2284 ad
393 2225 563 2303 passionem
588 2242 683 2302 usque
705 2223 851 2301 perrexit,
885 2241 950 2283 cum
982 2223 1054 2282 nihil
1077 2224 1216 2300 passibile
1239 2234 1289 2286 aut

56 2324 290 2386 resurrectionis
317 2344 407 2404 capax
436 2326 465 2386 iu
495 2345 528 2386 se
557 2325 768 2396 assumsisset,
803 2324 902 2402 ipsum
936 2333 1016 2384 certe
1038 2324 1166 2385 Verbum
1189 2327 1287 2397 luerit,

57 2423 141 2502 quod
163 2442 284 2502 passum
313 2435 468 2487 esteten
491 2426 617 2488 mortuis
640 2427 821 2499 resurrexit,
854 2426 968 2503 eritque
997 2426 1076 2485 iuxta
1103 2426 1287 2487 Valentinum
1322 2504 1326 2511 1

55 2525 161 2604 passio
185 2526 320 2588 Trinitati
344 2529 526 2601 communis,
557 2527 794 2606 quandoquidem
819 2526 944 2586 Verbum
975 2526 1136 2587 secundum
1160 2527 1288 2588 divinam

56 2634 193 2688 naturam
216 2648 232 2688 a
253 2629 340 2689 Patre
362 2647 422 2689 non
446 2639 493 2689 est
515 2629 694 2690 distinctum.
740 2628 825 2700 Quod
848 2628 874 2688 si
897 2629 969 2688 haec
997 2628 1036 2688 ita
1066 2629 1230 2707 intelligere
1258 2629 1288 2690 in

57 2729 190 2790 animum
223 2729 377 2803 inducitis,
412 2749 554 2808 quaenam
590 2731 637 2791 illa
666 2748 777 2809 qliaeso
807 2730 1021 2808 Prophetarum
1055 2730 1216 2808 promissio
1239 2740 1289 2792 aut

55 2832 309 2909 Erangelistarum
332 2833 450 2910 generis
474 2833 635 2911 descriptio
659 2840 689 2892 et
703 2831 913 2909 Apostolorum
930 2830 1116 2892 testificatio?
1150 2830 1209 2892 Cur
1224 2832 1287 2892 bla-

57 2933 104 2994 ria
126 2941 221 2994 mater
243 2933 311 2994 istic
332 2931 486 2994 aduttum?
531 2935 682 3005 Quorsum
705 2933 776 2994 illud
799 2933 902 2993 aetatis
926 2941 1115 3011 staturaeque
1143 2951 1287 3010 augmen-

57 3042 124 3096 tum
146 3043 197 3095 aut
218 3035 411 3095 comestionis
421 3035 586 3113 npecimen
609 3044 660 3095 aut
680 3034 728 3095 illa
751 3034 780 3094 in
797 3034 936 3095 omnibus
953 3034 1219 3094 commiserationis
1235 3052 1287 3094 ex-

57 3135 165 3197 hibitio
193 3136 239 3196 vel
267 3137 396 3198 nominis
426 3135 601 3215 impositio?
643 3136 699 3197 hut
727 3155 869 3214 quorsum
900 3135 985 3195 illud:
1019 3134 1111 3195 Filius
1134 3134 1186 3194 uei
1209 3135 1288 3196 lilius

59 3235 193 3297 hominis
215 3238 310 3298 lactus
334 3247 387 3309 est,
411 3238 456 3298 vel
478 3238 564 3297 illud:
586 3237 683 3299 Home
706 3238 846 3319 Christus
865 3236 960 3306 lesus,
984 3240 1036 3316 qui
1057 3236 1137 3297 dedit
1159 3240 1289 3316 saprum

58 3339 272 3400 redemtionem
291 3357 351 3419 pro
374 3340 477 3410 uobis,
501 3338 623 3399 illudve:
655 3339 783 3418 Oportet
803 3337 903 3418 silium
925 3337 1052 3398 homim's
1075 3337 1203 3397 multum
1222 3339 1292 3416 poti

59 3449 88 3500 et
111 3440 246 3519 interfici
266 3450 294 3500 et
323 3443 416 3499 tertio
445 3441 489 3500 die
518 3457 557 3500 ee
583 3445 714 3501 mortuis
743 3435 929 3516 reserpere?
974 3437 1062 3508 Quod
1091 3437 1116 3497 si
1140 3436 1289 3497 Christum

57 3548 206 3620 quatenus
229 3541 318 3600 homo
343 3547 389 3599 est
411 3539 598 3618 passibilem,
632 3549 776 3618 quatenus
808 3558 876 3599 vero
899 3539 978 3598 Deus
1007 3547 1053 3597 est
1076 3537 1287 3616 impassibilem

59 3660 122 3701 non
145 3640 284 3714 creditis,
317 3641 369 3702 sed
392 3641 427 3702 ad
451 3643 602 3722 angustias
625 3642 736 3703 redacti
759 3641 909 3720 cogitatis,
933 3640 959 3699 si
982 3637 1288 3732 confiteamini-Chri-

94 3860 118 3908 d.
138 3860 236 3920 Seguer.
256 3861 328 3910 babet
351 3856 397 3908 καί
423 3869 477 3910 ante
503 3874 649 3926 nperrrotq-
692 3840 774 3906 ινοεῖν
792 3849 823 3903 ml
840 3851 978 3919 βούλεσθε.
1015 3856 1075 3904 Edlti
1094 3863 1117 3903 et
1136 3855 1175 3904 alii
1203 3852 1289 3900 ταῦτα

56 3926 121 3979 τῶς.
157 3960 165 3968 -
702 3918 772 3974 otico
791 3924 865 3972 νοεῖν
881 3918 1019 3986 βούλεσθε.
1277 3978 1286 3997 ‘

94 4012 117 4043 e.
136 3994 235 4056 Segoer.
254 3987 282 4051 ἔξ
299 3986 390 4044 αὐτοῦ.
736 3997 758 4041 h.
779 3994 875 4042 tlobler.
895 4003 919 4040 et
937 3992 1041 4039 Felclm.
1057 3990 1077 4038 l.
1097 3981 1111 4047 ἡ
1131 3981 1256 4042 ἐπίδειξις
1273 4002 1287 4044 r

94 4064 111 4111 l.
138 4062 171 4111 lta
196 4078 280 4112 omues
305 4079 363 4112 mss.
398 4063 460 4111 Editi
486 4077 541 4111 uero
568 4052 651 4114 αὐτὸς
702 4060 749 4108 τοῦ
769 4052 913 4124 ὀνόματος.
956 4060 1021 4107 lnlra
1045 4072 1129 4105 omnes
1155 4058 1205 4105 lere
1230 4068 1288 4102 mss.

56 4120 99 4178 ὧν
117 4120 166 4191 εἴη.
701 4122 747 4176 καὶ
777 4119 820 4174 b'rt
852 4119 1001 4189 ἄνθρωπος
1033 4117 1155 4201 Χριστὸς
1177 4114 1288 4200 'tacete

94 4198 355 4259 psicomnesmss.
391 4197 417 4246 ln
437 4197 507 4246 editis
525 4211 580 4245 vero
599 4189 650 4254 τήν
701 4196 763 4244 Editi
783 4195 863 4244 etalii
883 4186 897 4252 ἢ
918 4185 1023 4241 sirecte.
1059 4186 1290 4255 llorerrslorpor

55 4266 136 4316 deest.
178 4265 229 4314 llox
254 4267 355 4315 multum
379 4266 470 4314 variant
494 4279 567 4325 mss3
594 4278 649 4313 nam
701 4263 769 4311 deest
794 4264 817 4311 in
841 4265 940 4323 Seguer.
966 4262 1063 4311 Gohler.
1089 4267 1111 4307 et
1130 4259 1234 4308 Velclrm.
1257 4256 1288 4316 1,

55 4333 158 4386 Gobler.
177 4334 275 4394 Seguer.
302 4341 325 4382 et
344 4333 447 4382 l'elclrm.
462 4333 481 4380 l.
501 4329 587 4378 ταῦτα
606 4322 649 4377 eil-
701 4345 745 4393 pro
765 4344 812 4393 quo
832 4331 920 4390 ¹lnplio.
941 4330 1011 4377 habet
1028 4319 1133 4392 λύτρον.
1274 4384 1282 4400 1

54 4414 98 4449 ιω
116 4399 192 4449 νοεῖν
208 4397 346 4450 πείθεσθε.
377 4401 467 4462 logiis.
479 4397 567 4446 ταῦτα
577 4390 648 4445 οὕτω
736 4399 751 4446 i.
776 4397 985 4458 SeguenGobler.
1004 4393 1177 4444 etFelclm.l.
1196 4385 1285 4455 ἐπειδη

53 4459 338 4520 restruendarum.
380 4468 453 4516 liasil.
472 4465 558 4515 ταῦτα
577 4456 648 4514 οὕτω
698 4458 745 4512 καὶ
762 4456 917 4530 ἄνθρωπος.
