2948 5092
480 269 627 315 srrsrom
641 271 678 314 sn
693 270 872 317 mssrsrou.
1210 259 1272 325 849

44 430 127 484 ctum
159 440 228 484 esse
260 421 391 484 credant.
435 420 507 482 Nam
537 421 563 483 si
586 421 756 496 crederent,
785 425 1025 487 camaeleonti
1049 428 1356 505 nonluissent,r.on.

45 542 123 604 quae
145 531 195 586 tua
216 523 312 603 pietas
335 525 477 585 adversus
499 524 585 604 ipsos
608 523 739 604 scripsit.
1270 506 1273 510 ’

131 629 161 691 2.
207 625 253 687 'lu
275 625 372 705 igitur,
396 626 500 687 dilecte
523 635 553 687 et
575 645 643 688 vere
665 627 860 706 optatissime,
882 647 946 690 rem
969 631 1188 693 ecclesiasticae
1210 640 1272 694 tra·

10 781 14 820 ,
45 727 151 792 ditioni
182 736 212 790 et
234 728 344 790 Christi
374 727 509 806 religioni
538 728 621 789 valde
649 737 876 792 consentaneam
893 730 1051 811 peregisti,
1074 752 1140 796 cum
1162 732 1270 795 huius-

11 887 14 895 .
44 832 127 894 modi
159 831 298 892 homines
327 830 482 904 refutasti,
517 822 663 903 invitasti,
693 829 867 911 obiurgasti.
913 833 1036 906 Quando
1059 854 1129 896 vero
1152 835 1271 899 diabolo

10 966 12 1021 3
43 933 182 1014 ipsorum
203 940 287 1012 patre
309 931 479 1010 impellente
501 936 675 994 nescierunt
696 951 790 1013 neque
811 934 1039 1010 intellexerunt,
1063 937 1107 1000 uti
1128 938 1271 1018 scriptum

10 1046 101 1128 (εει,
123 1034 178 1098 sed
200 1039 232 1096 in
256 1035 387 1098 tenebris
410 1033 574 1106 ambulant,
598 1033 713 1096 discant
733 1053 749 1096 a
774 1046 821 1097 tua
843 1036 951 1116 pietate
972 1056 1091 1118 pravam
1115 1059 1179 1101 eam
1202 1040 1271 1101 illo·

42 1155 110 1201 rum
139 1135 315 1199 sententiam
341 1134 498 1209 Valentini,
526 1135 684 1198 ldaroionis
712 1144 743 1198 et
764 1137 924 1199 Manichaei
958 1159 1042 1215 esse,
1072 1160 1199 1220 quorum
1220 1141 1270 1204 alii

10 1275 14 1333 ι
43 1256 101 1319 pro
131 1236 254 1300 veritate
281 1256 393 1298 meram
423 1237 553 1316 speeiem
582 1237 742 1313 induxere,
771 1239 819 1301 alii
841 1239 990 1303 individua
1013 1241 1177 1305 dividentes
1199 1243 1270 1306 illud

40 1340 216 1422 Scripturas
245 1358 406 1418 negavere:
440 1339 566 1402 Verbum
593 1359 665 1404 earo
692 1343 810 1421 [uotum
833 1352 928 1405 estet
951 1344 1097 1406 habitauit
1118 1347 1151 1406 r‘n
1172 1346 1270 1407 uobis.

41 1440 145 1517 Quare
167 1442 258 1522 igitur
279 1461 346 1504 cum
368 1441 471 1503 eadem
495 1459 569 1520 quae
591 1441 634 1503 illi
656 1443 800 1523 sentiant,
833 1445 998 1507 eorundem
1020 1445 1175 1507 nominum
1197 1445 1272 1524 hae·
1353 1504 1356 1516 ,

36 1545 129 1609 redes
152 1561 215 1606 non
237 1541 336 1605 liunt?
380 1527 533 1622 Siquidem
555 1562 681 1623 aequum
704 1554 749 1607 est
770 1545 839 1607 ihos
861 1546 995 1626 ipsorum
1016 1547 1117 1610 vocari
1138 1547 1271 1622 nomine,

37 1664 171 1729 qnorum
192 1663 365 1726 perversam
387 1654 555 1724 sequuntur
577 1647 764 1722 sententiam,
788 1656 820 1710 ut
841 1649 900 1716 iam
911 1650 1051 1730 deinceps
1063 1648 1270 1724 Valentiniani,

34 1748 250 1814 lancionistae
279 1756 309 1809 et
328 1747 492 1809 Manichaei
519 1748 696 1810 vocitentur.
739 1749 829 1812 Forte
857 1751 936 1812 euim
968 1751 1007 1813 ob
1030 1752 1154 1814 illorum·
1170 1751 1271 1814 nomi-

34 1866 114 1914 num
142 1837 294 1912 infamiam
318 1849 529 1912 erubescentes
553 1849 785 1913 animadvertere
807 1860 964 1932 poterunt,
994 1853 1025 1914 in
1048 1861 1189 1932 quantum
1211 1853 1271 1916 im·

33 1946 161 2034 pietatis
194 1952 374 2032 profundum
410 1951 580 2013 ceciderint.
625 1952 688 2030 ¹Pur
722 1972 794 2015 sane
821 1953 928 2016 luisset
955 1954 1030 2016 nihil
1058 1955 1183 2035 amplius
1212 1954 1272 2017 illis

33 2052 237 2134 respondere,
260 2053 303 2115 uti
318 2053 479 2133 Apostolus
502 2052 549 2115 his
573 2053 674 2116 verbis
689 2063 809 2117 monet:
832 2055 1026 2120 Haeretr'cum
1041 2056 1188 2122 homiuem
1199 2066 1272 2136 post

32 2174 136 2219 mm
163 2168 193 2220 ot
221 2158 382 2218 comodum
411 2159 633 2236 correptionem
656 2158 772 2229 deuito,
803 2161 901 2219 sciens
934 2161 1004 2237 quio
1027 2158 1193 2221 subversus
1217 2167 1270 2230 est,

35 2261 95 2341 qur·
115 2258 263 2320 eiusmodi
282 2269 335 2327 est,
360 2267 388 2319 et
411 2257 565 2339 delinquit,
591 2276 657 2320 urm
679 2262 720 2345 sit
742 2275 775 2319 eo
797 2261 863 2337 apso
887 2259 1119 2329 condemnatus,
1142 2245 1271 2320 maxime

34 2345 108 2424 curn
134 2358 221 2420 etiam
243 2358 392 2438 Propheta
415 2359 452 2420 de
474 2358 582 2420 iisdem
605 2359 697 2421 dicat:
721 2359 843 2424 Stultus
867 2359 963 2423 stulto
988 2360 1139 2441 loquetur,
1164 2370 1193 2421 st
1215 2376 1270 2421 cor

31 2464 105 2527 er'sts
127 2479 210 2522 cono
231 2461 380 2540 cogitabit.
425 2460 534 2521 Verum
556 2479 646 2540 quum
667 2459 709 2522 illi
731 2460 815 2522 ducis
839 2462 887 2522 sui
910 2461 1044 2541 exemplo
1066 2458 1154 2522 velut'
1167 2460 1271 2523 leones

33 2563 224 2626 circumeant
246 2570 420 2642 quaerentes
444 2582 530 2642 quem
555 2583 571 2625 e
594 2557 827 2645 simplicioribus
850 2563 1004 2637 devorent,
1027 2562 1137 2625 idcirco
1160 2580 1269 2623 neces·
1325 2577 1329 2583 ’

31 2665 154 2728 surium
183 2662 271 2725 nohis
300 2664 369 2738 luit,
404 2673 471 2726 tuae
494 2665 596 2744 pietati
618 2665 802 2740 rescribere,
832 2673 864 2728 ut
886 2667 995 2727 fratres
1019 2673 1069 2732 tua
1092 2665 1201 2727 iterum
1221 2663 1271 2724 in·
1356 2723 1358 2727 .

29 2764 147 2833 suncti
168 2763 371 2828 admonitione
394 2785 499 2828 eorum
522 2768 689 2831 lutilitatem
711 2770 805 2848 magis
826 2769 981 2847 magisque
997 2764 1228 2847 deprehendant

130 3176 160 3240 3.
204 3172 306 3254 ltaque
327 3193 390 3236 rem
414 3182 541 3235 creatam
564 3193 625 3236 non
648 3173 824 3250 adoramus,
847 3173 935 3236 absit.
979 3171 1173 3234 Ethnicorum
1192 3171 1271 3234 euim

34 3286 70 3341 st
91 3275 273 3338 brianonum
301 3284 347 3337 est
375 3275 547 3338 huiusmodi
577 3295 671 3338 error.
716 3276 775 3338 Sed
798 3294 899 3338 rerum
923 3282 1089 3336 creatarum
1110 3273 1271 3337 Dominum

31 3376 159 3442 carnem
181 3379 299 3450 lactum,
322 3377 374 3439 Dei
391 3377 518 3438 Verbum
541 3377 713 3450 adoramus,
755 3377 841 3440 Etsi
865 3376 944 3439 enim
965 3377 1030 3457 ipsa
1046 3395 1115 3438 caro
1131 3395 1272 3445 seorsmn
1306 3455 1316 3470 .

35 3489 174 3564 spectata
195 3498 267 3561 pars
289 3479 329 3542 sit
350 3498 450 3542 rerum
475 3487 650 3555 creatarum,
674 3487 803 3541 attamen
825 3479 878 3541 Ilei
901 3480 976 3541 sacta
999 3486 1045 3540 est
1060 3497 1180 3560 corpus.
1207 3479 1269 3542 Ne-

11 3572 96 3664 'que
118 3601 192 3643 vero
215 3581 386 3643 huiusmodi
411 3601 518 3661 corpus
541 3601 557 3644 a
579 3581 677 3644 Verbo
699 3581 865 3644 dividentes
889 3581 1058 3653 adoramus,
1081 3600 1179 3660 neque
1201 3599 1268 3642 cum

30 3685 169 3748 Verbum
192 3683 327 3745 volumus
350 3683 485 3759 adorare,
509 3686 605 3765 ipsum
628 3704 646 3747 a
667 3703 756 3746 carne
770 3702 973 3758 removemus,
997 3682 1060 3756 sed,
1082 3690 1116 3742 ut
1131 3681 1270 3761 superius

32 3787 180 3858 diximus,
203 3785 291 3845 haec:
317 3784 442 3847 Verbum
467 3804 539 3849 curo
562 3789 755 3866 factumest,
778 3803 840 3846 non
862 3785 1033 3864 ignorantes
1049 3783 1127 3844 idern
1139 3781 1269 3842 Verbum

31 3891 66 3953 in
91 3906 181 3950 carno
203 3886 334 3947 existens
356 3885 449 3948 Deum
473 3887 674 3965 agnoscimus.
720 3887 795 3960 Quis
824 3905 895 3965 ergo
918 3886 993 3947 adeo
1016 3884 1138 3947 demens
1160 3882 1215 3956 sit,
1237 3886 1354 3947 utnon.

70 4041 96 4092 d.
116 4041 215 4102 Seguer.
234 4039 297 4087 addit
317 4031 367 4096 τὴν
384 4034 525 4101 λέγουσαν.
714 4039 739 4088 h.
759 4038 800 4104 Sic
816 4039 915 4101 Seguer.
934 4037 1007 4087 basil.
1027 4046 1049 4086 et
1066 4036 1158 4099 Angue.
1193 4035 1272 4084 Editio

71 4126 94 4158 e.
113 4109 213 4170 Seguer.
232 4101 277 4153 καὶ
297 4097 340 4153 ὅτι
357 4102 404 4153 καί
422 4116 466 4155 etc.
680 4123 737 4158 reru
756 4108 873 4156 Commel.
893 4106 962 4157 Gobl.
983 4114 1006 4155 ct
1020 4105 1126 4154 Feli-hm.
1139 4095 1185 4161 iri
1204 4096 1268 4168 γάρ.

69 4177 266 4238 l.SicSegner.
287 4175 507 4236 busilcthnglic.
542 4175 632 4226 hliiet
715 4176 730 4224 i.
751 4175 909 4235 SicSeguer.
944 4174 990 4222 Alii
1015 4166 1187 4222 eluditid'rc'.

31 4247 95 4298 edit.
116 4245 234 4294 Commel.
255 4237 284 4290 δέ
303 4245 423 4291 omittunt.
716 4243 736 4290 lr.
758 4242 798 4290 Sic
816 4243 913 4303 Seguer.
934 4241 1005 4288 Basil.
1018 4240 1108 4301 anglic.
1128 4238 1267 4289 Goblerisn.

70 4330 93 4375 g.
113 4313 213 4372 Seguer.
233 4307 372 4362 συνέσεως.
411 4311 443 4360 Er
468 4310 552 4358 eodem
572 4310 631 4360 ihid.
681 4310 877 4361 Ceterietedit.
897 4310 989 4358 comm.
1010 4300 1157 4370 ὦςλέγων.
1196 4306 1270 4355 Paulo

28 4396 120 4435 vocem
142 4378 199 4438 σῆς,
219 4395 280 4443 quae
300 4395 322 4426 rn
342 4380 396 4428 eliis
415 4387 439 4428 el
457 4379 526 4426 editis
552 4379 629 4438 deest,
680 4387 737 4442 post
755 4392 836 4427 vocem
856 4367 992 4441 ἀφρόνων
1009 4373 1270 4437 Segrrer.ssasil.hugl.

28 4448 198 4504 nutstoimus.
235 4437 628 4509 llcheguer.etllssil.irrhu-
682 4447 784 4502 habeut,
810 4446 850 4494 elii
875 4455 897 4494 er
915 4445 972 4492 editi
990 4444 1111 4492 omittunt.
1146 4433 1271 4491 ibiddrdr

25 4522 94 4573 bont
112 4530 159 4582 pro
178 4506 230 4562 int.
680 4507 713 4563 τὸ
735 4511 817 4579 σῶμα
833 4514 934 4576 Seguer.
952 4511 1050 4563 Goblsr.
1068 4511 1174 4562 l'elclrm.
1187 4509 1208 4560 l.
1226 4508 1270 4560 sd-

68 4605 204 4648 Arnsrrssu
216 4613 268 4646 orn.
281 4612 354 4646 nous.
366 4613 416 4645 arr..
1033 4594 1067 4647 Μ
