2948 5092
491 254 687 335 srrsromun
704 292 881 338 nercrsruu.
1229 286 1291 351 833

55 452 167 508 mento
192 461 263 504 sane
287 460 362 521 opus
384 461 445 503 non
467 443 590 516 suisset,
618 443 716 522 ipsum
739 443 816 504 enim
839 464 948 524 corpus
971 448 1178 530 perseipsum
1200 450 1378 516 abiis-emo.

60 553 130 619 set,
161 563 218 624 quo
248 544 401 624 spiritibus
430 543 460 604 in
489 544 605 604 inferno
628 540 756 605 detentis
778 546 972 623 praedicaret.
1016 549 1078 612 Iam
1099 571 1171 613 vero
1193 554 1294 633 ipsum

57 646 195 710 Verbum
215 645 405 726 praedicandi
428 646 520 724 gratia
541 646 707 724 proiectum
730 653 785 718 est,
809 665 918 726 corpus
941 667 1012 711 vero
1032 651 1146 732 ‘loseph
1167 655 1295 720 sindone

58 748 230 812 involutum
264 747 295 807 in
323 745 468 827 Gosgotba
497 746 651 826 deposuit,
687 746 884 827 omnibusque
912 751 1066 831 propalam
1098 755 1207 817 factum
1237 750 1320 832 est,

59 868 175 930 corpus
197 867 258 910 non
282 848 376 909 inisse
390 847 529 921 Verbum,
554 848 608 909 sed
622 846 709 909 Verbi
729 867 838 929 corpus
860 850 965 913 fuisse.
1008 851 1074 917 Hoc
1094 856 1204 934 ipsum,
1228 876 1295 921 cum

59 971 80 1015 a
103 952 230 1014 mortuis
250 949 483 1024 resurrexisset,
513 949 645 1010 Thomas
667 951 874 1025 contrectavit,
903 952 1071 1034 fixurasque
1093 956 1241 1019 clavorum
1263 959 1295 1021 in

58 1052 117 1115 ilio
138 1051 303 1133 conspexit,
327 1070 403 1131 quos
426 1051 554 1112 Verbum
575 1051 674 1130 ipsum
695 1052 888 1127 sustinuerat,
912 1054 982 1116 dum
1004 1055 1072 1117 ilios
1095 1059 1214 1138 corpori
1237 1077 1293 1122 suo

56 1154 138 1217 ridit
158 1152 246 1233 affigi,
268 1171 365 1232 neque
387 1153 417 1213 id
438 1152 606 1232 prohibuit,
630 1171 696 1215 cum
717 1154 879 1233 probibere
899 1164 1027 1235 posset,
1049 1158 1103 1220 sed
1126 1177 1201 1239 quac
1223 1178 1292 1222 cor-

58 1256 150 1338 poris
179 1263 264 1317 erant
294 1255 416 1335 propria
450 1254 507 1315 sibi
545 1254 602 1334 ipsi
635 1255 814 1335 incorporeo
844 1258 999 1321 exsistenti
1030 1260 1153 1339 propria
1177 1262 1294 1340 effecit.

62 1356 214 1430 Quocirca
236 1375 301 1418 cum
325 1376 341 1417 a
363 1356 501 1417 ministro
524 1374 634 1436 corpus
657 1357 845 1432 caederetur,
876 1350 960 1438 quasi
989 1343 1154 1440 ipsummet
1170 1370 1292 1441 patere-

60 1465 131 1531 tur,
161 1457 273 1520 aiebat:
307 1458 388 1532 Quid
408 1476 454 1518 me
478 1456 600 1519 coedis?
642 1457 681 1520 Et
706 1477 772 1520 cum
794 1459 925 1521 Verbum
954 1465 1059 1522 natura
1088 1480 1142 1524 sua
1164 1462 1295 1526 intactile

61 1566 157 1634 esset,
180 1558 297 1620 dicebat
317 1567 431 1620 tamen:
453 1557 589 1622 Dorsum
609 1578 706 1622 meum
728 1561 796 1622 dedi
815 1562 856 1623 od
875 1563 1008 1642 flocello,
1030 1563 1176 1626 mamillas
1193 1575 1296 1628 cutem

58 1679 147 1723 meos
175 1662 215 1722 cd
242 1660 365 1741 alapas,
399 1662 563 1740 seriemque
588 1680 686 1723 mecm
711 1680 774 1724 mom
801 1667 903 1725 everti
929 1682 948 1724 ο
971 1665 1092 1744 probro
1120 1675 1294 1746 sputamem.

56 1760 139 1825 Nam
162 1780 237 1841 quae
259 1762 421 1823 humanum
443 1761 529 1823 Verbi
552 1781 662 1842 corpus
683 1763 859 1842 patiebatur,
882 1765 957 1826 baec
973 1765 1038 1845 ipsa
1052 1765 1192 1840 Verbum,
1216 1765 1297 1847 quod

51 1863 186 1953 corppri
202 1848 398 1940 ¹coniunctum
422 1872 494 1938 erat,
518 1864 554 1924 ad
577 1883 611 1926 sc
632 1865 789 1940 referebat,
812 1875 846 1927 ut
865 1885 921 1928 nos
942 1867 1031 1929 Verbi
1054 1867 1177 1931 Deitatis
1198 1868 1317 1949 parti--

59 1965 148 2046 cipes
169 1964 233 2026 fieri
254 1984 425 2055 possemus.
467 1965 510 2026 dc
531 1965 601 2027 illud
623 1985 766 2046 perquam
787 1968 923 2030 mirabile
945 1968 1010 2043 fuit,
1033 1969 1112 2030 idem
1130 1970 1225 2031 fuisse
1238 1982 1377 2050 pansos.

62 2066 146 2130 tiens
169 2076 197 2129 et
218 2086 280 2129 non
300 2068 433 2157 patiens,
462 2067 578 2146 patiens
601 2067 735 2147 quidem,
759 2077 906 2148 quatenus
927 2071 1083 2150 proprium
1105 2071 1201 2149 ipsius
1225 2090 1295 2132 cor·
1354 2074 1357 2078 ’

59 2187 124 2250 pus
144 2167 311 2248 patiebatur
334 2176 363 2230 et
385 2176 531 2249 quatenus
554 2169 585 2229 in
607 2168 676 2249 ipso
698 2169 829 2249 patiente
852 2179 930 2244 erat,
959 2189 1020 2232 non
1048 2173 1166 2251 patiens
1187 2180 1297 2248 eutem,

60 2268 136 2350 quia
155 2269 301 2343 Verbum,
331 2288 398 2330 cum
426 2273 530 2331 naturt
558 2273 612 2331 sud
633 2269 713 2332 licus
742 2273 797 2343 sit,
825 2271 1009 2351 impassibile
1038 2281 1095 2334 cst
1139 2273 1177 2334 Et
1197 2273 1297 2352 ipsum

63 2369 189 2451 quidem
211 2371 421 2450 incorporeum
443 2371 474 2432 in
495 2371 630 2451 passibib
653 2391 779 2451 corpore
802 2381 881 2447 erat,
912 2392 1021 2453 corpus
1049 2392 1120 2435 vcro
1143 2374 1174 2434 in
1197 2373 1297 2452 seipso

60 2470 169 2535 babuit
182 2472 310 2534 Verbum
326 2472 520 2553 impassibile,
544 2474 624 2552 quod
640 2473 736 2553 ipsius
759 2474 896 2554 corporis
912 2474 1100 2535 infirmitates
1115 2473 1297 2536 absumeret

62 2572 222 2635 Caeterum
243 2575 301 2635 boc
322 2573 389 2634 ideo
413 2573 533 2654 agebat,
562 2583 592 2635 et
617 2574 659 2656 ita
680 2593 714 2636 sc
736 2593 785 2637 res
808 2574 951 2648 babebat,
979 2584 1012 2637 ut
1040 2584 1144 2636 nostra
1166 2574 1297 2636 Verbum
1328 2649 1330 2653 ι

64 2673 237 2754 suscipiens
260 2676 449 2755 offerensque
479 2676 508 2735 in
532 2675 714 2737 Sacrificium
736 2676 856 2755 penitus
879 2675 1068 2750 absumeret,
1096 2694 1131 2737 ec
1157 2675 1297 2754 deinceps

63 2776 131 2838 suis
158 2795 216 2838 nos
244 2777 371 2838 induens
399 2777 543 2855 Apostolo
573 2777 646 2838 baec
673 2776 789 2837 dicendi
821 2776 1010 2838 occasionem
1038 2775 1136 2837 daret:
1169 2776 1300 2855 Oportet

65 2878 268 2959 'corruptibile
297 2878 352 2940 boc
379 2880 508 2940 induere
529 2882 792 2959 incorruptionem
814 2872 844 2942 e't
864 2877 995 2940 mortale
1017 2877 1072 2941 boc
1094 2878 1221 2939 induere
1242 2879 1300 2974 irrr-

61 2979 295 3049 mortalitatem.

155 3084 185 3144 7.
229 3080 309 3141 Haec
330 3089 428 3141 autem
449 3098 511 3141 non
534 3079 653 3141 fictione
673 3080 749 3141 iacta
772 3087 860 3153 sunt,
889 3079 1136 3159 quemadmodum
1165 3077 1300 3140 nonnulli
1324 3062 1328 3067 ¹

65 3183 292 3254 existimarunt,
321 3181 415 3256 absit3
445 3182 498 3243 sed
522 3181 676 3242 Salvatcre
698 3199 769 3242 rere
790 3181 912 3241 bomine
934 3183 1010 3242 sacto
1033 3180 1104 3241 binc
1124 3180 1218 3241 totius
1240 3180 1299 3240 bo-

63 3282 158 3346 minis
182 3283 263 3344 salus
286 3269 470 3362 consequuta
492 3292 547 3345 est.
591 3275 666 3345 Nam
688 3282 714 3343 si
736 3282 856 3343 fictione
878 3280 1019 3343 duntaxat
1032 3281 1161 3343 Verbum
1183 3280 1213 3341 in
1230 3298 1300 3342 cor-

63 3404 143 3466 pore
166 3385 236 3458 init,
268 3391 302 3446 ut
323 3384 363 3445 illi
386 3393 555 3458 autumant,
579 3392 608 3445 et
631 3384 657 3445 si
679 3385 759 3463 qued
781 3384 889 3446 dicitur
910 3384 1029 3445 fictione
1052 3402 1122 3445 esse
1143 3381 1302 3464 phantasia
1347 3453 1349 3456 ,

66 3494 130 3559 est,
169 3486 305 3565 sequitur
333 3493 367 3546 ut
393 3487 558 3547 secundum
585 3486 795 3566 impiissimum
823 3485 1027 3548 Manichaeum
1060 3484 1161 3566 specie
1187 3492 1301 3565 tantum

66 3595 158 3648 tenus
186 3587 266 3648 salus
294 3596 324 3648 et
351 3587 532 3650 resurrectio
554 3588 708 3650 bominum
731 3588 795 3649 fieri
818 3587 950 3648 dicatur:
986 3587 1094 3649 Verum
1116 3600 1303 3665 nequaquam

66 3771 135 3821 Intra
160 3771 260 3827 Sceuer.
285 3773 375 3834 dngtic.
400 3772 499 3823 Gobicr.
518 3774 622 3823 Feicbm.
636 3775 659 3823 1.
712 3773 773 3822 Coti.
788 3773 860 3823 Cone.
871 3773 940 3822 Tem.
952 3771 987 3821 lV.
1000 3765 1128 3834 p.1185.],
1138 3769 1194 3817 item
1204 3764 1302 3830 synodo

66 3838 163 3888 Tbeod.
182 3830 228 3885 ἵνα
246 3833 329 3904 ἡμεῖς.
630 3847 638 3854 “
712 3841 859 3890 Chalcedon.
878 3837 965 3902 [bisnei
984 3839 1052 3888 Tom.
1064 3837 1100 3885 Vt.
1118 3848 1172 3899 psg.
1189 3827 1261 3897 878]
1279 3839 1303 3883 et

103 3921 126 3954 e.
144 3907 185 3956 Sic
203 3908 302 3968 Seguer.
323 3915 345 3955 et
363 3906 485 3955 Theodor.
505 3922 566 3983 qnos
585 3909 661 3956 secuti
712 3907 775 3970 apud
796 3907 951 3957 mercatorem
970 3920 994 3968 p.
1012 3905 1068 3953 l't'i.
1102 3899 1193 3961 diora
1211 3899 1303 3962 Synod.

66 3987 165 4023 sumus.
201 3974 261 4022 Editi
280 3960 314 4032 ἦν
332 3967 345 4020 ὁ
364 3967 479 4037 πάσχων
488 3985 549 4037 μεν,
561 3964 604 4020 ὅτι
615 3983 661 4023 etc.
713 3974 859 4024 Cbeicedon.
879 3975 952 4023 babet
968 3974 1103 4036 appositive,
1123 3971 1241 4018 idercator
1255 3981 1302 4031 pu·

65 4041 134 4090 intra
153 4041 254 4101 Seguer.
270 4042 371 4093 Gobier.
390 4050 414 4090 ct
431 4041 536 4090 Feickm.
557 4041 579 4089 1.
597 4034 663 4092 θεὸς
712 4044 813 4102 tatione,
840 4042 881 4091 eiii
906 4042 1045 4103 adoptione,
1070 4051 1116 4086 nos
1134 4049 1187 4085 cnm
1207 4033 1302 4082 Petreio

11 4161 14 4164 ,
67 4099 109 4154 ὢν
126 4100 215 4172 λόγος·
712 4111 811 4173 fictione,
832 4118 856 4158 et
874 4109 910 4157 sic
926 4107 1064 4156 uertendum
1084 4118 1138 4152 esse
1150 4108 1223 4164 petet.
1250 4099 1303 4148 idox

103 4175 121 4222 t.
147 4174 247 4225 Gobier.
272 4182 295 4222 et
318 4173 424 4223 Fetcirm.
445 4174 468 4222 1.
487 4164 662 4239 ἀφανίζοντα
712 4175 787 4224 Basti.
805 4169 948 4239 detector.
986 4173 1038 4220 Μαι
1057 4160 1303 4225 ὄντωςάληθῆίίο·

65 4236 121 4308 μὲν
144 4234 195 4293 τὰς
212 4234 309 4288 ἑαυτοῦ
328 4232 479 4294 ἀσθενείας.
518 4244 619 4302 Segucr.
637 4249 662 4290 et
712 4243 776 4291 bier.
794 4244 900 4292 Fetctrm.
918 4242 939 4289 1.
958 4240 1032 4299 Segu.
1068 4231 1301 4296 PantopostGobi.

65 4309 163 4358 Thwd·
182 4299 356 4372 ἀφανίζοντα
378 4304 431 4374 μὲν
448 4302 498 4361 τὰς
515 4299 662 4360 ἀσθενείας
714 4318 737 4358 et
751 4308 855 4359 Feictrm.
871 4311 892 4357 t.
912 4299 980 4358 ὅλως
990 4304 1039 4352 τοῦ
1049 4295 1209 4368 ἀνθρώπου,
1241 4299 1304 4349 ibid.

66 4366 157 4423 αάταῦ
174 4374 224 4422 τοῦ
238 4369 277 4423 σοι’
301 4389 372 4429 ατος.
412 4378 472 4425 Editi
487 4367 662 4440 ἀφανίζοντα
712 4369 820 4441 ἐγένετο
830 4378 919 4440 pren
951 4373 1016 4422 intre
1034 4373 1122 4435 pres.
1134 4359 1300 4435 φαντασίας·

66 4435 157 4492 αὐτοῦ
175 4441 224 4490 τοῦ
243 4455 260 4490 o
283 4457 371 4507 ματος
388 4437 437 4495 τὰς
455 4435 608 4495 ἀσθενείας.
749 4445 773 4492 b.
792 4445 857 4493 Haec
875 4440 995 4492 eGeiesio
1014 4433 1302 4488 citanturtrbrodedm·

102 4526 127 4574 g.
146 4510 211 4560 ilaec
228 4511 253 4560 in
271 4511 556 4575 Spuochpbee.dct.l.
573 4505 664 4575 [Urusi
712 4510 760 4562 bus
777 4511 870 4562 naturis
889 4501 1118 4574 [portentet

103 4598 298 4644 Armeniusve.
310 4609 381 4642 noex.
396 4608 446 4640 exn.
1067 4587 1102 4640 ⁶³
