2948 5092
468 257 577 303 enarro
593 258 626 301 n.
643 254 910 329 conresurgant.
1223 246 1286 311 343

61 411 187 474 Verbum
209 429 330 492 emaque
352 408 441 473 unius
463 408 517 471 Dei
538 408 635 488 image
650 416 707 472 est.
738 408 838 488 Atqui,
860 408 1008 487 inquiunt,
1031 411 1119 472 etiam
1141 412 1188 474 aul
1210 427 1373 477 anuum

61 522 160 575 estet
188 520 270 575 tem
297 528 364 593 uua.
406 509 523 573 tuusne
551 509 648 572 insani
677 527 766 572 unam
787 529 892 589 aquam
914 530 1065 591 unumque
1087 512 1186 592 ignem
1208 534 1287 591 esse,

61 622 90 677 ut
117 613 231 677 deiude
263 611 400 684 audiant,
437 611 599 692 quamlibet
636 610 755 691 quidem
787 630 887 674 rerum
921 613 1064 674 lactarunt
1097 633 1187 679 unam
1219 635 1287 679 esse

61 715 221 779 seeundum
243 714 396 795 propriam
418 720 565 788 naturam,
590 712 642 775 sed
665 712 796 794 singulas
820 733 881 776 non
904 714 985 777 solas
1007 715 1144 778 sufficere
1166 717 1202 778 ad
1219 717 1289 779 olli-
1321 750 1323 760 ·

62 817 132 880 rium
154 823 189 879 et
208 833 319 879 munus
341 813 546 878 summissum.
589 814 666 877 lline
686 813 765 876 enim
787 814 861 877 dixit
881 816 977 879 Deus:
1012 817 1103 881 Fiunt
1125 819 1291 883 lundanris

62 925 91 981 ts
108 919 305 1001 fimeto
328 917 405 979 sueti
419 918 459 979 ud
479 917 711 980 illuminandam
733 927 902 981 terrentes
924 920 962 979 ud
984 921 1192 1000 separandum
1214 921 1290 983 ds‘ess

63 1030 209 1091 enuere,
243 1029 272 1081 et
305 1021 368 1081 ss‘nt
401 1023 434 1080 ln
466 1023 554 1100 signu
582 1030 610 1082 et
638 1022 671 1082 ἐκ
700 1028 837 1100 tenpore
865 1029 893 1081 et
922 1024 955 1081 in
983 1021 1044 1083 dies
1074 1032 1103 1084 et
1125 1025 1159 1085 s'n
1180 1038 1289 1085 annes.

62 1120 169 1183 lleinde
192 1119 345 1200 sequitur:
368 1119 408 1182 Bt
427 1121 501 1199 feeit
515 1119 597 1183 Deus
622 1121 680 1183 due
704 1119 870 1183 luminaria
884 1140 1003 1202 magna,
1028 1122 1178 1185 luma'reure
1191 1125 1290 1185 metus

62 1234 93 1285 st
108 1233 273 1303 praeesset
289 1222 356 1294 dies',
379 1234 408 1285 et
425 1221 577 1284 luminare
598 1225 698 1285 mistus
719 1232 755 1285 ut
772 1235 932 1304 praeesset
954 1227 1046 1300 noeti,
1068 1223 1098 1286 et
1120 1222 1238 1299 stellas,
1260 1230 1291 1286 et

59 1329 159 1405 posuit
182 1341 235 1387 ess
258 1328 291 1385 ἐπ
310 1323 502 1404 firmamento
526 1323 617 1398 euels',
645 1336 681 1389 stt
703 1323 841 1388 lucerent
861 1342 955 1404 super
977 1335 1093 1387 terrum
1115 1337 1144 1390 et
1161 1342 1291 1406 praess-

63 1438 123 1489 sest
145 1427 210 1489 diei
230 1443 267 1487 us
287 1424 379 1488 edetr'.

140 1834 196 1899 28.
242 1830 287 1893 un
308 1830 398 1893 multa
421 1830 588 1905 luminaria,
610 1849 665 1893 nec
686 1829 770 1893 selus
792 1831 838 1893 sel
859 1831 906 1894 rel
928 1832 992 1893 sela
1011 1832 1089 1905 luna,
1112 1832 1164 1894 sed
1181 1850 1288 1894 unum·

61 1934 197 2015 quodque
219 1941 267 1995 est
288 1932 406 2013 quidem
429 1942 534 1993 natura
558 1950 665 2004 unuln,
694 1949 786 1994 unum
808 1941 906 1995 temen
929 1943 958 1995 et
979 1953 1136 1999 commune
1152 1934 1290 1997 emnium

60 2047 103 2099 est
123 2036 276 2110 efficium,
298 2044 385 2114 atque
407 2035 447 2109 id,
470 2034 550 2114 quod
572 2034 623 2097 uni
645 2034 745 2108 deest,
775 2034 812 2096 ab
835 2034 891 2096 aliu
916 2035 1087 2115 suppletur,
1117 2037 1291 2115 cunctisque

60 2157 111 2200 sue
139 2146 191 2199 est
218 2136 402 2199 illuminandi
430 2135 542 2198 utilitas
571 2145 601 2197 et
622 2136 797 2198 necessitas.
818 2194 821 2203 ,
841 2137 894 2198 Sul
915 2137 994 2198 enim
1015 2156 1070 2217 per
1088 2138 1190 2200 sulum
1211 2137 1291 2201 diem

60 2239 224 2321 apparendi
245 2238 335 2301 habet
355 2245 546 2318 potestatem,
570 2237 639 2314 luna
660 2256 731 2299 rere
752 2256 808 2317 per
828 2246 956 2311 nentem,
979 2256 1013 2299 ne
1029 2239 1132 2300 stellae
1146 2220 1216 2301 eum
1231 2237 1288 2301 illia

60 2353 195 2421 tempera
218 2349 248 2402 et
269 2359 365 2402 anuos
388 2339 528 2413 alliciunt,
552 2339 744 2419 singulaeque
766 2340 797 2400 in
820 2338 905 2418 signa
926 2340 962 2401 ad
985 2359 1060 2402 usus
1084 2340 1160 2402 vitae
1183 2358 1289 2402 neees-

59 2444 157 2505 urina
186 2444 273 2505 liunt
317 2442 372 2503 Sic·
394 2443 482 2504 etiam
511 2450 592 2503 terra
621 2460 682 2502 nnn
711 2441 747 2504 ad
770 2442 869 2502 emnia
892 2449 959 2521 apta
982 2451 1042 2512 est,
1072 2442 1125 2502 sed
1148 2441 1185 2503 ad
1207 2440 1290 2503 selus

57 2547 174 2608 fruetus
203 2544 417 2625 proterendos,
450 2554 480 2605 et
508 2544 545 2605 ad
573 2543 765 2606 sustentanda
788 2543 940 2616 animalia,
969 2543 1114 2622 aquibus
1136 2541 1285 2604 incolitur.
1299 2557 1380 2603 essa

57 2648 292 2710 Firmamentum
322 2665 392 2708 vero
425 2665 516 2725 aquas
545 2645 581 2706 ab
609 2645 694 2725 aquis
723 2645 841 2717 dividit,
864 2645 894 2705 in
925 2663 1019 2723 euque
1048 2644 1189 2706 collocata
1223 2652 1293 2707 sunt

58 2749 228 2812 luminaria.
271 2748 314 2809 its
338 2747 474 2810 similiter
496 2757 526 2808 et
547 2747 624 2826 ignis
647 2756 676 2809 et
698 2766 771 2826 aqua
794 2765 860 2807 eum
884 2745 1022 2807 omnibus
1044 2745 1109 2807 aliis
1132 2745 1200 2807 laeli
1223 2755 1294 2809 suut

57 2852 95 2913 sd
119 2849 329 2912 constituenda
350 2868 487 2931 corpora.
533 2849 597 2911 Une
619 2848 710 2910 verbu
733 2848 806 2908 nillil
830 2848 925 2909 sulum
945 2857 1001 2919 est,
1024 2848 1076 2908 sed
1093 2848 1227 2926 singulae
1241 2865 1292 2910 res

58 2952 154 3014 treme
176 2950 267 3013 veluti
296 2950 419 3012 tolidem
448 2950 579 3012 membra
607 2951 749 3012 mundum
778 2957 915 3027 tanquam
947 2967 1039 3010 tinum
1067 2967 1176 3029 eorpus
1199 2947 1292 3026 perli-

57 3054 151 3114 eiunt
189 3052 221 3114 Si
244 3071 316 3131 erge
339 3051 444 3113 similis
468 3052 505 3114 de
526 3052 601 3113 Filio
624 3053 824 3133 suspicantur,
847 3051 927 3130 digni
951 3059 1021 3112 sunt
1035 3050 1084 3129 qui
1100 3049 1137 3111 ab
1153 3047 1291 3111 omnibus

58 3154 240 3234 lapidentur,
263 3153 373 3235 quippe
394 3153 442 3235 qui
465 3161 579 3234 putent,
608 3153 736 3215 Verbum
757 3161 872 3233 partem
896 3172 964 3215 esse
988 3151 1197 3223 universitatis,
1220 3168 1291 3230 par-

58 3266 121 3317 tem
143 3256 275 3336 inquam,
298 3274 374 3335 quae
396 3256 433 3316 ad
455 3255 648 3318 commissum
670 3256 728 3317 sibi
750 3275 858 3316 munus
881 3254 1050 3316 obeundum
1068 3253 1132 3315 sine
1147 3253 1213 3315 aliis
1233 3270 1295 3314 non

60 3358 103 3419 sit
130 3357 248 3419 idonea.
294 3358 470 3431 Quodnam
494 3366 595 3436 aperte
618 3357 740 3437 impium
763 3357 818 3429 sit,
848 3364 1011 3435 agnoscant
1032 3356 1136 3434 igitur,
1167 3352 1295 3415 Verbum

59 3458 141 3521 inter
163 3477 212 3520 res
235 3459 328 3520 lacus
351 3477 412 3519 non
434 3458 544 3519 babere
566 3458 674 3530 lecum,
698 3459 751 3520 sed
770 3458 866 3518 selum
882 3457 1036 3537 proprium
1053 3455 1149 3517 Patris
1166 3453 1294 3517 Verbum

60 3577 131 3621 esse
155 3567 187 3619 et
207 3578 308 3621 rerum
330 3559 472 3620 securum
496 3559 643 3639 opilieem.
686 3559 724 3620 bt
745 3568 904 3637 reponunt,
931 3567 1061 3619 creatum
1084 3556 1205 3636 quidem
1227 3572 1295 3618 eum

95 3812 113 3860 t.
142 3811 183 3861 Sie
209 3825 267 3860 mss.
286 3826 372 3861 ornnes
391 3819 487 3876 praeter
505 3811 610 3860 Feleltm.
630 3810 653 3861 2.
707 3819 730 3860 et
748 3811 854 3860 teletas.
874 3811 897 3860 4.
916 3809 973 3858 τῶν
990 3804 1020 3859 ἐν
1038 3803 1113 3876 αὐτῇ.
1149 3809 1255 3859 Faleltrn.
1274 3808 1298 3859 b.

77 3881 102 3928 ui
128 3887 155 3928 nt
178 3888 203 3930 et
226 3880 283 3929 editi
308 3880 379 3930 babet
406 3881 522 3929 mendose
542 3870 573 3926 nri
589 3869 653 3945 μεθ’
707 3877 764 3928 τῶν
782 3871 812 3928 ἐν
830 3868 930 3932 αὐτοῖς.
954 3880 1016 3929 Editi
1028 3888 1051 3928 et
1061 3880 1101 3928 slsi
1113 3867 1298 3939 sentruden.

59 3943 490 4079 seere·1.⁹el⁰s⁰tuttl”-·
508 3948 613 4063 llll?
630 3955 656 4064 l
709 3981 825 4097 illl?
841 3977 1301 4098 nunu-nll-sellun

60 4075 133 4132 οὗτοι
146 4073 268 4148 derdere.
297 4083 357 4132 Editi
376 4092 399 4132 et
412 4082 451 4131 alii
463 4072 656 4146 οἱδὲᾶστέρες.
709 4106 780 4163 dam„

95 4169 117 4214 g.
144 4154 185 4202 Sic
210 4155 311 4213 Seguer.
337 4150 435 4199 Gabler.
460 4159 484 4198 et
509 4150 612 4198 t‘etctm.
632 4150 655 4198 5.
783 4150 790 4162 '
1130 4201 1133 4205 Α

58 4222 88 4271 bt
112 4222 168 4270 editi
193 4228 218 4270 et
241 4219 283 4267 alit
306 4211 429 4282 γίνεται,
446 4209 492 4264 καὶ
509 4210 579 4281 πρὸς
597 4209 654 4276 τήν.
743 4218 758 4266 i.
786 4217 826 4266 Sic
844 4217 944 4277 Segner.
964 4215 1062 4265 Gubler.
1081 4214 1188 4264 Felclsm.
1210 4211 1300 4261 istd.

58 4290 204 4353 paulopost
224 4289 327 4349 segnes.
339 4287 395 4347 lleg.
407 4287 505 4334 stetten
514 4295 537 4334 et
551 4286 656 4335 l'elclsrn.
709 4283 752 4333 liii
771 4299 827 4333 veru
845 4292 869 4333 et
883 4284 956 4332 editio
967 4283 1083 4332 Commel.
1103 4274 1117 4330 d
1135 4274 1224 4344 idrus,
1245 4277 1302 4327 teir

61 4358 83 4406 1.
102 4366 126 4406 et
143 4358 167 4408 b.
191 4347 231 4410 eie
247 4347 354 4420 μόνους
376 4346 440 4405 τοὺς
457 4344 592 4417 καρπούς,
611 4347 658 4401 καὶ
708 4345 739 4399 δὲ
762 4349 885 4416 γενητῶν
903 4342 1077 4416 δημιουργός.
1114 4350 1175 4398 ibid.
1196 4347 1301 4397 Felcbm.

57 4417 148 4491 βάσιν.
185 4426 233 4474 stri
253 4431 278 4473 et
296 4422 354 4471 editt
372 4413 410 4475 tis
424 4412 527 4487 μόνους
536 4413 659 4485 καρποὺς
710 4421 735 4469 t.
753 4429 833 4469 sisinn
852 4420 934 4468 sulen
952 4411 988 4471 ὡς
1006 4412 1035 4467 tt
1045 4410 1121 4484 παρὰ
1135 4406 1300 4465 διδασκάλου

57 4489 105 4542 rel
117 4485 252 4560 μέσην.
287 4489 352 4542 ibid.
376 4489 476 4552 Seguer.
501 4491 558 4553 lteg.
583 4488 657 4540 basil.
711 4489 810 4541 emissis
828 4487 988 4540 intermediis.
