2948 5092
299 1007 781 1151 superinduitis
815 1039 1046 1114 uosrnr

351 1186 995 1413 dedederit

241 1456 1104 1544 urrsrouuaoinuueuruu

439 1617 609 1668 EPISCOPUM
628 1617 667 1667 ET
684 1615 905 1668 CONFESSOREH

573 1726 659 1768 oenus
674 1720 782 1769 Arianos.

512 1927 820 1939 ψ

35 2167 43 2177 ,
114 2163 124 2185 t
151 2126 179 2183 1.
223 2120 363 2181 Perieetis
385 2120 443 2192 his,
467 2139 542 2199 quae
564 2138 580 2181 a
604 2127 653 2181 tua
674 2118 817 2198 reiigione
839 2121 948 2199 scripta
969 2129 1048 2192 suot,
1072 2124 1152 2184 tuadi
1167 2103 1373 2200 quidenreeu.

55 2226 92 2288 in
122 2222 272 2285 Christum
299 2222 440 2302 pietatem
468 2241 537 2283 vere
563 2220 811 2301 approbavimus,
844 2222 1005 2302 laudesque
1031 2211 1095 2284 lieo
1123 2223 1152 2283 in
1181 2224 1287 2302 primis

55 2323 271 2407 persolvimus
295 2324 345 2403 qui
368 2323 422 2387 tibi
445 2323 613 2385 huiusmodi
636 2332 685 2385 est
707 2323 828 2403 largitus
853 2324 986 2403 gratiam,
1009 2333 1043 2386 ut
1064 2334 1093 2386 et
1114 2332 1193 2385 recte
1216 2342 1289 2387 sen-

49 2427 138 2490 tires
158 2445 214 2488 uec
236 2425 345 2486 diaboli
367 2424 487 2487 fraudes
510 2433 652 2504 quantum
674 2424 753 2485 seire
774 2425 844 2486 iicet
865 2424 1039 2503 ignorares3
1061 2443 1123 2486 uon
1137 2425 1290 2503 potuimus

51 2547 136 2590 sero
155 2545 218 2588 noo
242 2526 380 2588 admirari
404 2544 578 2606 perversum
601 2521 819 2588 haereticorum
842 2525 987 2599 animum,
1009 2525 1059 2605 qui
1081 2526 1155 2588 adeo
1170 2527 1199 2586 in
1215 2544 1289 2605 pro·

42 2629 188 2707 'fundum
215 2628 376 2708 impietatis
407 2628 535 2690 demersi
563 2637 648 2701 sunt,
675 2638 709 2691 ut
737 2628 849 2689 nullum
872 2626 930 2689 nm
954 2646 1078 2689 sensum
1100 2636 1289 2700 conservent,

61 2731 120 2794 sed
143 2738 311 2810 corruptam
336 2730 416 2790 omni
440 2749 474 2791 er
496 2739 580 2808 parte
603 2730 731 2792 habeant
752 2738 891 2792 mentem.
942 2729 1028 2791 Certe
1050 2729 1221 2793 huiusmodi
1244 2730 1290 2791 ia-

66 2832 155 2894 cinus
187 2831 336 2892 diabolum
370 2841 519 2892 auctorem
551 2830 639 2892 habet
667 2839 773 2910 estque
800 2830 836 2891 ad
866 2830 1083 2910 improborum,
1097 2831 1292 2892 imitationem

53 2933 255 2996 dudaeorum.
299 2931 372 2992 Nam
401 2939 434 2992 ut
461 2931 502 2991 iili
531 2932 662 3010 undique
691 2931 817 2993 convicti
846 2931 980 2992 rationes
1009 2932 1151 2992 adversus
1174 2933 1291 3011 seipsos
1339 2941 1364 2967 ·'

62 3033 285 3112 excogitabant,
310 3030 345 3092 eo
369 3041 480 3093 tanturn
504 3041 537 3094 ut
557 3031 715 3093 Dominum
740 3043 883 3110 negarent
904 3041 934 3093 et
956 3051 1031 3110 quae
1052 3033 1203 3112 praedicta
1224 3039 1294 3095 sunt

60 3137 97 3198 in
129 3134 248 3212 seipsos
282 3133 479 3205 attrahereot3
513 3135 556 3194 sic
585 3143 615 3195 et
640 3133 690 3194 isti
720 3151 787 3194 eum
814 3152 848 3194 se
878 3134 1009 3212 undique
1031 3135 1128 3195 notari
1152 3152 1294 3213 suamque

52 3236 214 3300 -haeresim
242 3217 604 3296 omnibus⁴exeerandam
634 3253 703 3296 esse
732 3233 848 3306 vident,
884 3253 952 3296 sese
981 3234 1126 3297 scelerum
1156 3244 1293 3297 auctores

58 3356 126 3402 non
148 3345 288 3398 verentur
310 3338 426 3409 iacere,
448 3344 481 3397 ut
504 3345 605 3397 eonua
628 3335 781 3398 veritatem
803 3354 936 3415 pugnare
952 3355 1012 3398 noo
1029 3336 1209 3398 desistentes
1224 3354 1295 3398 vere

63 3440 178 3503 Christi
206 3439 311 3500 hostes
343 3446 546 3518 permaneant
592 3437 676 3500 Unde
697 3437 777 3499 enim
800 3438 859 3500 iliis
883 3439 913 3499 id
936 3447 1070 3503 exortum
1094 3438 1201 3500 malum
1225 3435 1295 3500 est?

62 3540 127 3614 our
156 3541 278 3602 omnino
307 3558 413 3600 novam
441 3541 518 3601 hane
546 3540 722 3602 calumniam
744 3547 848 3601 contra
871 3539 1053 3601 salvatorem
1075 3541 1211 3618 proferre
1230 3536 1295 3599 ausi

65 3640 164 3704 sunt?
207 3642 282 3714 Sed,
313 3650 345 3702 ut
372 3640 491 3721 planum
514 3650 570 3714 est,
594 3641 670 3703 mala
691 3660 741 3702 rea
764 3649 813 3701 est
834 3640 944 3718 impius
967 3659 1001 3702 ac
1023 3658 1126 3701 revera
1149 3638 1295 3719 reprobus

63 3745 146 3806 eirea
174 3743 273 3804 iidem.
316 3731 448 3803 Primum
478 3742 556 3803 enim
586 3751 689 3822 negata
717 3741 861 3820 unigeniti
884 3740 949 3803 Filii
974 3742 1028 3803 Dei
1056 3741 1208 3801 divinitate
1229 3740 1379 3802 einsesia.

63 3846 173 3908 saltem
194 3862 372 3923 corporeum
396 3843 551 3905 adventum
574 3861 736 3922 agnoscere
757 3842 980 3914 simulaverunt,
1003 3860 1084 3903 nuno
1103 3851 1201 3903 autem
1219 3858 1293 3920 pau-

64 3946 150 4008 latim
172 3945 286 4024 delapsi
307 3940 523 4024 hano'quoque
545 3943 738 4023 repudiarunt
760 3944 939 4006 sententiam
962 3952 1049 4022 atque
1066 3942 1148 4003 omni
1163 3960 1199 4003 ex
1213 3949 1296 4021 parte

63 4047 146 4110 athei
169 4047 237 4107 sacti
261 4056 340 4118 sunt,
363 4053 396 4107 ut
418 4047 516 4125 ipsum
538 4064 634 4125 neque
656 4055 819 4125 agnoscant
840 4047 933 4108 Deum
956 4063 1053 4122 neque
1075 4042 1226 4104 hominem
1249 4042 1294 4102 sa·
1384 4082 1388 4088 ·

139 4213 371 4275 1)2.rim.‚.38

100 4348 123 4381 ι.
142 4331 243 4410 Sessuer.
270 4329 319 4378 τοῦ
343 4322 427 4380 αὐτοῦ
445 4323 571 4390 ἐπιστολὴ
589 4343 658 4398 you·
743 4333 767 4381 b
786 4332 886 4394 Segner
904 4325 1059 4407 γινομένην.

60 4399 152 4467 petuo
168 4393 246 4462 πρός
284 4400 357 4448 Basil
375 4401 482 4462 stingi.
494 4402 656 4463 adduntque
744 4415 765 4449 e
784 4397 948 4478 Feruentis..
957 4390 1066 4463 μάχης·

59 4483 112 4534 qne
128 4465 255 4537 γραφεῖα
255 4480 281 4513 α
744 4467 767 4515 d
785 4467 876 4529 togiie
894 4457 1036 4531 ἀδόκιμον.
