2948 5092
455 260 610 310 ammon.
626 264 742 310 cosm
755 262 891 322 murcos.
1222 252 1286 318 445

62 418 150 500 aptati
181 426 212 482 ot
239 416 366 497 colligati
394 417 424 478 in
446 416 541 478 virum
563 417 726 495 perlectum
754 434 959 490 occurramus,
993 417 1236 498 immortalesque
1257 428 1373 482 etrum

60 521 225 601 incorrupti
248 537 430 582 maneamus.

147 625 200 687 75.
244 621 339 684 Nemo
370 637 441 681 vero
474 618 523 678 his
556 617 645 680 etiam
671 617 811 697 loquendi
838 619 936 681 modis
965 620 1174 683 conturbetur:
1211 627 1287 687 Ante

59 743 169 788 cecum
190 731 221 785 et
238 727 420 804 preterquam
447 732 564 783 terrem
589 720 706 798 faceret
727 728 756 781 et
777 733 937 802 antequam
957 735 1073 812 montes
1096 723 1287 786 collocares-

60 839 124 890 tur.
170 824 260 886 Recte
294 823 373 884 enim
406 823 463 882 ista
499 820 653 882 coniunxit
686 838 754 882 cum
790 820 889 883 verbis
921 824 1065 902 fundarit
1098 832 1129 885 et
1160 830 1283 888 ereoor‘t.

59 928 194 1006 Namque
215 925 289 986 haec
303 925 368 985 eius
384 922 548 985 secundum
570 939 689 983 carnem
711 922 964 1002 dispensationem
987 932 1132 1003 spectant.
1168 925 1286 987 Etenim

59 1028 172 1109 gratia,
193 1044 268 1107 quae
289 1024 378 1086 nohis
400 1044 417 1085 a
438 1023 589 1086 Salvatcre
610 1023 718 1084 donata
741 1033 801 1098 est,
825 1024 915 1085 modd
937 1025 1056 1104 quidem
1079 1026 1228 1104 apparuit,
1251 1035 1286 1088 ot

59 1130 100 1192 ait
120 1127 302 1209 Apostolus,
326 1134 487 1204 exortaque
508 1134 557 1186 est
577 1132 735 1205 postqum
756 1124 822 1204 ipse
843 1125 975 1200 advenit,
1004 1144 1105 1187 verum
1127 1135 1285 1206 antequem

58 1249 117 1293 nos
138 1245 340 1300 numeremur,
362 1225 409 1288 vel
429 1226 532 1305 potius
554 1234 624 1287 ante
643 1225 745 1289 mundi
767 1226 1009 1288 constitutionem
1030 1235 1203 1308 praeparata
1218 1227 1283 1301 luit,

59 1333 144 1395 ornus
166 1330 241 1392 haec
262 1346 350 1391 eausa
372 1335 402 1390 et
423 1335 503 1389 recta
526 1337 573 1390 cst
593 1335 625 1388 et
644 1326 825 1397 admiranda.
844 1321 955 1390 ‘heum
970 1328 1006 1389 de
1021 1327 1109 1391 nohis
1131 1330 1369 1409 posteriusnats.

58 1432 224 1496 deliberare
245 1429 367 1492 minime
390 1428 527 1517 decehat,
555 1446 595 1490 ne
620 1446 671 1490 res
691 1437 813 1491 nostras
834 1429 972 1508 ignorare
993 1429 1152 1492 videretur.
1197 1430 1286 1504 Quo·
1333 1480 1337 1485 .

58 1537 135 1598 circo
157 1550 226 1596 cum
246 1548 303 1593 nos
325 1549 427 1593 rerum
449 1531 653 1593 universarum
668 1510 747 1592 licus
768 1549 823 1610 per
841 1533 994 1610 proprium
1010 1531 1138 1594 Verbum
1159 1540 1283 1606 crearet,
1386 1546 1393 1556 '

58 1646 89 1699 et
110 1653 164 1708 ea,
186 1620 261 1713 quae
282 1633 319 1694 ad
340 1650 397 1694 nos
419 1631 577 1711 pertinent,
600 1649 691 1711 supra
712 1649 770 1693 uos
791 1633 993 1711 prospiceret,
1015 1640 1285 1712 praenosceretqne

57 1756 133 1811 nos,
155 1744 315 1816 postquam
336 1732 405 1793 honi
428 1733 496 1794 lacti
518 1733 694 1807 fuissemus,
722 1733 818 1812 legem
840 1733 1002 1796 violaturos
1024 1742 1112 1813 atque
1134 1734 1244 1796 idcirco
1267 1753 1284 1796 e

55 1839 199 1920 paradiso
222 1833 427 1915 expellendos3
448 1834 507 1907 ille,
530 1834 580 1913 qui
601 1835 803 1913 perhumanus
826 1844 856 1896 et
869 1832 1015 1914 benignus
1037 1843 1093 1908 est,
1115 1835 1285 1915 inproprie
1316 1910 1319 1917 Ι

56 1939 167 2012 Verbo,
188 1955 245 2017 per
266 1935 346 2014 quod
367 1953 423 1996 nos
446 1936 564 2009 creavit,
586 1944 709 1997 nostrae
724 1936 828 1997 salutis
847 1935 1100 2015 dispensationem
1122 1952 1285 2017 praepara·

55 2041 113 2113 vit,
134 2048 170 2101 ut
189 2034 341 2109 videlicet,
374 2036 490 2099 etiamsi
512 2037 697 2115 contingeret
719 2046 750 2099 ut
771 2055 788 2098 a
808 2036 959 2099 [doemone
981 2037 1171 2099 circumventi
1194 2037 1284 2099 cade-

54 2158 169 2213 remus,
191 2157 230 2200 ne
251 2139 360 2199 mortui
381 2137 500 2216 penitus
522 2155 760 2212 remaneremus,
784 2138 837 2199 sed
859 2147 892 2199 ut
912 2137 1126 2200 redemtionem
1149 2147 1180 2201 et
1201 2138 1285 2201 salu-

56 2253 116 2304 tem
131 2241 163 2302 in
178 2238 277 2301 Verbo
299 2238 387 2301 nobis
407 2248 600 2318 preparatam·
613 2237 758 2300 hahentes
779 2238 1024 2314 revivisceremus
1047 2248 1078 2302 et
1098 2239 1284 2301 immortales

56 2356 210 2414 essemus,
238 2348 395 2420 postquam
419 2340 485 2419 ipse
506 2358 562 2418 pro
583 2338 671 2401 nobis
693 2339 870 2419 principium
893 2340 1006 2402 viarum
1029 2350 1076 2402 est
1097 2347 1231 2414 oreatus,
1254 2348 1285 2402 ot

56 2445 105 2524 qni
127 2448 281 2506 creaturae
301 2439 517 2520 primogenitus
546 2448 607 2513 est,
640 2443 764 2503 fratrum
793 2441 888 2502 iactus
916 2441 970 2504 luit
992 2440 1224 2520 primogenitus,
1254 2447 1285 2501 et

56 2547 119 2625 ipse
140 2551 331 2605 mortuorum
352 2541 500 2620 primitiae
522 2541 636 2603 revixit.
680 2542 761 2603 llaec
788 2542 851 2621 ipsa
875 2550 920 2603 est
941 2542 1020 2603 beati
1041 2541 1176 2622 Apostoli
1198 2539 1283 2603 Pauli

54 2645 205 2718 doctrina,
234 2642 284 2722 qui
311 2642 360 2705 illa
381 2642 611 2704 Proverhiorum
633 2643 721 2705 verba
744 2657 814 2706 onte
835 2661 944 2705 mcum
966 2649 996 2702 et
1016 2654 1176 2724 antequam
1198 2652 1285 2704 terro

53 2748 142 2828 fieret
165 2745 205 2807 ita
226 2743 361 2823 Epistola
383 2744 419 2805 ad
449 2743 638 2806 Timotheum
668 2744 892 2825 interpretatur:
926 2742 1088 2807 Collndoro
1117 2741 1285 2823 Eoonqeh'o

55 2849 218 2911 secundum
245 2845 304 2907 Dei
333 2849 492 2916 virtatem,
527 2851 579 2925 qui
604 2844 707 2908 soloce
736 2865 791 2906 nos
819 2846 898 2924 [ecit
920 2855 949 2906 ct
976 2848 1095 2906 vocavit
1125 2847 1284 2906 vocatione

56 2959 170 3020 sonan,
193 2965 257 3009 aon
279 2948 441 3009 secondum
464 2964 558 3026 opero
580 2957 699 3015 nostro,
723 2947 775 3008 sed
795 2947 959 3008 secandum
977 2948 1144 3026 proprium
1162 2961 1282 3024 propo-

56 3055 144 3112 situm
167 3059 196 3112 et
217 3053 364 3127 qratiam,
393 3066 468 3137 qqoe
497 3049 582 3109 nohis
613 3049 684 3109 dcto
706 3057 752 3109 eat
772 3051 805 3108 irt
829 3046 948 3110 Christo
971 3045 1042 3108 lesu
1064 3057 1135 3108 onte
1157 3057 1284 3108 ceterae

59 3162 209 3230 temporo,
243 3160 272 3211 et
298 3167 380 3211 norro
412 3153 557 3229 apperuit
587 3167 645 3229 per
677 3149 839 3212 adventum
871 3146 1045 3209 Solootorv's
1078 3148 1182 3209 nostri
1212 3145 1284 3208 least

59 3252 183 3323 Chresti,
214 3254 267 3331 qur·
287 3260 414 3312 mortem
436 3251 551 3330 quidem
574 3249 742 3321 destructe,
771 3254 864 3311 vitant
885 3259 986 3311 cutem
1006 3247 1201 3309 illuminavit.
1245 3244 1284 3307 Et

57 3352 90 3414 ad
110 3351 278 3432 Ephesios:
315 3349 495 3412 Benedictus
517 3351 601 3412 Deus
625 3362 654 3415 et
675 3350 769 3414 Pater
791 3350 916 3412 Domiti
934 3352 1038 3411 nostri
1058 3348 1129 3410 lesa
1159 3347 1283 3419 Christi,

56 3459 104 3534 qai
125 3453 279 3517 benedicit
307 3451 393 3513 nolte
423 3455 456 3512 riv
484 3456 567 3514 omrai
593 3452 795 3515 demdictr'orvc
816 3451 977 3531 spirituali
996 3455 1028 3511 ire
1051 3449 1229 3512 coelestidus
1249 3452 1284 3509 io

58 3555 175 3619 Christo
197 3553 280 3625 lesu,
303 3557 382 3615 sicut
404 3551 491 3630 clepit
513 3571 568 3631 reos
591 3556 624 3612 ιό
646 3556 710 3632 ipm
733 3563 802 3615 onte
823 3553 929 3614 muudi
950 3554 1225 3621 conrtr'stutiorvcrrv,
1247 3558 1284 3611 att

85 3807 106 3857 d.
124 3805 231 3857 Felelrm.
251 3806 273 3856 5.
293 3797 323 3854 ἓν
340 3807 436 3856 omittit.
470 3804 522 3853 llox
541 3806 641 3866 Segoer.
691 3794 816 3868 μηνεῦων
839 3797 910 3869 φησὶ
933 3801 1067 3869 Τιμοθεῷ.
1106 3803 1193 3864 Regius
1211 3796 1282 3868 φησὶ

55 3874 110 3951 hep
126 3873 226 3952 (io-hler.
241 3874 346 3923 Felclm.
367 3874 388 3953 ¹:
408 3881 432 3950 et
448 3872 472 3922 l.
488 3864 570 3952 piperis,
587 3865 641 3951 ,τὴν
691 3864 762 3936 πρὸς
778 3863 827 3917 τὸν
845 3861 991 3946 Τιμόθεον.
1078 3939 1083 3948 ⁴
1183 3929 1191 3949 ,
1268 3929 1275 3946 ἱ

54 3933 641 4077 ill‘e'lhJiilss‘ss‘fql‘ii’ssal‘ilglhilssi
691 3938 1015 4071 aas'rlssl'r‘ldss‘iiii'
1035 3946 1194 4068 illidit
1207 3950 1282 4052 itti

54 4069 129 4142 ἡμῶν
146 4068 311 4143 οἰκονομίας.
347 4076 406 4125 lhid.
425 4077 525 4139 Seguer.
542 4077 640 4127 Gohler.
692 4074 790 4134 Sequor.
816 4075 913 4126 Goblcr.
937 4074 1040 4125 Felclm.
1062 4074 1084 4122 1.
1103 4083 1126 4122 et
1143 4073 1166 4121 4.
1193 4072 1282 4121 hahent

54 4146 156 4197 Felchm.
172 4146 194 4194 l.
210 4154 234 4194 et
251 4144 277 4195 4.
295 4134 481 4203 morealmes
497 4139 572 4209 παρὰ
592 4142 640 4191 τοῦ
693 4134 802 4190 οἰκείαν.
841 4141 940 4203 Sequor.
964 4152 1090 4220 praeterea
1115 4133 1167 4199 τὴν
1184 4140 1281 4189 omittit.

54 4204 148 4290 {qens
175 4212 238 4263 nutu
253 4213 329 4278 etalii
348 4203 535 4271 ἂπατηθέηες
551 4205 642 4260 latori
726 4224 747 4272 g.
766 4210 793 4259 ln
817 4211 917 4271 Sequor.
943 4223 993 4270 την
1017 4209 1087 4258 deest
1104 4216 1127 4258 et
1145 4209 1168 4256 in
1188 4208 1283 4258 Graeco

54 4294 148 4345 oqsmc.
692 4278 832 4341 Scripturas
850 4287 921 4327 textu.

83 4363 103 4397 e.
122 4348 220 4400 Gohler.
241 4358 264 4399 et
282 4349 435 4398 Felclmaani
455 4346 477 4399 1.
496 4338 640 4398 omittuntd
725 4345 748 4393 h.
764 4336 853 4404 Ἰησοῦ
870 4346 939 4396 abest
956 4360 969 4394 a
988 4346 1088 4412 sepner.
1107 4351 1130 4392 et
1147 4342 1281 4406 Scriptura.

51 4411 183 4483 percipies
204 4406 366 4489 ἀπόστολος.
402 4416 477 4467 iidem
498 4431 551 4466 mox
570 4409 639 4480 drep-
691 4412 743 4530 lsdon
761 4412 969 4546 poenapdoplpp.
989 4409 1282 4543 Ffflmssql'qfftsswssff

710 4495 817 4545 cripura
847 4493 965 4530 reor.
1036 4493 1043 4529 t
1122 4493 1162 4529 art
1270 4510 1279 4525 .
