2948 5092
384 1030 611 1105 sancti
645 1034 870 1113 Pttnts
905 1041 1136 1122 dosunt

534 1193 986 1317 ATHANASH

434 1350 761 1408 nncntentscout
779 1357 1083 1416 anexannatan

306 1466 361 1528 BE
390 1468 620 1535 saturant
647 1473 862 1541 ADVENTU
890 1478 998 1544 test]
1019 1482 1210 1550 CHRISTI

527 1607 566 1657 sn
584 1609 738 1665 anteusus
752 1614 987 1669 annuutiamus.
1078 1683 1083 1692 ,

624 1915 708 1961 Ltttlttt
724 1916 878 1963 SECUNDUS.

224 2021 253 2079 l.
282 2015 357 2087 ,Qui
379 2013 539 2077 Dominum
572 2024 710 2078 nostrum
733 2015 833 2083 lesum
856 2017 1007 2083 Christum
1030 2039 1092 2085 non
1114 2022 1234 2086 exiles
1256 2026 1451 2090 elluo-mse

130 2118 215 2181 mine
238 2135 330 2178 unum
352 2116 541 2188 confitentum,
565 2125 598 2178 ut
620 2117 762 2196 seriptum
785 2119 883 2179 estin
905 2119 1080 2201 Evangelio:
1107 2124 1170 2197 Qut
1184 2126 1247 2204 suit
1262 2125 1365 2201 Δάαι,

128 2224 185 2303 peti
205 2221 269 2299 [titt
289 2219 362 2290 Dei;
390 2216 506 2287 disant,
534 2217 605 2295 quid
627 2218 666 2279 de
687 2237 740 2291 eo,
770 2219 821 2297 qui
843 2219 874 2281 in
896 2222 992 2285 forma
1013 2223 1068 2284 nei
1089 2235 1153 2286 erat
1174 2234 1205 2287 et
1226 2226 1277 2306 qui
1299 2228 1364 2289 lor·

127 2339 210 2383 mum
232 2321 311 2382 semi
334 2317 462 2398 aceepit,
492 2318 677 2391 existiment,
706 2327 757 2383 aut
785 2320 936 2399 quomodo
958 2323 1047 2386 illud:
1078 2324 1117 2389 Bt
1143 2325 1270 2389 Versum
1292 2345 1365 2391 earo

127 2427 249 2504 fartum
269 2432 364 2488 estet
386 2421 535 2483 leliteeit
556 2424 589 2482 ist
610 2423 713 2494 nolti,
735 2420 903 2501 intelligant
929 2424 993 2502 (qui
1015 2424 1095 2487 euim
1117 2424 1205 2488 dixit:
1239 2425 1365 2491 Verte·

127 2543 205 2588 rere
227 2527 345 2605 [uetere
367 2532 429 2594 est,
462 2523 540 2583 idem
574 2523 616 2583 ait
637 2523 735 2601 ipsum
756 2542 812 2602 pro
835 2523 922 2586 nobis
944 2525 1072 2588 animam
1093 2525 1234 2606 posuisse
1254 2536 1364 2606 suam),

125 2647 200 2690 num
223 2628 263 2690 ita
294 2635 328 2688 ut
349 2624 477 2686 Verbum
505 2625 701 2686 mutationem
729 2641 853 2702 pessum
876 2625 957 2687 etin
980 2645 1097 2689 earnem
1121 2628 1363 2693 translormatttnx
1403 2640 1406 2645 ’

129 2731 177 2792 sel
200 2730 315 2790 animae
337 2726 436 2788 simile
457 2728 564 2787 laeurm
588 2725 642 2796 sit,
671 2743 709 2786 an
736 2725 817 2803 quod
839 2725 1042 2804 imaginariam
1065 2727 1196 2808 speeiem
1217 2727 1364 2792 humanae

127 2836 244 2895 lormoe
265 2847 337 2910 prae
359 2848 393 2889 se
414 2830 516 2897 ferret,
546 2835 579 2887 ut
601 2826 650 2886 alii
670 2820 814 2889 haeretici
835 2838 969 2888 errantes
993 2828 1104 2890 dieunt
1148 2828 1207 2891 Sed
1223 2830 1283 2891 hoe
1302 2847 1363 2893 non

127 2932 273 2995 eoneedet
292 2928 472 3008 Apostolus,
503 2927 553 3005 qui
574 2927 686 3005 liquido
709 2926 799 2998 dixit,
822 2927 969 3000 Quisnam
990 2946 1057 2991 oum
1080 2938 1160 2990 esset
1182 2929 1253 3008 quid
1274 2948 1359 2993 aoee-

122 3035 216 3115 perit
261 3030 345 3093 Sicut
367 3030 446 3090 enim
468 3030 564 3090 lorma
579 3028 631 3089 Dei
653 3027 806 3106 plenitudo
828 3026 991 3089 diuinitatis
1008 3027 1095 3090 Verbi
1109 3027 1292 3111 intelligitur,
1315 3044 1361 3091 ste

123 3140 221 3198 ferma
246 3132 324 3194 servi
346 3133 502 3210 humanae,
515 3130 700 3191 substantiae
720 3128 887 3207 intelligens
908 3137 1014 3191 natura
1036 3146 1104 3199 enm
1121 3131 1259 3209 orgsniea
1272 3149 1357 3195 com-

122 3235 276 3317 positione
303 3230 492 3311 agnoeoitur,
519 3240 552 3292 ut
573 3231 620 3291 illa
643 3229 763 3309 quidem
777 3229 915 3293 ‘dictione
936 3242 1005 3292 eret
1025 3228 1154 3318 Verbum
1176 3229 1357 3310 inlelligere-

124 3348 183 3408 tur,
207 3336 255 3396 illa
278 3343 376 3395 autem
399 3335 583 3411 factumest
606 3350 673 3393 earo
698 3349 765 3393 eum
787 3330 885 3392 anima
908 3339 1135 3410 agnosceretur,
1164 3349 1239 3409 quae
1261 3333 1358 3395 forme

122 3438 204 3500 servi
226 3437 332 3497 dicitur
354 3453 388 3495 eo
403 3432 609 3495 intellectualis
625 3431 769 3511 quaedam
784 3431 949 3493 substantia
965 3449 1034 3492 esse
1049 3431 1230 3511 intelligitur.
1262 3431 1356 3516 ttine-

120 3559 180 3620 que
201 3539 235 3601 lit
255 3546 287 3599 ut
307 3537 399 3597 homo
421 3544 556 3596 mortuus
582 3532 720 3595 informis
744 3532 876 3606 dicatur,
899 3541 928 3594 et
949 3532 1062 3602 anima,
1092 3551 1167 3611 quae
1189 3532 1354 3594 indissolu-

121 3642 212 3704 bilem
236 3649 369 3701 naturam
391 3636 491 3706 habet,
514 3653 530 3694 e
554 3653 680 3714 corpore
702 3633 860 3697 resedente
882 3641 962 3694 totus
985 3632 1126 3694 solvatur.
1170 3631 1253 3694 Unde
1274 3631 1354 3693 Pau·

120 3861 215 3911 nullum
235 3859 349 3914 heberet,
379 3869 408 3903 ue
433 3826 510 3902 oratio
535 3860 602 3901 esset
619 3842 711 3900 dreni·
797 3867 817 3901 e.
834 3850 862 3899 ln
881 3849 981 3928 Seguer.
999 3848 1097 3900 Gohler.
1116 3846 1257 3928 elfeleltnp.
1273 3838 1354 3925 ¹23¹*

117 3940 242 3995 γραφος,
261 3939 326 3984 enm,
344 3922 385 3986 qui
403 3929 441 3970 est
459 3921 481 3969 in
501 3919 588 3977 editis,
607 3934 710 3982 quomo·
761 3918 838 3968 deest.
874 3917 924 3968 llos
943 3918 1015 3967 tudem
1033 3907 1131 3974 ἔθηκεν
1148 3907 1216 3981 antip
1234 3927 1321 3980 ημων.

120 3998 258 4057 ducemque
282 4007 309 4041 ex
334 3990 416 4039 letina
443 3988 641 4049 interpretatione
668 4000 709 4036 ex·
795 4018 818 4066 d·
837 4018 937 4078 gemm..
967 4015 1066 4067 eomer·
1094 4022 1118 4064 ,ι
1143 4015 1248 4070 ΝΜ,
1269 4013 1292 4063 ι,
1319 4004 1352 4062 ,ἦ

119 4063 219 4129 pressit.
254 4060 304 4109 Noe
322 4060 421 4119 Seguer.
441 4055 575 4118 sequimur,
587 4055 631 4130 ¹eni
650 4069 710 4132 eon:
761 4079 942 4151 “millim-

119 4137 209 4180 sonant
227 4127 325 4179 Gobler.
343 4135 368 4173 et
386 4124 490 4173 Feleltm.
503 4122 525 4171 l.
544 4135 638 4170 emisso
662 4133 711 4169 tou

120 4193 256 4316 {liiii
268 4187 711 4324 tilttlsltltll‘tttitff
761 4186 871 4332 miti·
889 4181 1352 4362 illss⁸slsslli⁰llitaff⁴l'fi{

120 4337 217 4404 pliciter
234 4325 320 4409 ltiyet·¹
328 4320 398 4376 κατὰ
411 4318 606 4389 munemne.
762 4312 1003 4398 ωοαυι“1.ἱχουσης
1019 4307 1349 4435 eunomiumsedlsurdpgo.

155 4405 179 4453 b.
198 4403 233 4451 lte
252 4399 343 4460 legite.
362 4397 461 4456 Seguer.
480 4389 712 4443 (lellenstl‘elel-
762 4399 812 4448 unc
828 4401 879 4447 την
894 4398 1019 4453 propper.
1096 4399 1158 4434 xtn
1213 4399 1260 4447 ge

121 4472 205 4524 menni
226 4471 248 4520 l.
283 4467 345 4516 Editi
363 4472 388 4513 et
405 4453 582 4525 eliideflo'rre
602 4451 710 4509 dorileu.
762 4457 824 4509 bler.
842 4455 989 4507 etitleltm.
1006 4453 1028 4502 l.
1046 4443 1101 4501 dut
1119 4452 1196 4507 deest.
1275 4534 1278 4539 Ι
1337 4528 1342 4539 Ι
