2948 5092
536 232 680 276 mierum
695 233 732 275 ιν.
749 235 785 275 nn
802 233 999 278 ammoneo.
1300 222 1364 283 'iffi

139 387 172 447 id
198 385 275 447 onim
299 394 345 445 est
367 403 498 464 pugnare
519 384 662 445 adversus
684 383 881 463 Apostolicem
903 384 1152 458 admonitionem
1181 387 1240 448 sed'
1256 377 1453 466 potius,r.·.or.

137 496 176 547 ut
200 487 349 566 praecepit
370 487 445 564 ipse,
469 486 626 546 consulere
648 506 701 565 par
723 494 777 548 est

232 594 260 653 7.
305 589 384 649 Haec
406 588 465 648 sint
487 588 523 649 ad
545 598 675 649 vestram
697 589 904 650 confutandam
927 588 1190 668 stultiloquentiam
1206 591 1290 652 satis.
1326 591 1370 652 Ne

139 691 270 771 emplius
293 690 422 751 illudatis
446 689 556 751 deitati.
600 689 795 751 illudentibus
811 689 889 750 enim
905 709 971 751 mos
995 699 1041 752 cst
1063 711 1097 751 ea
1118 692 1274 766 sciscitari,
1297 713 1371 771 quae

139 795 254 874 scripta
276 812 337 853 non
366 801 451 864 sunt,
481 793 650 853 aedicere:
683 791 800 870 Ergone
828 792 905 853 tilius
934 801 981 853 est
1010 792 1137 872 Spiritus
1164 801 1196 854 et
1224 813 1296 855 avus
1324 772 1372 856 est

139 893 257 957 Pater?
300 894 343 955 Ita
372 893 497 955 irrident
524 893 664 973 Episcopi
688 894 848 954 Caesareae
876 903 907 954 et
934 893 1132 972 Scythopolis.
1177 895 1290 957 Smficit
1319 916 1371 958 ros

139 997 282 1068 credere,
312 996 454 1075 Spiritum
477 1016 537 1056 nou
561 1014 629 1056 esse
652 1005 832 1067 creaturam,
862 995 918 1078 sed¹
937 995 1080 1075 Spiritum
1106 1016 1174 1058 esse
1202 998 1256 1058 Dei
1283 1000 1370 1061 etin

137 1099 211 1180 ipso
235 1097 419 1168 Trinitatem,
442 1098 560 1158 Patrem
584 1106 614 1158 ct
627 1096 734 1159 Filium
751 1105 787 1159 et
802 1097 946 1176 Spiritum
971 1107 1114 1160 sanctum.
1156 1099 1259 1179 Neque
1275 1100 1371 1163 Patris

139 1200 266 1262 nomine
288 1199 379 1260 Filius
401 1199 551 1260 vocandus
575 1207 631 1270 est
655 1217 752 1278 neque
773 1199 842 1260 licet
864 1199 963 1260 dicere
978 1200 1121 1280 Spiritum
1145 1210 1278 1263 sanctum
1301 1222 1370 1264 esee

141 1303 240 1382 ipsum
262 1301 385 1374 Filium,
420 1320 516 1381 neque
538 1300 643 1362 Filium
672 1319 740 1363 esse
767 1301 865 1381 ipsum
888 1302 1030 1382 Spiritum
1060 1313 1203 1364 sanctum.
1249 1304 1307 1364 Sed
1330 1304 1370 1365 ita

141 1424 176 1467 se
199 1423 249 1465 res
271 1404 360 1463 hatret
382 1403 629 1482 quemadmodum
653 1403 762 1464 dictum
786 1413 845 1476 est,
876 1413 906 1464 et
928 1423 985 1465 una
1015 1413 1060 1465 est
1087 1405 1118 1465 in
1150 1406 1204 1466 huc
1227 1405 1371 1466 Trinitate

138 1506 297 1578 diviuitas,
327 1517 356 1566 et
378 1523 435 1565 una
458 1505 531 1565 fides
556 1514 586 1565 et
606 1523 698 1566 unum
719 1504 872 1584 Baptismu·
891 1514 952 1580 est,
986 1507 1066 1585 quod
1087 1506 1117 1567 in
1140 1507 1312 1580 illudatur,
1341 1515 1372 1568 et

136 1607 270 1669 initiatio
293 1625 350 1666 una
373 1606 403 1666 iu
426 1606 544 1667 Christo
567 1605 635 1666 lesu
658 1606 784 1668 Domino
807 1616 930 1681 nostro,
960 1627 1013 1686 per
1042 1627 1130 1687 quem
1159 1618 1189 1670 et
1216 1629 1281 1672 cum
1310 1628 1369 1689 quo

135 1710 222 1771 Patri
245 1709 338 1788 gioria
360 1718 390 1768 et
412 1709 569 1788 imperium
592 1726 658 1769 cum
679 1717 781 1770 sancto
805 1709 917 1789 Spiritu
948 1709 978 1770 in
1001 1711 1100 1794 omnia
1123 1711 1241 1772 saecula
1264 1730 1369 1773 saecu-

135 1810 250 1873 lorum.
295 1811 397 1870 Amen.

227 2015 256 2076 8.
302 2012 342 2073 ite
366 2032 424 2091 quo
448 2021 546 2073 autem
568 2012 712 2092 scripsisti
735 2012 807 2074 mihi
830 2013 1005 2092 Euangeliou
1028 2013 1119 2086 dicto,
1145 2015 1260 2076 veniam
1282 2014 1368 2091 liobe,

120 2115 263 2187 ·diiecte,
292 2115 387 2194 probo
416 2116 539 2176 affectus
561 2115 671 2175 animo.
712 2114 828 2176 Vereor
850 2116 929 2175 enim
951 2115 980 2175 id
1004 2116 1047 2176 vel
1071 2115 1387 2196 ullatenus.oggrodi„

134 2237 177 2280 ne
195 2218 220 2278 si
237 2218 267 2277 iu
283 2218 392 2277 dictum
416 2216 487 2278 illud
510 2227 639 2277 mentem
655 2217 740 2295 quasi
755 2216 927 2284 demersere
945 2216 1128 2296 scrutarique
1144 2237 1281 2298 coepero,
1305 2238 1367 2283 non

106 2307 252 2382 ‘valeam
279 2320 460 2399 protundum
489 2319 553 2380 eius
584 2319 764 2380 intellectum
787 2318 951 2378 exhaurire.
997 2318 1107 2380 Tacere
1137 2319 1225 2398 igitur
1252 2321 1289 2381 de
1309 2320 1367 2382 atto

99 2485 108 2501 Ι
136 2422 264 2483 omnino
287 2431 458 2488 statueram.
482 2421 529 2481 his
551 2420 703 2500 prioribus
726 2430 883 2482 contentus
906 2420 1035 2498 scriptis.
1079 2421 1116 2481 m
1131 2421 1295 2482 veritusne
1310 2422 1367 2483 ite-

121 2540 206 2587 ²rum
229 2524 283 2584 hac
304 2524 341 2584 de
363 2542 395 2584 re
418 2523 548 2584 scribere
571 2524 744 2596 contendas,
768 2523 825 2583 rim
840 2521 912 2583 mihi
928 2521 993 2602 ipse
1008 2521 1104 2594 intuli,
1128 2530 1161 2582 ut
1182 2522 1227 2583 rel
1248 2523 1452 2593 medio-m

136 2623 331 2705 cremonam
355 2625 392 2686 de
415 2624 463 2685 illo
493 2625 579 2686 didici
609 2624 786 2686 sententiam
809 2623 1044 2714 perscrinerem3
1074 2623 1152 2702 quod
1175 2640 1310 2703 sperem,
1330 2625 1367 2686 *ei

136 2747 265 2808 scopum
288 2728 476 2806 attingemus,
500 2728 634 2788 docentis
657 2727 837 2805 gratiorem
861 2725 913 2786 tibi
936 2725 1090 2804 probatam
1112 2727 1187 2797 iore,
1209 2724 1257 2786 sin
1279 2725 1367 2786 aher-

121 2847 255 2900 ·remus,
285 2848 345 2890 non
369 2830 621 2909 reprehensorum
650 2840 694 2901 te,
724 2830 772 2891 cui
801 2847 867 2890 cum
895 2829 1017 2891 affectus
1046 2836 1151 2889 noster
1180 2837 1368 2889 tumnostra

125 2931 295 2994 ’infirmitas
319 2951 380 2992 non
403 2933 502 3010 ignota
525 2943 581 2992 est.
626 2932 741 2992 Dictum
755 2931 854 3010 igitur
870 2930 1022 2992 eiusmodi
1045 2940 1101 2991 est.
1145 2929 1218 2990 Cum
1240 2936 1368 3009 posttet

121 3034 224 3112 -signa
246 3034 276 3093 in
301 3033 457 3111 Evangelio
481 3043 596 3094 narrata
619 3033 693 3094 haec
707 3033 865 3094 {Pharisaei
887 3033 1095 3110 lorprerentur:
1127 3029 1183 3093 Hr'c
1205 3051 1267 3094 non
1289 3034 1367 3092 er'e'eit

135 3137 296 3198 doemonia
323 3140 386 3196 eriri
410 3140 442 3195 ἑο
465 3133 626 3196 Beelzebol
651 3139 790 3215 principe
818 3136 1064 3208 dementiorem,
1092 3133 1367 3194 numeratorum

120 3241 334 3316 -coyr'totr'ones
359 3256 464 3298 eorum
487 3238 564 3296 dr'ur't
587 3239 644 3296 er'e:
679 3235 780 3324 Omne*
794 3253 920 3314 reprom
941 3235 1071 3319 diuisum
1094 3243 1256 3296 conterre
1278 3235 1366 3295 orer-

134 3383 166 3438 tr
182 3386 225 3452 'rep
241 3385 376 3454 μέλλοντι,
397 3391 436 3452 qui
455 3389 538 3438 titulos
551 3389 635 3436 iisdem
648 3390 727 3438 verbis
778 3397 834 3451 post
853 3389 909 3437 edit.
921 3381 1085 3452 Commetpri
1099 3381 1150 3435 καὶ
1167 3377 1289 3441 ἐνδύνος,
1310 3380 1366 3459 e‘ffrt·

117 3457 240 3507 ‘habetur
265 3459 288 3505 in
313 3456 384 3506 ursit.
410 3466 432 3505 et
450 3457 538 3516 tngtic.
581 3456 679 3506 Gobter.
704 3465 727 3506 et
779 3459 854 3506 Paris.
873 3449 911 3521 μὴ
929 3448 1058 3510 todonae,
1087 3456 1143 3517 tter.
1169 3463 1193 3504 et
1210 3455 1309 3518 Seguer.
1326 3467 1365 3520 prr

134 3525 241 3574 Fetckm.
264 3527 346 3584 tsic
373 3526 401 3572 ml
427 3526 523 3572 modum
549 3525 610 3572 tituti
639 3525 727 3574 habeut
776 3519 823 3572 καὶ
841 3517 930 3576 δύνεις.
966 3525 1036 3575 Gohl.
1061 3533 1083 3573 et
1103 3517 1301 3588 Fetckm.l.po'1
1321 3516 1367 3572 ‹trt-
1452 3570 1454 3575 .

126 3585 206 3657 ’πρὸς
224 3586 273 3638 τὸν
291 3586 555 3658 αὐτὸνΣεραπίωνα.
583 3591 725 3642 inFeirkm.
777 3606 833 3646 νας.
863 3591 930 3642 ¹ibid.
951 3593 1006 3654 Reg.
1026 3600 1048 3640 et
1066 3583 1272 3653 segnensottr'tr
1289 3582 1366 3640 αὐτοί.

123 3660 159 3710 ’2.
181 3661 239 3708 nihil
258 3676 302 3724 pro
322 3661 511 3710 titulouobetur.
548 3661 725 3719 Regiusantem
777 3664 869 3721 itidem
888 3661 985 3711 Gobter.
1004 3659 1182 3709 et'·Fetotrm.l.
1200 3658 1239 3723 τῷ
1256 3655 1363 3722 λογικῷ.

133 3731 166 3779 ed
202 3730 332 3790 marginem
362 3729 432 3776 nubet
459 3721 526 3791 Περὶ
552 3717 726 3791 εὐαγγελικοῦ
779 3731 830 3779 tior
855 3729 912 3788 neg.
937 3737 960 3777 et
979 3730 1078 3789 Segoer.
1097 3721 1148 3785 τὴν
1166 3720 1195 3775 ἐν
1213 3717 1287 3790 αὐτῷ
1306 3719 1366 3774 διά·

134 3792 230 3875 ῥιῑτοῦ.
267 3798 365 3858 Seguer.
391 3797 419 3843 ad
445 3798 577 3854 marginem
603 3797 658 3844 item
677 3790 726 3842 rori
778 3809 858 3844 νοιαν
876 3787 1027 3843 definiret.
1066 3794 1205 3845 Gentem-et
1224 3792 1365 3843 Peirkrnfl.

134 3862 223 3912 αυτοῦ
232 3858 294 3927 περὶ
306 3863 353 3911 τοῦ
363 3855 536 3926 εὐαγγελικοῦ
553 3858 645 3925 ῥητοῦ,
666 3855 727 3922 ἤτοι
777 3859 828 3923 τὴν
846 3858 932 3927 ἑαυτῷ
950 3856 1076 3910 διάνοιαν
1094 3853 1244 3909 dretturer.

133 3931 185 3991 τῆς
201 3924 239 3984 εἰς
256 3926 286 3978 τὸ
298 3931 404 3996 πνεῦμα
414 3925 444 3978 τὸ
455 3922 535 3994 ἅγιον
543 3926 724 3996 (Itos-repplet.
805 3948 831 3993 p.
854 3933 908 3992 iter.
928 3940 952 3980 et
970 3936 1069 3993 sepner.
1088 3923 1196 3981 τούτοις
1211 3926 1276 3981 τοῖς.
1316 3930 1365 3978 Go-

134 4003 213 4051 Porro
234 4003 292 4049 haec
310 4002 429 4048 subtexuit
447 3999 599 4055 Athamasiue,
620 4002 725 4048 utSeru-
778 4001 839 4049 bier.
858 3993 970 4051 τούτους
987 3999 1051 4050 τοῖς.
1089 3997 1114 4046 in
1128 3998 1197 4046 editis
1208 3995 1265 4048 τοῖς
1276 3996 1363 4044 solum.

132 4069 203 4134 pioni
223 4083 315 4117 rnorem
333 4076 442 4129 gereret,
467 4070 506 4131 qui
527 4067 676 4130 postularat,
701 4075 727 4116 nt
813 4071 835 4116 tr.
855 4069 878 4116 in
898 4068 954 4128 fleg.
974 4077 997 4114 et
1014 4071 1113 4127 sepner.
1130 4059 1233 4130 μαθών
1249 4064 1324 4112 deest.

134 4138 226 4187 dictum
255 4137 314 4185 ittud
335 4137 515 4198 Evangelii-nm,
541 4150 589 4198 quo
609 4136 728 4184 clauserrt
813 4139 827 4185 i.
854 4137 894 4185 Sic
912 4137 967 4196 Rrg.
987 4146 1010 4183 et
1030 4138 1128 4194 Seguer.
1157 4134 1226 4182 'uuirt
1244 4132 1364 4180 veremui-

119 4205 271 4268 ·Epistoiem
283 4205 386 4254 Tertium
407 4205 435 4253 od
455 4205 624 4266 rescriptam,
644 4203 727 4266 expia·
777 4219 824 4253 nas
842 4212 907 4253 recte
926 4198 1075 4267 ρᾳθυμίαν.

134 4281 207 4324 neret
224 4274 277 4322 sibi.
813 4273 834 4320 k.
854 4272 950 4322 Gobier.
975 4280 999 4319 et
1022 4268 1166 4318 Fctckmsi.
1188 4259 1204 4313 ri
1227 4261 1257 4315 δὲ
1273 4260 1365 4333 κόρης

173 4341 189 4389 i.
208 4342 247 4391 Sic
266 4341 322 4389 edit.
341 4341 458 4389 Commrt.
478 4338 726 4406 Reg.Seguer.Besit.
778 4327 868 4388 εἶπεν·
892 4337 968 4386 πᾶσα
992 4331 1115 4400 βασιλείᾳ
1137 4328 1364 4403 μερισῧείσοιεηὶ

129 4409 229 4471 'Anglic
254 4418 276 4458 et
301 4409 405 4457 Frictrm.
424 4408 447 4456 2.
484 4408 544 4457 Edit.
572 4421 627 4455 vero
652 4406 726 4455 Paris.
778 4401 898 4467 τὰ-ἕξῆς·
924 4399 970 4454 διὰ
997 4404 1077 4452 moso
1095 4400 1164 4469 λέγω
1182 4397 1363 4470 ὑμίν-οαιίοοίο

134 4478 276 4530 Gobterian.
296 4487 320 4526 et
338 4477 442 4527 Felrtrm.
457 4477 477 4525 t.
495 4470 615 4526 δέδοικα.
652 4474 726 4524 Pauio
775 4476 936 4527 intermediis.
