2948 5092
119 205 161 268 24
184 254 187 261 ,
267 200 273 211 “
518 220 544 263 s.
560 219 719 264 εταενεειι
734 218 957 263 mmmmm
1050 236 1055 247 =

32 366 189 436 τευ-ἐστί
216 365 394 452 γνώρισμα.
441 367 510 433 ἔστι
532 366 608 452 γάρ,
632 362 678 445 ώς
700 366 733 432 οί
755 372 895 452 πατέρες
916 365 1208 452 παραδεδώκασιν,
1238 365 1345 448 δντως

108 468 323 560 διδασκαλία,
345 471 400 534 καί
422 467 629 535 διδασκάλων
651 463 787 554 ἀληθῶς
808 470 906 534 τοῦτο
928 466 1110 555 τεκμήριον,
1132 466 1173 534 τό
1193 467 1239 536 τὰ
1259 463 1346 536 αύτά

117 567 272 658 ἀλλήλοις
299 565 471 655 ὁμολογεῖν
498 571 552 635 καί
579 567 623 654 μὴ
648 563 870 656 ἀμφισβητεῖν
891 568 1079 657 μήτεπρὸς
1100 568 1352 659 έαυτοόςμήτε.

116 673 202 759 πρὸς
233 670 311 750 τούς
345 671 469 738 ἑαυτῶν
501 676 655 754 πατέρας.
701 670 734 736 οἱ
761 668 823 754 γάρ
850 669 895 756 μή
922 673 1039 737 τοῦτον
1061 671 1265 755 διακείμενοι
1285 671 1345 739 τόν

115 774 242 862 τρόπον
263 775 429 859 μοχθηροί
450 773 576 856 μᾶλλον
598 774 652 837 καί
676 766 733 837 οὐκ
748 767 888 857 ἀληθείς
902 765 1342 841 ’ἀνκαλοῖντσδιδάσκαλσι

107 871 258 964 Ἓλληνες
278 877 356 959 γοῦν
379 867 437 957 οόχ
459 868 694 959 ὁμολογοῦντες
714 870 757 938 τὰ
779 868 872 952 αύτά,
895 867 980 939 ἀλλὰ
999 875 1055 939 καί
1076 871 1163 959 πρὸς
1179 869 1345 962 ἀλλήλους

117 977 410 1066 ἀμφισβητοῦντες,
435 969 493 1041 ούκ
515 969 625 1061 ἀληθῆ
647 971 705 1058 τήν
727 973 944 1040 διδασκαλίαν
965 974 1112 1056 ἔχουσιν·
1134 975 1168 1042 σί
1190 976 1228 1042 δέ
1250 973 1357 1062 ἅγιοι

115 1083 170 1148 καί
192 1082 238 1166 τῷ
262 1075 334 1144 όντι
355 1079 413 1165 τῆς
436 1072 597 1163 ἀληθείας
618 1073 750 1161 κήρυκες
772 1069 927 1162 ἀλλήλοις
940 1099 977 1142 τε
999 1079 1218 1162 συμφωνοῦσι
1231 1081 1286 1144 καὶ
1304 1072 1341 1143 ού

116 1183 333 1270 διαφέρονται
354 1177 440 1265 πρὸς
462 1175 606 1254 ἑαυτούς.
653 1175 682 1242 εἰ
703 1174 763 1262 γὰρ
785 1179 839 1242 καί
862 1175 1039 1263 διαφόροις
1057 1175 1190 1262 χρόνοις
1207 1177 1344 1264 γεγόνα-

116 1307 179 1363 σιν,
203 1275 272 1348 ἀλλ’
298 1279 345 1359 είς
366 1274 485 1345 ταύτὸν
508 1273 663 1365 ἀλλήλοις
685 1273 841 1363 ὁρμῶσιν,
866 1276 938 1357 ἑνὸς
961 1276 1053 1357 ὄντες
1073 1280 1133 1344 τοῦ
1154 1283 1240 1345 θεοῦ
1257 1304 1344 1366 προ-

116 1386 219 1470 φήται
241 1383 295 1448 καί
316 1380 374 1447 τὸν
396 1376 496 1447 αύτόν
518 1379 705 1468 συμφώνως
727 1373 1006 1464 εὐαγγελιζόμενοι
1027 1377 1133 1465 λόγον.

201 1492 230 1551 5.
266 1481 313 1548 “A
340 1485 417 1567 γοῦν
440 1484 571 1567 Μωσῆς
600 1480 765 1559 ἐδίδασκε,
796 1474 893 1545 ταῦθ’
916 1477 1068 1567 Ἀβραάμ
1097 1477 1343 1567 ίφύλατσεν·ἃ

115 1587 152 1652 δέ
170 1580 323 1670 Ἁβραάμ
351 1582 526 1670 έφύλαττε,
555 1584 660 1647 ταῦτα
682 1585 760 1647 Νῶε
787 1583 841 1646 καὶ
860 1575 958 1663 Ἑνώχ
979 1577 1169 1666 ἐγίνωσκον,
1193 1582 1344 1669 1ίδτακρί·

115 1709 226 1764 νοντες
257 1683 392 1770 καθαρὰ
418 1684 472 1749 καὶ
501 1678 676 1769 ἀκάθαρτα
704 1685 757 1749 καί
788 1677 959 1767 εὐάρεστοι
985 1681 1153 1767 γινόμενοι
1180 1687 1229 1769 τῷ
1257 1686 1341 1772 θεῷ.

4 1804 7 1812 “
29 1790 170 1855 amna)
200 1785 261 1873 γὰρ
283 1787 336 1852 καί
352 1781 456 1869 ’Ἀβελ
477 1781 582 1862 ούτως
605 1784 839 1870 ἐμαρτύρησεν,
870 1782 1089 1868 ἐπιστάμενος
1109 1785 1234 1865 ταῦτα,
1255 1782 1343 1872 άπερ

114 1878 153 1976 ἦν
175 1886 297 1973 μαθῶν
325 1884 439 1972 οπαρόν
466 1887 526 1950 τοῦ
545 1881 668 1969 Ἀδάμ,
697 1888 757 1951 τοῦ
780 1888 832 1951 καὶ
856 1879 956 1952 αὐτοῦ
978 1884 1149 1969 μαθόντος
1170 1885 1266 1972 παρὰ
1286 1912 1343 1954 κυ-

113 1997 203 2077 ρίου,
234 1987 270 2068 ὃς
295 1991 349 2055 καί
380 1986 436 2054 ἐπὶ
466 1987 635 2071 συντελείᾳ
657 1988 723 2051 τῶν
746 1985 875 2052 αίώνων
898 1984 1008 2052 ἐλθών
1030 1985 1078 2065 είς
1100 1983 1263 2074 ἀθέτησιν
1283 1990 1344 2076 τῆς

114 2087 278 2177 ἁμαρτίας
309 2089 452 2174 ἔλεγεν·ιι
482 2082 540 2153 ούκ
562 2086 695 2172 ἐντολὴν
717 2087 829 2175 καινήν
852 2087 975 2172 δίδωμι
996 2083 1088 2172 ύμῖν,
1112 2081 1181 2154 ἀλλ’
1207 2088 1343 2177 ἐντολήν

113 2191 281 2271 παλαιάν,
312 2189 351 2277 ἢν
373 2184 533 2275 ἠκούσατε
556 2183 613 2254 ἀπ’
639 2182 737 2275 ἀρχῆς
747 2193 775 2266 ¹).
822 2186 878 2255 διὰ
899 2192 1070 2255 τοῦτοκαὶ
1094 2184 1112 2254 ὃ
1135 2183 1213 2274 παρ’
1239 2185 1341 2258 αὐτοῦ

112 2289 235 2376 μαθών
258 2287 276 2355 ό
297 2290 459 2376 μακάριος
481 2284 670 2367 ἀπόστολος
684 2291 828 2368 Παῦλος,
851 2289 973 2374 τὰμὲν
996 2289 1247 2375 ἐκκλησιαστικὸν
1270 2292 1343 2358 δια·

113 2395 237 2472 τυπῶν,
262 2385 339 2457 ούδέ
361 2390 532 2468 διακόνους
554 2387 717 2477 ἠθέλησεν
739 2385 824 2457 εἶναι
839 2391 1029 2477 διλόγουςἿ,
1053 2389 1187 2479 ’μήτιγε
1202 2391 1343 2459 ἐπισκό-

113 2514 215 2572 πους·
238 2502 310 2570 τοῖς
332 2493 368 2559 δὲ
383 2492 550 2570 Γαλάταις
573 2490 795 2577 ἐπιπλήττειν,
819 2487 1014 2580 ἀπεφήνατο
1030 2486 1106 2558 καθ’
1124 2488 1204 2559 ὅλου
1219 2494 1342 2579 λέγων·

113 2595 218 2674 εἴτις
239 2590 324 2679 ὑμᾶς
346 2588 584 2680 εύαγγελίζεται
605 2588 683 2678 παρ’
709 2591 727 2657 ὃ
749 2593 961 2679 παρελάβετε,
986 2588 1141 2676 ἀνάθεμα
1163 2593 1259 2673 ἔστιν,
1283 2620 1343 2662 κα-

112 2693 187 2775 θῶς
208 2703 389 2817 προείρηκα
411 2698 464 2762 καί
486 2692 589 2760 πάλιν
612 2695 711 2780 λέγω·
735 2689 893 2761 ἀλλὰκαὶ
917 2693 973 2761 ἐὰν
995 2689 1090 2778 ἡμεῖς
1111 2687 1133 2781 ἢ
1154 2691 1293 2780 ἀηγελυς
1308 2694 1344 2776 έξ

113 2791 253 2918 ούρανοῦ
277 2791 425 2884 εύαγγελί
425 2820 524 2884 σηται
545 2791 630 2879 ὑμᾶς
651 2791 729 2882 παρ’
755 2794 773 2861 ὃ
796 2794 1009 2881 παρελάβετε,
1034 2788 1230 2878 ἀνάθεμα’
1212 2799 1341 2876 εστωἿ.

111 2901 170 2964 τοῦ
192 2904 302 2964 τοίνυν
325 2893 517 2964 ἀποστόλου
539 2900 643 2962 ταῦτα
665 2891 869 2982 λέγοντος,
848 2923 867 2982 η
889 2899 944 2963 καί
967 2920 1061 2963 ουτοι
1080 2894 1158 2974 τοὺς
1180 2899 1260 2982 περί
1275 2892 1342 2964 Eb-

112 3004 224 3082 σέβων
252 3000 557 3083 μεταβαλλομένους
582 3000 636 3064 καί
659 2999 813 3115 λέγοντας
835 2998 961 3119 ἕτερα
952 2996 1045 3085 παρὰ
1066 2995 1108 3063 τὰ
1129 2992 1341 3085 ἀπέγραψαν,

112 3092 268 3182 ἀνάθεμα
289 3104 509 3164 ποιείτωσαν
531 3092 553 3184 ἢ
575 3097 604 3164 εἰ
625 3097 841 3184 γινώσκουσιν
864 3093 982 3178 αύτούς
996 3100 1104 3177 καλῶς
1118 3093 1344 3186 ὑπογράψαν-

9 3274 12 3279 ,
111 3223 184 3278 τας,
213 3197 257 3284 μή
286 3198 529 3299 γογγυζέτωσαν
551 3198 634 3265 κατὰ
655 3202 713 3284 τῆς
734 3199 928 3288 τηλικαύτης
950 3200 1107 3268 συνόδου.
1144 3199 1175 3266 εί
1198 3200 1235 3266 δὲ
1257 3200 1344 3287 μήτε

109 3302 209 3366 τοῦτο
230 3299 313 3384 μήτε
335 3299 439 3367 ἐκεῖνο
461 3302 610 3381 ποιοῦσι,
634 3301 730 3386 δήλοί
716 3301 818 3368 ίείσι
838 3304 892 3369 καί
915 3296 1010 3368 αύτοί
1031 3303 1135 3367 παντὶ
1157 3296 1269 3388 ἀνέμῳ
1285 3305 1353 3383 καί.

109 3399 252 3467 κλύδωνι
272 3400 541 3489 περιφερόμενοι
564 3404 618 3468 καί
639 3400 684 3525 μή
706 3412 781 3481 ταῖς
804 3402 905 3482 ίδίαις
927 3398 1011 3470 ἀλλὰ
1032 3397 1225 3487 ἀλλοτρίαις
1246 3401 1345 3471 έλκό·

109 3525 206 3585 μενοι
232 3500 387 3587 γνώμαις.
431 3503 581 3569 τοιοῦτον
603 3499 682 3571 W
662 3526 768 3584 οντες,
793 3497 929 3570 οόδὲ
891 3530 948 3571 νυν
969 3501 1126 3580 τοιαύτας
1148 3504 1344 3589 προβαλλό-

109 3625 205 3686 μενοι
226 3602 416 3690 προφάσεις
438 3599 633 3684 ἀξιόπιστοί
619 3602 754 3671 ίείσιν·
789 3600 873 3670 ἀλλὰ
893 3606 948 3671 καί
970 3608 1200 3671 παυέσθωσαν
1221 3604 1343 3673 αἰτιώ-

108 3726 205 3785 μενοι
232 3701 320 3789 ἀμή
343 3705 558 3791 γινώσκουσι·
589 3704 673 3788 τάχα
695 3706 731 3772 δὲ
754 3701 830 3773 ούδέ
850 3706 1027 3792 διακρίνειν
1050 3704 1191 3785 εἰδότες,
1220 3701 1344 3786 ἁπλῶς

75 3886 79 3893 Ι
108 3803 148 3868 τό
167 3805 229 3888 μέν
212 3805 396 3926 νπονηρὸν
418 3807 551 3892 λέγουσι
572 3805 681 3886 καλόν,
704 3829 744 3872 το
730 3805 796 3874 δέ
810 3806 910 3875 καλὸν
924 3804 1080 3894 πονηρόν,
1096 3809 1151 3874 καί
1166 3807 1346 3892 νομίζουσι

108 3902 229 3988 τὸμὲν
251 3905 371 3992 πικρόν
394 3900 480 3974 εἶναι
500 3908 612 3993 γλυκύ,
635 3906 674 3973 τό
697 3907 852 4003 δέγλυκύ
874 3907 1031 3995 πικρόν).
1077 3901 1250 3992 ἀμέλει
1213 3934 1258 3975 τα
1279 3910 1344 4001 Q

107 4010 267 4092 κραθέντα
287 4032 370 4074 κακα
356 4006 438 4074 καί
454 3989 773 4093 ἀποδοκιμασθέντα
785 4019 917 4095 κρατεῖν
933 4007 1099 4089 ἐθέλουσι,
1121 4034 1164 4075 τα
1150 4007 1216 4076 δὲ
1230 4002 1345 4090 καλῶς

178 4177 416 4240 1)ί..,.ίσνσ2“ί
487 4179 722 4243 2)ί.’ίίοε.3,.8
793 4179 1061 4243 3)ssa¹.‚..·198
1088 4180 1295 4243 4)Esa.,52⁰.

142 4309 164 4346 ε.
182 4295 223 4346 Sic
240 4297 296 4359 Res.
332 4296 361 4345 λι
384 4297 441 4347 editi
465 4305 489 4348 ει
511 4297 553 4353 «lii
571 4292 606 4347 ἄν
623 4299 695 4350 omit·
783 4314 803 4348 ε.
822 4299 857 4348 lta
884 4297 923 4351 Ιεῑε
953 4307 977 4349 et
1001 4313 1057 4351 mox
1083 4299 1156 4362 fleg„
1184 4299 1226 4351 nbi
1248 4274 1292 4353 ιΙίί
1316 4308 1342 4352 τί

107 4369 168 4413 lunt.
749 4361 807 4417 editi
824 4357 889 4413 ἀπό.

140 4428 165 4480 b.
183 4430 240 4494 ίίις.
258 4424 453 4498 διακρίναντες
781 4433 805 4484 δ.
823 4433 889 4484 Haec
905 4448 919 4484 τ
936 4434 1026 4485 Ioanne
1043 4424 1178 4498 scripu‘ss.
1191 4434 1338 4486 Athanasius
