2948 5092
32 219 92 281 110
431 232 867 308 καταπεπτωκότα

4 379 149 447 όοόλσυ
178 379 330 466 Madv),
364 382 419 448 καλ
448 378 612 460 πλούσιος
634 374 680 447 ὢν
703 379 891 465 έπτιόχευσε
912 376 960 449 δι’
983 376 1115 468 ἡμᾶς’),
1151 378 1259 463 οότως

29 479 134 549 όντων
155 477 293 569 ὖψηλῶν
313 479 371 549 καί
391 483 563 550 πλουσίων
583 485 651 550 τῶν
671 484 753 569 περὶ
772 486 832 568 τῆς
844 481 1008 571 θεότητος
1022 478 1125 551 αὖτοῦ
1140 484 1258 572 λόγων,

29 582 96 652 ελσὶ
116 582 173 650 καί
193 583 229 650 αλ
250 585 329 670 περὶ
349 586 408 671 τῆς
429 582 587 670 έυσάρκου
603 591 792 670 παρουσίας
807 579 908 653 αὐτοῦ
922 587 1081 653 ταπεινοὶ
1094 583 1154 653 καί
1166 609 1259 654 πτω-

26 682 85 768 χαί
105 685 234 764 ’λέξεις
279 679 333 751 ότι
354 685 391 752 δέ
413 680 638 772 ἀνθρωπίνως
659 685 788 773 ε’ίρηται
809 688 915 753 ταῦτα
928 687 1006 772 περὶ
1021 689 1082 754 τοῦ
1097 690 1256 776 σωτῆρος,

29 790 167 854 ωιοπεῖν
189 784 342 853 ἐντεῦθεν
364 785 538 873 προςήκει·
562 783 603 852 11ό
623 787 684 870 μέν
705 787 849 875 γεωργὸς
864 788 956 868 ξένος
970 787 1040 855 έστλ
1055 784 1125 855 κατ’
1143 782 1259 857 οὐσίαν

30 889 88 974 τῆς
110 881 334 971 ἀμπέλου,τά
356 888 392 953 δέ
413 886 563 973 κλήματα
585 883 750 973 όμοοόσια
771 892 826 956 καλ
848 891 985 976 συγγενῆ
1006 887 1063 955 καὶ
1084 883 1259 977 ἀδιαίρετα

29 990 89 1073 τῆς
111 981 261 1073 ἀμπέλου
282 986 432 1074 τυγχάνει
455 986 554 1069 ὄντα,
583 991 639 1056 καὶ
660 996 742 1075 μίαν
764 990 832 1074 ἄχει
851 992 905 1057 καί
927 989 987 1077 τήν
1008 983 1111 1077 αάτὴν
1132 996 1258 1077 γένεσιν

28 1087 133 1155 ταῦτά
153 1114 190 1157 τε
210 1092 263 1156 καὶ
286 1085 306 1177 ἡ
329 1088 488 1174 ἄμπελος.
533 1090 605 1157 ἔστι
632 1091 684 1170 δέ,
717 1087 763 1171 ὥς
791 1086 885 1160 εἶπεν
915 1086 934 1158 ό
954 1090 1098 1178 κύριος,
1117 1085 1219 1172 αάτὸς
1239 1087 1258 1178 ἡ

30 1186 193 1272 ἄμπελος,
222 1186 318 1278 ἡμεῖς
344 1190 387 1258 τὰ
415 1190 601 1277 κλήματα’).
647 1190 678 1259 εί
703 1194 765 1278 μέν
787 1183 845 1261 οὖν
867 1188 1046 1277 όμοοόσιός
1069 1191 1161 1261 ἐστιν
1181 1189 1259 1281 ἡμῖν

31 1284 66 1356 ’ό
96 1290 169 1369 υίὸς
189 1294 242 1358 καὶ
265 1290 323 1378 τήν
346 1287 446 1380 αὐτήν
467 1287 547 1378 ἡμῖν
569 1292 635 1375 ἔχει
655 1299 798 1380 γένεσιν,
828 1293 914 1362 έστω
936 1292 1020 1360 κατὰ
1041 1296 1141 1363 τοῦτο
1163 1289 1259 1363 καλό

30 1390 103 1470 υίὸς
124 1386 298 1479 ἀλλότριος
319 1388 387 1459 κατ’
412 1389 528 1461 οόοίαν
550 1396 608 1459 τοῦ
631 1393 770 1480 πατρός,
794 1392 905 1482 ὥςπερ
927 1391 1016 1483 καὶὴ
1033 1392 1187 1481 ἄμπελος
1200 1399 1258 1463 τοῦ

29 1497 194 1579 γεωργοῦ·
229 1493 259 1560 εί
287 1495 322 1561 δὲ
351 1492 451 1574 ἄλλος
472 1494 561 1562 ἐστὶν
585 1490 603 1559 ὁ
625 1495 698 1575 υίὸς
719 1491 798 1582 παρ’
823 1493 843 1563 ό
865 1497 963 1583 ἐσμεν
983 1492 1090 1584 ἡμεῖς,
1112 1492 1260 1585 κάκεῖνος

29 1594 91 1678 μέν
112 1593 209 1681 λόγος
229 1598 288 1661 τοῦ
311 1595 453 1682 πατρός,
484 1592 579 1683 ἡμεῖς
600 1596 637 1663 δὲ
659 1596 695 1664 ἐκ
715 1600 774 1683 γῆς
794 1596 972 1684 γεγόναμεν
993 1601 1049 1666 καί
1071 1602 1132 1665 τοό
1151 1593 1260 1684 Ἀδάμ

30 1693 128 1778 ίσμεν
151 1696 286 1782 ἔκγονοι,
310 1694 369 1765 οάκ
390 1692 520 1786 όφείλει
540 1696 579 1764 τὸ
600 1697 700 1784 ῥητὸν
723 1698 770 1778 εἰς
790 1697 850 1788 τήν
864 1698 1013 1786 θεότητα
1026 1693 1263 1788 ἀναφέρεσθαι

31 1797 108 1862 ’τοῦ
137 1796 251 1884 λόγου,
282 1794 366 1866 ἀλλὰ
394 1788 514 1867 λοιπὸν
544 1799 592 1879 εἰς
612 1798 671 1887 τὴν
693 1793 913 1888 ἀνθρωπίνην
935 1795 1036 1868 αὐτοῦ
1059 1808 1259 1889 παρουσίαν,

31 1895 104 1964 ἐπεὶ
127 1903 182 1966 καί
206 1895 310 1979 οὕτως
332 1903 457 1989 ελρηκεν
479 1896 498 1968 ό
520 1901 647 1990 σωτήρ·
670 1901 751 1987 ’ἐγὼ
771 1898 792 1989 ἡ
815 1900 981 1987 ἄμπελος,
1004 1897 1100 1986 ἡμεῖς
1120 1900 1165 1970 τά
1184 1901 1261 1990 κλή·

30 2024 129 2086 ματα,
154 1997 172 2067 ό
194 2001 304 2090 πατήρ
328 1998 346 2069 ό
367 2001 547 2090 γεωργόςἿ.
591 1998 688 2090 ἡμεῖς
708 2002 769 2091 γὰρ
791 2007 850 2070 τοῦ
872 2010 986 2090 κυρίου
1008 2002 1147 2071 κατὰτὸ
1163 2006 1261 2088 σῶμα

31 2114 196 2187 συγγενεῖς
218 2103 330 2188 ε’σμεν,
353 2106 410 2172 καί
432 2100 531 2184 αὐτὸς
552 2103 610 2171 όιά
631 2108 730 2172 τοῦτο
753 2100 862 2174 εἶπεν·
891 2099 1069 2191 ἀπαγγελῶ
1090 2103 1132 2171 τὸ
1154 2102 1260 2189 ὄνομά

33 2224 93 2269 σου
115 2216 187 2284 τοῖς
209 2199 369 2294 ἀδελφοῖς
389 2231 453 2290 μου
462 2211 494 2287 ⁶).
538 2205 594 2273 καὶ
623 2202 733 2292 ὥςπερ
762 2205 834 2273 ἐστὶ
860 2205 904 2273 τὰ
924 2206 1075 2291 κλήματα
1097 2202 1261 2291 όμοοόσια

30 2307 90 2391 τῆς
118 2302 268 2391 ἀμπέλου
296 2312 350 2374 καὶ
374 2307 409 2388 ἐξ
429 2302 544 2395 αὐτῆς,
576 2303 681 2386 οότως
701 2309 757 2374 καί
778 2302 873 2394 ἡμεῖς
896 2302 1035 2395 ὁμογενῆ
1057 2306 1261 2393 τὰσώματα

33 2407 159 2491 ἔχοντες
186 2413 233 2496 τῷ
257 2408 388 2494 σώματι
409 2413 468 2476 τοῦ
490 2415 602 2494 κυρίου
626 2409 659 2476 ἐκ
681 2412 739 2474 τοῦ
762 2407 985 2495 πληρώματος
1007 2402 1110 2474 αὐτοῦ
1133 2406 1262 2494 λαμβά-

32 2535 139 2594 νομεν,
170 2506 299 2599 κάκεῖνο
322 2509 413 2597 ῥίζαν
437 2511 550 2594 έχομεν
574 2511 621 2589 εἷς
641 2509 699 2598 τήν
723 2505 905 2577 ἀνάστασιν
926 2512 980 2576 καὶ
1003 2508 1062 2594 τήν
1085 2516 1259 2597 σωτηρίαν.

34 2609 52 2680 ό
76 2614 111 2681 δέ
133 2613 243 2702 πατήρ
267 2615 395 2702 εἴρηται
416 2609 435 2679 ό
457 2610 615 2698 γεωργός·
639 2607 738 2690 αὐτὸς
759 2610 820 2697 γάρ
844 2610 1020 2698 εἰργάσατο
1043 2610 1101 2677 διὰ
1123 2613 1183 2676 τοῦ
1207 2610 1262 2675 λό-

31 2739 90 2803 γου
113 2714 170 2803 τήν
193 2713 352 2801 ἄμπελον,
374 2711 463 2804 ’ἡτις
484 2713 553 2780 ἐστὶ
576 2711 615 2778 τό
638 2707 854 2800 ἀνθρώπινον
876 2715 935 2779 τοῦ
952 2715 1109 2800 σωτήρος,
1134 2710 1192 2778 καὶ
1206 2708 1263 2778 αό-

32 2818 90 2896 τὸς
123 2813 170 2885 δι’
196 2812 296 2885 αὐτοῦ
324 2820 384 2884 τοῦ
414 2815 512 2902 λόγου
541 2813 600 2900 τήν
623 2813 670 2894 εἰς
690 2816 865 2900 βασιλείαν
888 2809 968 2879 ὁδὸν
989 2809 1069 2900 ἡμῖν
1090 2809 1261 2902 ἡτοίμασε,

32 2923 88 2987 καὶ
111 2914 220 2998 οὐδεὶς
241 2919 370 3005 ἄρχεται
391 2917 477 3005 πρὸς
498 2915 556 2982 τὸν
578 2915 699 3002 κόριον,
725 2914 819 3000 εἰμὴ
843 2910 862 2980 ό
884 2914 995 3003 πατήρ
1018 2911 1119 2982 αὐτὸν
1135 2916 1264 2984 ἑλκόοει

33 3019 119 3105 πρὸς
142 3014 280 3101 αότόνῦ).

121 3128 169 3186 11.
217 3120 346 3207 Ταότην
369 3122 405 3187 δέ
426 3123 485 3187 τοῦ
507 3121 606 3206 ῥητοῦ
629 3116 688 3206 τήν
703 3117 874 3204 ἑρμηνείαν
891 3117 1030 3200 ἔχοντος,
1048 3112 1170 3206 ἀνάγκη
1186 3123 1263 3206 περὶ

33 3225 93 3309 τής
122 3218 227 3298 οὕτως
256 3223 430 3309 λεγομένης
459 3216 609 3306 ἀμπέλου
631 3218 824 3307 γράφεσθαι
845 3216 969 3285 πιστὸν
991 3215 1072 3285 ἄντα
1092 3222 1141 3307 τῷ
1164 3220 1264 3306 ποιή·

36 3346 132 3390 σαντι
160 3318 303 3403 αάτόνἿ,
333 3321 389 3389 καὶ
416 3322 564 3408 τοσούτῳ
592 3337 606 3374 ⁸
612 3327 766 3408 κρείττων
793 3317 968 3406 γενόμενος
994 3323 1061 3387 τῶν
1091 3314 1264 3407 ἀγγέλων“)

34 3425 91 3493 καὶ
121 3425 160 3491 τὸ
194 3425 357 3502 ἕκτισενλ).
404 3420 459 3490 ὅτε
491 3423 552 3510 γὰρ
581 3423 695 3508 ἐ’λαβεν
725 3418 809 3506 ὅπερ
838 3415 904 3504 εἶχε
931 3432 1159 3508 προςενεγκεῖν
1180 3418 1264 3508 ἀπέρ

34 3523 137 3614 ἡμῶν,
166 3515 206 3615 ἡν
234 3527 270 3593 δὲ
296 3528 395 3592 τοῦτο
423 3524 462 3591 τό
485 3525 519 3591 έκ
540 3530 680 3610 Μαρίας
700 3526 759 3610 τῆς
780 3527 954 3608 παρθένου
977 3526 1089 3606 σῶμα,
1112 3522 1192 3590 τότε
1211 3521 1266 3592 καὶ

36 3629 213 3696 δἐκτίσθαι
234 3627 289 3694 καὶ
311 3631 528 3714 πεποιῆσθαι
548 3629 603 3692 καί
624 3628 823 3713 γεγενῆσθαι
843 3626 922 3711 περὶ
944 3619 1045 3691 αὐτοῦ
1066 3631 1265 3711 γέγραπται·

37 3725 235 3816 ἀνθρώποις
256 3728 317 3815 γάρ
341 3724 541 3815 ἀρμόζουσιν
564 3727 773 3794 αἱτοιαῦται
795 3727 907 3805 λέξεις.
940 3723 1049 3804 ἄλλως
1065 3750 1107 3832 ’τε
1129 3719 1168 3791 οά
1183 3724 1266 3810 μετὰ

107 3919 253 3982 ηειιυῑρρ.
273 3916 382 3976 κεν.
453 3896 479 3978 ε’)
497 3917 520 3968 ε.
532 3917 588 3967 cor.
607 3873 631 3978 ε,
650 3918 674 3967 ε.
746 3915 960 3978 3)10·n.15‚5.
1036 3915 1224 3973 ηιειεειι.
1244 3914 1266 3964 1.

16 3987 64 4114 η
83 3985 198 4114 ηηηηε
213 3983 270 4101 ἡηι.
290 3981 378 4050 ωας,
398 3982 438 4034 23.
508 3984 534 4043 ε)
553 3987 618 4036 σεε.
638 3984 662 4046 ε,
681 3984 722 4034 ιε.
786 3983 903 4046 ηεεει.
922 3983 947 4045 ε,
966 3980 989 4031 ε.
1058 3981 1087 4047 εγ
1105 3983 1179 4032 σιω.
1201 3981 1224 4043 ι,
1241 3982 1266 4032 ι.

71 4205 93 4239 ι.
111 4185 459 4238 Taurin.c01b.1es.e11·'r.1.
479 4202 540 4250 quos
558 4188 627 4250 sequi
679 4178 856 4251 τυγχάνουσι,
875 4179 922 4233 καὶ
937 4186 1013 4251 μίαν.
1047 4184 1100 4233 Mox
1119 4183 1184 4234 ἰόεια
1198 4172 1267 4230 αάτά

36 4258 113 4308 visum
132 4263 169 4304 est
186 4251 273 4310 λέξεις.
310 4254 366 4314 fleg.
386 4262 409 4302 ει
421 4255 477 4303 edili
492 4249 627 4310 διαλέξεις.
681 4267 709 4303 τε
727 4254 781 4303 καί.

73 4326 96 4374 b.
116 4324 159 4373 Hic
186 4324 266 4372 denuo
294 4321 395 4370 resumit
413 4322 492 4371 Felck.
512 4322 536 4371 3.
554 4337 625 4371 anon.
714 4339 735 4372 ε.
754 4315 769 4368 ό
788 4331 843 4372 ante
867 4312 926 4374 οἶός
942 4321 967 4370 in
986 4320 1057 4370 editis
1075 4319 1156 4381 deest,
1180 4317 1225 4368 sed
1242 4316 1266 4365 in

39 4392 79 4456 qui
96 4391 170 4456 paulo
189 4397 246 4456 post
272 4388 307 4438 sic
326 4389 411 4438 babet:
439 4386 487 4448 τῆς·
504 4379 626 4455 ἀμπέλου
679 4403 739 4439 ποτε.
758 4390 815 4452 Reg.
834 4389 932 4439 Τιυείιι.
952 4387 1021 4438 colb.
1050 4396 1074 4437 εῑ
1092 4386 1138 4438 λετ.
1156 4386 1266 4435 habetur.

678 4455 755 4507 Paulo
772 4463 830 4521 post
845 4448 917 4506 κατὰ
933 4453 1015 4505 τοῦτο
1032 4448 1079 4505 καὶ
1096 4445 1120 4504 ὃ.
1154 4452 1196 4503 δία
1208 4451 1272 4514 λος.-
