2934 5078
400 248 568 295 cunum.
582 246 845 295 connumeror.
1161 238 1232 304 m

10 414 42 466 nt
62 405 104 466 ait
123 403 247 466 Patrne:
286 402 405 465 Chrr'rto
432 405 529 481 ipitor
550 419 611 482 pro
637 380 724 464 codic
749 419 845 482 porro
865 405 900 465 aio
921 421 1026 476 oum,
1057 412 1090 466 ut
1111 407 1316 473 scilianum:

10 506 128 586 planum
149 505 236 568 tieret
262 522 424 584 omnesque
451 502 652 576 crederemus,
684 521 752 564 eum
778 503 894 584 ipsam,
927 505 978 584 qui
1005 524 1124 587 semper
1143 507 1224 571 Dona

10 608 77 679 init,
101 615 133 669 et
152 625 224 680 ooo,
246 605 283 669 ad
305 625 380 686 quoa
403 605 543 677 accessit,
572 612 688 667 sanctor
711 603 824 678 edocit,
847 607 1004 686 omniaque
1025 607 1104 671 iurtu
1126 609 1222 673 Patrio
1301 611 1303 621 ¹

10 709 188 772 voluntatem
217 707 418 781 administrat,
451 715 574 787 propter
597 724 655 768 nos
680 705 831 785 hominem
858 716 961 786 postea
989 710 1098 772 tactum
1119 712 1221 785 thiaso,

10 820 107 891 atquo,
128 819 164 873 nt
176 810 307 890 loquitur
319 809 494 890 Apostolus,
512 807 688 871 divinitatem
704 807 898 900 corporaliter
913 811 945 872 in
959 828 1047 874 carno
1062 786 1243 889 nahtam*

10 912 87 992 quod
108 913 189 975 idom
211 920 258 975 cot
278 930 313 974 ao
333 911 361 973 ai
381 911 510 974 diceret:
543 928 606 972 cum
626 909 714 1002 haas·
729 919 825 984 essa,
854 912 1008 992 propriam
1029 913 1133 976 hebuit
1152 934 1223 978 cor·

10 1034 80 1094 pus,
110 1033 170 1095 qno
198 1022 234 1076 nt
257 1014 454 1077 instrumento
482 1020 570 1075 utens
596 1011 685 1074 bomo
712 1022 835 1093 propter
855 1031 914 1076 noo
933 1016 1026 1078 tamus
1049 1026 1103 1081 ost
1145 1017 1224 1080 Hinc

10 1135 80 1196 qnae
104 1114 203 1178 cornia
224 1124 297 1177 sunt
315 1115 445 1196 propria,
468 1115 510 1176 illi
532 1113 736 1188 attribuuntur,
758 1114 826 1194 qnia
846 1133 956 1197 ocmpc
968 1115 999 1178 in
1014 1135 1048 1179 ea
1062 1103 1223 1193 existebat3

10 1220 138 1296 sicergo
154 1217 261 1280 dicitnr
275 1218 402 1290 esurire,
424 1217 519 1290 sitire,
541 1215 611 1297 pati,
632 1215 764 1280 laborare
780 1226 810 1278 et
823 1217 941 1292 aimibo,
963 1237 1039 1298 quac
1053 1220 1089 1282 ad
1104 1238 1222 1283 carnem
1249 1237 1254 1254 ’

10 1321 167 1399 pertinent.
211 1321 249 1381 tt
268 1338 342 1400 quae
364 1319 483 1399 propria
505 1317 593 1379 Verbi
615 1325 695 1380 erent
716 1336 827 1398 opero,
857 1327 891 1381 nt
917 1328 1054 1384 mortuos
1075 1321 1220 1384 advitam

10 1441 155 1495 mrocare,
179 1421 274 1485 caecis
295 1421 390 1503 visum
405 1422 575 1494 restituere,
596 1421 842 1485 haemorroissam
857 1440 974 1496 sanare,
994 1441 1050 1504 per
1069 1424 1221 1504 proprium

10 1523 177 1604 praestabat
199 1543 317 1604 corpas.
360 1524 490 1586 Proinde
511 1522 638 1585 Verbum
665 1522 801 1602 proprias
824 1524 921 1587 carnia
942 1524 1126 1600 infirmitates
1147 1543 1225 1605 por-v

10 1625 94 1700 tabat,
118 1626 187 1705 quia
209 1644 279 1688 caro
300 1640 354 1688 sua
376 1634 449 1698 erat,
473 1634 503 1686 ct
516 1623 647 1687 vicissim
661 1642 729 1685 oaro
742 1624 901 1687 divinitatio
915 1625 1056 1706 operibns
1078 1627 1220 1689 sanandis

10 1726 219 1800 inserviebat..
234 1727 302 1807 quia
329 1726 361 1788 in
388 1727 435 1788 illa
463 1735 541 1799 erat,
574 1725 681 1807 quippe
706 1745 781 1806 quae
807 1725 861 1789 lici
884 1744 993 1807 oorpua
1015 1735 1103 1790 occet.
1146 1729 1222 1810 Apte

10 1837 104 1890 autem
118 1828 266 1908 Propheta
288 1848 361 1890 voce
379 1834 518 1910 portavit
540 1846 612 1890 usus
633 1835 690 1900 est,
711 1846 766 1890 noc
784 1827 870 1890 dixit:
892 1828 1080 1893 inflrudtates
1102 1821 1224 1893 nostros

10 1931 135 2002 maurit,
170 1948 208 1991 ne
237 1938 318 1993 extra
345 1948 454 2009 corpus
476 1947 546 1990 esse
568 1929 695 2008 illudque
718 1929 854 1992 duntaxat
884 1948 1005 2004 carme,
1038 1931 1080 1993 uti
1102 1948 1222 2012 sempor

10 2031 89 2103 iecit,
123 2030 289 2103 rideretur,
321 2039 408 2111 atqua
440 2018 545 2092 iterum
577 2030 713 2092 homines
740 2031 828 2093 morti
857 2031 1003 2119 ohnorips
1031 2033 1220 2113 relinqueret,

10 2133 113 2196 iorum
136 2141 256 2195 nostras
277 2133 463 2194 infirmitates
486 2142 645 2212 onsbaque
665 2141 782 2213 peccata
802 2132 869 2213 ipro
889 2142 1005 2214 portat,
1028 2144 1060 2196 ut
1081 2134 1220 2197 omnibus

10 2235 127 2296 evidens
149 2235 189 2296 sit
212 2243 241 2296 et
261 2235 413 2295 honthrem
434 2243 557 2314 proptor
571 2253 627 2296 nos
643 2253 711 2297 aum
726 2253 791 2296 ease
813 2236 932 2309 iactum,
954 2245 985 2298 et
998 2255 1117 2316 corpus,
1140 2237 1219 2316 quod

10 2335 34 2397 in
54 2336 106 2397 illo
133 2345 236 2398 nostra
258 2345 375 2416 peecata
396 2336 542 2416 portabat,
563 2336 717 2417 proprium
738 2337 832 2416 ipsius
850 2355 928 2399 esee.
972 2338 1051 2400 Nihil
1072 2348 1169 2399 rotem
1191 2337 1220 2399 ei

10 2439 108 2501 nocuit
128 2446 248 2518 peccata
270 2447 371 2500 nostra
393 2457 448 2500 suo
472 2427 596 2518 corpore
617 2439 647 2499 in
670 2437 916 2531 lignumntniisae,
938 2447 971 2502 nt
992 2441 1033 2501 ait
1046 2439 1168 2514 Petrus3
1190 2448 1220 2500 at

10 2558 59 2601 nos
87 2540 227 2602 homines
259 2540 388 2620 propriis
421 2541 624 2602 attentioribus
657 2539 771 2602 liberati
803 2558 905 2602 sumus
936 2550 967 2602 et
993 2539 1080 2602 Verbi
1109 2540 1220 2627 iustitia

10 2641 118 2720 repleti.
869 2704 883 2737 a
912 2660 914 2669 ’
1127 2656 1131 2662 ·

88 2847 140 2908 32.
185 2844 261 2905 Hinc
283 2864 348 2905 eum
371 2864 439 2906 caro
463 2855 621 2924 pateretur,
645 2853 726 2906 extra
748 2863 811 2905 eam
833 2863 894 2905 non
910 2853 972 2905 crat
985 2843 1123 2917 Verbum,
1145 2865 1220 2924 quae

10 2964 89 3008 musa
120 2956 168 3007 est
195 2965 247 3007 cur
276 2947 339 3008 eius
362 2966 430 3009 esse
451 2949 551 3026 passio
574 2947 695 3015 dicatur.
740 2926 811 3007 Cum
834 2945 903 3008 itam
925 2947 989 3025 ipse
1012 2946 1106 3007 Patris
1129 2965 1219 3027 opera

10 3046 100 3110 divine
125 3050 270 3120 efficeret,
294 3061 374 3123 extra
398 3050 495 3128 ipsum
516 3057 661 3119 nouerat
683 3067 762 3121 caro,
785 3048 838 3109 sed
860 3048 890 3109 in
912 3048 979 3128 ipso
1001 3067 1126 3128 corpore
1147 3050 1220 3111 baec

10 3150 149 3211 efficiebat
170 3151 323 3212 Dominus
368 3152 480 3214 idcireo
508 3153 585 3214 enim
613 3152 705 3212 sactus
728 3151 818 3211 homo
839 3150 950 3227 aiebat:
983 3151 1020 3214 Si
1040 3150 1142 3215 Patris
1164 3156 1223 3215 mci

10 3269 99 3332 opero
124 3271 185 3314 nori
207 3253 304 3330 socio,
327 3254 400 3315 mihi
421 3255 541 3318 credere
561 3254 672 3316 notite:
701 3257 750 3315 sin
772 3266 870 3317 autem
890 3253 988 3332 socio,
1012 3258 1041 3314 ei
1059 3253 1132 3314 mihi
1154 3273 1221 3315 cre-

10 3353 73 3415 dere
101 3352 222 3427 nolitia,
258 3355 399 3435 operibor
426 3356 532 3418 saitem
561 3357 685 3428 credite,
714 3365 749 3417 art
771 3357 958 3436 cognoscatis
980 3353 1101 3416 Putrem
1122 3358 1155 3417 iro
1174 3363 1220 3417 me'

10 3529 95 3594 ἐποίει,
124 3541 163 3589 uhi
190 3541 279 3589 desinit
306 3540 381 3589 iocos.
424 3543 467 3591 ‚ttii
486 3552 508 3591 et
527 3543 585 3593 editi
669 3543 684 3591 i.
703 3542 806 3592 Frictio.
825 3541 850 3592 2
868 3551 891 3592 ot
909 3542 982 3591 editio
1000 3533 1221 3595 Commetorr'rrdc.

10 3607 80 3656 nocti.
117 3608 190 3656 Panto
211 3617 265 3670 poat
284 3609 372 3669 tngtic.
390 3601 402 3656 ἰ
421 3605 541 3665 dauniae.
635 3610 680 3659 Alii
698 3624 756 3659 msa.
775 3601 866 3662 αὐτάς.

36 3691 57 3724 e.
75 3676 174 3727 Gohicr.
192 3684 216 3725 et
234 3675 336 3725 retctm.
350 3677 371 3725 l.
390 3609 420 3736 if
423 3671 504 3743 σάρξ·
523 3670 537 3738 ἦ
557 3672 586 3727 δὲ
671 3678 692 3725 Ιι.
717 3677 780 3727 Haeo
804 3677 873 3727 rerba
898 3674 946 3735 τῆς
968 3670 999 3724 δὲ
1015 3674 1064 3723 τοῦ
1081 3669 1164 3741 io'yoo
1181 3673 1221 3724 dc-

10 3736 73 3807 τᾶρξ
88 3754 134 3793 eto.
635 3738 780 3804 totondere
801 3737 991 3810 lnippodpteda
1015 3744 1102 3794 absunt
1119 3759 1131 3793 u
1151 3747 1220 3795 Goht.

36 3814 52 3860 i.
77 3813 133 3874 fleg.
160 3813 182 3861 1.
203 3820 225 3860 et
244 3811 343 3872 sepner.
361 3796 473 3876 ὶγίνετο.
512 3814 585 3863 iidem
637 3813 887 3864 coaeternitate
911 3812 1221 3862 vertitiiaoniuainedit.

10 3894 54 3928 nor
73 3889 96 3930 rt
115 3879 204 3943 item.
224 3880 313 3940 duplic.
332 3881 426 3930 Gobier.
447 3882 550 3930 Frictio.
563 3883 585 3931 1.
638 3880 754 3930 Commei.
797 3884 825 3930 tt
841 3880 960 3930 habentor
977 3880 1000 3929 io
1020 3888 1121 3942 utroque
1139 3880 1220 3942 hegio,

10 3957 27 3995 ιι
48 3947 70 3996 b.
96 3940 235 4011 ἒβιὶσταξε.
280 3949 402 4011 Scriptura
429 3942 585 4012 ἐβάστασεν.
637 3950 735 4010 Sogoer.
753 3948 824 3998 Basti.
842 3949 932 4011 Angiic.
950 3947 1054 3999 deiciam.
1072 3947 1095 3997 2.
1114 3947 1137 3996 5.
1156 3957 1179 3996 et
1196 3949 1220 3998 in

10 4014 78 4065 Ceteri
97 4027 121 4065 ot
139 4017 196 4066 editi
214 4007 351 4078 ἔβᾰσταζε.
638 4017 716 4066 editis.

35 4083 130 4145 phoa.
151 4086 292 4146 i.chncr.
312 4093 335 4133 et
356 4085 587 4146 sagittariorum
672 4084 687 4133 t.
711 4085 752 4136 Sic
776 4085 832 4146 hog.
860 4084 881 4134 l.
907 4092 930 4134 et
948 4084 1047 4146 sepner.
1082 4082 1178 4134 Gobier.
1198 4092 1222 4133 et

10 4141 77 4205 ιιίτό,
97 4155 162 4216 quod
180 4154 205 4202 in
223 4153 277 4202 aliia
296 4159 319 4201 et
332 4153 401 4201 editis
412 4154 487 4203 deest.
512 4155 586 4203 Paulo
639 4153 741 4201 Feickm.
762 4154 784 4202 t.
809 4152 897 4202 habent
919 4153 975 4201 item
994 4144 1040 4199 ἵνα
1061 4145 1218 4215 γινώσκητε.

10 4229 57 4276 post
79 4221 151 4270 Braii.
177 4213 259 4268 πάλιν
281 4218 321 4284 τῴ
345 4213 466 4285 θανάτῳ.
502 4221 545 4271 Atii
564 4231 587 4272 ot
639 4221 716 4270 Ceteri
727 4229 750 4269 et
760 4221 816 4269 aditi
829 4220 886 4273 τοῖς
897 4212 989 4286 ἔργοις
998 4213 1221 4286 μουτιιστεύσατε

10 4287 75 4337 editio
94 4289 210 4339 Commei.
229 4282 312 4336 πάλιν
329 4287 377 4335 τοῦ
394 4282 526 4338 θανάτου.
637 4282 682 4335 καὶ
698 4284 850 4353 γινώσκετε.
887 4288 915 4338 ht
939 4291 961 4337 in
986 4288 1115 4349 inpiicano
1135 4287 1222 4336 derunt

36 4355 58 4404 h.
76 4356 134 4418 hep.
154 4358 176 4407 l.
194 4365 218 4406 et
235 4359 335 4420 Separor.
354 4347 435 4408 αὐτὸς
451 4350 584 4435 βαστάζει.
639 4357 707 4406 acrba
726 4347 750 4405 el
767 4350 797 4404 δὲ
813 4353 894 4411 ποιῶ,
912 4347 964 4420 κᾷν
980 4348 1042 4421 ἐμοὶ
1058 4348 1096 4419 μὴ
1114 4345 1221 4402 πιστεύ-

10 4420 53 4473 Ιοι
69 4423 173 4475 Fetcitm.
192 4424 216 4474 2.
235 4435 257 4475 at
276 4425 332 4474 editi
357 4415 400 4472 ὅτι
416 4438 461 4472 και
478 4418 586 4493 ἅνθρω-
637 4436 693 4483 pte,
712 4424 769 4477 τοῖς
785 4417 879 4492 r'pyocr'
891 4438 947 4490 μου
963 4414 1132 4472 πιστεύσατε.
1169 4422 1221 4473 bion

10 4498 60 4540 tor.
93 4491 173 4543 Ceteri
191 4507 250 4543 mre
269 4483 314 4540 ὅτι
330 4505 359 4562 τε
378 4483 533 4559 ἅνθρωπος.
637 4491 735 4555 Serum.
754 4493 824 4546 Gobl.
843 4499 867 4544 ct
883 4493 987 4544 Fatetur.
1007 4492 1029 4541 l.
1048 4481 1094 4541 ὅτε
1108 4489 1237 4544 amttam

37 4575 161 4623 armaten
175 4589 226 4624 ore.
240 4589 313 4624 noca.
326 4591 376 4623 arc.
578 4568 581 4574 ’
984 4575 1017 4627 34
