2948 5092
100 106 146 177 λλ
627 120 801 169 marera.

103 294 255 342 sacrarum
275 274 440 339 litterarmn
467 274 555 338 dictis
583 274 747 338 sententias
769 271 964 353 probaverint
983 280 1015 336 et
1034 278 1139 337 costra
1160 272 1337 339 moedu-

104 398 170 443 ronr
204 377 321 440 fraudes
349 376 544 439 defenderint
595 374 693 456 Cyriili
716 374 921 449 Catecheees,
941 375 979 437 de
1008 374 1116 456 quibus
1144 382 1234 437 antea
1261 375 1338 450 dixi,

101 479 178 544 eiius
208 486 279 542 sont
307 479 424 558 generis
454 478 517 541 sire
545 479 667 539 ionnae.
732 477 834 556 Neque
856 475 915 539 huc
939 477 1046 540 referri
1066 484 1168 557 potest
1195 477 1337 557 Gregorii

86 568 229 662 'Nysseoi
252 580 354 643 Oratio
377 580 569 652 catechetica,
592 581 621 641 in
646 599 701 659 qua
724 578 897 658 ingeniosus
920 578 970 641 iiie
996 579 1154 658 theologos
1176 578 1208 640 id
1229 579 1336 659 potius

101 682 290 766 propositum
324 680 441 752 hahuit,
475 680 583 754 otiis,
620 698 746 765 quorsus
775 698 884 742 monus
912 689 996 742 esset
1016 679 1156 753 ludaeos,
1189 680 1336 753 Graecos,

102 782 270 845 lraereticos
292 781 329 843 ad
362 781 517 844 ecclesiam
549 782 723 844 accedentes
757 782 926 856 instituere,
959 781 1037 843 viem
1070 783 1335 855 commonstraret,

103 901 161 963 qua
184 883 219 945 ad
243 882 331 944 fidem
353 882 466 944 ceritati
494 882 610 944 divione
637 882 798 945 faciendam
827 882 943 963 ingredi
965 882 1116 944 deberent
1161 882 1282 944 Etenim
1304 892 1338 944 ut

103 982 133 1044 in
157 984 280 1046 exordio
302 984 359 1057 ait,
382 974 421 1047 οὗ
442 980 506 1067 μὴν
529 979 547 1047 ό
570 976 668 1060 αὐτὸς
695 984 754 1068 τῆς
783 981 998 1060 διδασκαλίας
1018 979 1145 1067 τρόπος
1165 979 1225 1048 ἐπὶ
1246 979 1337 1049 πάν·

103 1104 170 1148 των
193 1076 333 1168 ἁρμόσει
345 1084 412 1148 τῶν
438 1081 647 1167 προσιόντων
669 1085 715 1168 τῷ
738 1082 835 1169 λόγῳ,
859 1078 944 1148 ἀλλὰ
964 1081 1048 1150 κατὰ
1070 1080 1131 1160 τὰς
1156 1085 1225 1149 τῶν
1246 1088 1336 1170 θρη-

102 1184 222 1250 σκειῶν
244 1181 409 1269 διαφορὰς
434 1183 658 1268 μεθαρμόζειν
685 1183 921 1272 προσήκεικαὶ
943 1183 1002 1271 τὴν
1023 1182 1217 1271 κατήχησιν,
1247 1184 1336 1269 πρὸς

101 1281 161 1349 τὸν
183 1276 282 1348 αὐτὸν
309 1283 370 1367 μὲν
398 1279 543 1369 ὁρῶντας
571 1288 630 1350 τοῦ
660 1283 759 1370 λόγου
789 1284 930 1366 σκοπὸν,
960 1279 1018 1367 οόχ
1040 1280 1278 1369 ὁμοιοτρόπως
1299 1287 1336 1352 dt

102 1393 178 1461 ταῖς
206 1394 421 1464 κατασκευαῖς
449 1379 499 1471 ἐφ’
532 1385 669 1452 ἑκάστου
695 1390 890 1471 χρωμένους.
942 1388 1044 1467 itaque
1073 1389 1109 1448 de
1142 1389 1336 1466 dogmatibus

53 1524 61 1545 ι
103 1486 246 1549 disseruit
274 1497 343 1549 tuno
366 1489 395 1549 in
424 1489 548 1550 ecclesia
576 1489 692 1568 publice
720 1490 864 1568 receptis,
898 1489 1055 1568 praecipue
1082 1489 1119 1549 de
1148 1488 1285 1553 trinitate
1307 1500 1337 1552 et

103 1588 308 1650 incarnatione
337 1589 400 1663 dei,
429 1590 465 1651 de
493 1589 697 1668 redemptione
720 1592 838 1670 generis
866 1589 984 1651 humani
1008 1590 1103 1667 deque
1126 1593 1336 1665 sacramentis,

104 1705 164 1748 uon
188 1696 246 1749 tam
269 1697 302 1750 ut
324 1708 358 1751 ea
379 1690 445 1769 ipsa
467 1697 640 1770 exponeret,
662 1709 750 1769 qnam
773 1700 806 1752 ut
828 1691 1009 1762 ostenderet,
1031 1707 1088 1769 qna
1110 1691 1229 1754 ratione
1250 1702 1335 1756 cate·

103 1787 259 1851 chumenis
286 1808 342 1869 pro
376 1790 548 1852 diuersitate
583 1791 759 1870 religionum
788 1801 819 1854 ot
847 1792 1021 1872 opinionum
1048 1790 1199 1854 mentibus
1230 1812 1336 1857 eorum

103 1887 295 1952 insidentium
326 1910 360 1953 ex
388 1891 479 1952 variis
507 1891 660 1970 principiis
684 1893 714 1956 in
742 1900 1040 1972 utramquepartem
1070 1893 1223 1956 concessis
1246 1905 1279 1956 et
1300 1914 1336 1957 ex

104 1991 279 2052 notionibus
302 1992 507 2053 communibus
531 1992 733 2054 ratiocinando
756 1993 793 2055 de
814 1993 935 2054 ueritate
955 1990 1061 2053 'diuina
1089 1994 1337 2058 commodissime

89 2101 210 2173 ⁴posset
230 2092 413 2171 persuaderi.
459 2093 641 2171 Quamquam
664 2093 738 2155 haec
760 2093 896 2173 Gregorii
920 2092 1081 2172 disputatio
1111 2093 1236 2155 muitum
1259 2114 1336 2157 cou-

105 2191 174 2253 tulit
194 2193 229 2254 ad
253 2193 431 2254 fundandam
454 2201 484 2252 et
505 2193 714 2254 erstmendam
741 2194 926 2273 disciplinam
949 2193 1161 2272 dogmaticam,
1184 2195 1336 2275 siqnidem

105 2292 132 2353 is
156 2293 234 2370 quod
258 2303 322 2355 erat
337 2294 403 2356 eius
418 2293 575 2353 consilium
592 2294 728 2354 veritates
745 2313 818 2373 quas
834 2294 959 2355 dicimus
974 2292 1119 2354 revelatas
1135 2295 1172 2355 ad
1187 2297 1336 2358 rationem

105 2409 247 2455 revocare
268 2413 301 2455 ac
323 2393 541 2474 quodammodo
563 2392 651 2454 fidem
675 2403 702 2455 et
724 2395 870 2455 rationem
886 2394 1043 2455 conciliare
1065 2393 1188 2456 studuit
1232 2397 1336 2460 dinco·

103 2501 202 2555 ratum
229 2513 300 2556 vero
332 2493 488 2575 Epiphauii
517 2511 592 2566 non,
615 2502 666 2554 'ut
697 2495 808 2555 aviris
835 2494 931 2555 doctis
962 2494 1020 2556 dici
1054 2493 1147 2566 sciet,
1176 2495 1214 2556 ad
1243 2516 1335 2560 unum

106 2592 212 2674 dogma
235 2595 272 2657 de
295 2595 423 2656 trinitate
446 2593 594 2673 pertinere
609 2612 705 2673 neque
727 2603 829 2656 contra
854 2595 935 2656 solos
950 2593 1076 2655 Arianos
1099 2605 1128 2656 et
1142 2594 1337 2661 Macedonia-

105 2714 162 2757 σοι
191 2713 260 2757 esse
288 2698 449 2776 scriptum,
477 2695 535 2756 iam
563 2679 702 2776 synopsis
731 2695 814 2768 iibri,
844 2695 971 2774 quaein
994 2695 1041 2755 ed.
1064 2694 1161 2756 Peter.
1184 2697 1274 2759 Tem.
1298 2698 1335 2761 ii.

105 2814 135 2875 p.
162 2799 189 2857 1.
210 2796 327 2875 iegitur,
351 2795 486 2874 quemvis
509 2797 617 2857 docere
640 2805 754 2876 potest:
773 2788 978 2879 Ἀνκυρωτὸς
1001 2793 1037 2858 δὲ
1058 2793 1212 2879 κέκληται
1234 2791 1254 2860 ό
1277 2796 1337 2861 λό·

104 2914 162 2977 μσς
184 2885 301 2970 αὐτοῦ,
332 2888 386 2957 ότι
413 2887 553 2976 ἀγκύρας
582 2893 672 2979 δίκην
700 2892 759 2959 τόν
786 2896 864 2979 περὶ
892 2895 950 2979 τῆς
979 2891 1062 2976 ζωῆς
1083 2891 1140 2959 καί
1167 2903 1338 2982 σωτηρίας

106 2991 288 3077 ἐρευνῶντα
315 2994 391 3058 νοῦν
419 2986 505 3076 όίγει,
535 2991 650 3058 διὰτὸ
679 2992 980 3081 περισυλληπτικὸν
1006 2995 1064 3080 τῆς
1086 2990 1121 3059 όν
1143 2987 1234 3080 edroi
1257 3019 1338 3064 σον-

104 3090 228 3171 τόξεως
249 3093 315 3158 τῶν
336 3092 472 3158 πολλῶν
493 3095 551 3178 τῆς
578 3099 725 3172 πίστεως
751 3099 876 3181 μερῶν·
905 3095 990 3182 φημί
1020 3091 1059 3178 δὴ
1087 3096 1146 3160 τοῦ
1174 3097 1337 3184 περὶτῆς

105 3191 234 3277 πατρὸς
255 3194 309 3260 καί
342 3193 414 3260 aiod
436 3195 490 3260 καὶ
513 3188 608 3279 ἁγίου
639 3193 826 3278 πνεύματος
859 3190 1133 3280 όμοουσιότηιος,
1166 3197 1226 3260 τοῦ
1254 3196 1337 3282 περὶ

17 3295 19 3299 ’
104 3293 232 3372 τελείας
259 3298 318 3382 τῆς
345 3297 494 3381 Χριστοῦ
517 3294 674 3382 ίνσάρκου
701 3303 903 3382 παρουσίας,
932 3298 992 3362 τοῦ
1019 3297 1096 3380 περὶ
1120 3288 1337 3376 ἀναστάσεως

104 3397 226 3480 νεκρῶν
247 3397 301 3462 καλ
324 3395 409 3484 ζωῆς
431 3392 566 3463 αἰωνίου
594 3398 648 3463 καί
676 3403 814 3484 κρίσεως
842 3394 962 3484 σαρκός
988 3420 1025 3462 τε
1050 3397 1103 3462 καὶ
1127 3399 1236 3481 ψυχῆς
1257 3396 1338 3466 ἐπι-

109 3496 242 3573 τοαιντό,
264 3495 320 3564 καὶ
341 3501 400 3564 τοῦ
421 3496 505 3565 κατὰ
527 3497 672 3565 εἰδώλων
694 3497 807 3565 τεκαὶ
828 3497 985 3583 αἱρέσεων
1008 3495 1042 3563 ὲν
1062 3501 1156 3582 μέρει
1177 3501 1233 3564 καί
1253 3493 1338 3566 ’Iou-

106 3593 210 3665 δαίων
231 3600 286 3665 καί
307 3602 373 3666 τῶν
402 3597 520 3666 ἄλλων.
567 3601 749 3676 Quibuscum
778 3600 939 3663 condonet
966 3608 996 3661 et
1023 3601 1153 3662 auctoris
1182 3602 1338 3681 proiessio

105 3701 142 3764 ab
165 3701 251 3763 initio
273 3701 339 3764 iibri
361 3721 391 3781 p.
407 3706 437 3768 6.
460 3703 537 3764 med.
562 3711 592 3764 et
612 3703 708 3783 ipsius
729 3701 796 3763 iibri
819 3710 916 3776 tenor,
939 3699 1023 3762 ouius
1047 3702 1082 3763 ad
1105 3701 1193 3762 finam
1215 3706 1338 3783 Μελ.

6 3874 8 3881 ,
106 3820 151 3882 sq.
174 3803 250 3864 duae
271 3803 424 3878 formulae,
448 3823 504 3864 una
526 3803 655 3878 brevior,
678 3802 769 3865 altera
782 3801 911 3882 longior,
932 3801 1103 3864 universam
1124 3802 1212 3865 fidem
1235 3804 1336 3868 eccle·

97 3901 170 3966 'siae
192 3903 378 3966 continentes
400 3904 609 3966 subiiciuntur.
653 3903 713 3966 Sed
735 3903 786 3983 qui
801 3902 997 3982 Epiphaniam
1019 3902 1152 3976 navent,
1183 3921 1246 3965 non
1274 3924 1336 3986 pu·

105 4003 280 4078 tabit-eum,
303 4003 436 4084 quamvis
458 3999 500 4068 τὰ
520 3999 601 4086 περὶ
626 4006 774 4080 πίστεως
795 4011 919 4065 tractatu
940 4021 995 4065 sno
1018 4002 1173 4085 complecti
1195 4003 1337 4080 soluerit,

105 4103 277 4186 dogmatum
298 4123 403 4168 causas
424 4106 614 4184 rationesque
642 4103 780 4167 subtilius
808 4094 966 4183 indagasse
988 4112 1018 4166 et
1036 4103 1188 4184 ᾳιιοιιιοδο
1216 4105 1336 4186 singola

106 4216 176 4286 apta
198 4206 275 4268 inter
297 4225 331 4268 se
353 4214 458 4269 essent
477 4225 512 4268 ac
531 4224 604 4268 nexa
628 4207 747 4269 curiose
768 4205 1016 4287 circumspexisse
1037 4205 1082 4267 rel
1105 4205 1141 4266 in'
1159 4205 1335 4269 universum

103 4306 232 4369 rationis
257 4326 313 4389 ope
334 4307 408 4370 lucis
431 4305 539 4387 aliquid
562 4315 591 4368 et
612 4305 760 4407 firmitatis
790 4304 897 4367 divinis
925 4306 1081 4369 sententiis
1105 4305 1251 4369 attulisse.
1297 4306 1331 4368 Si
