2934 5078
441 208 586 287 rasarone
601 240 910 289 n1.aossaasrorrrs.
1028 241 1096 287 .’
1229 233 1290 297 tiis

59 413 145 468 anas,
169 395 224 457 ssd
245 395 401 474 spiritam,
425 399 478 474 pai
497 411 536 456 aas
557 394 621 457 diso
643 406 704 478 est,
727 405 763 457 ut
783 397 932 464 saunas,
956 415 1031 477 quoe
1050 418 1070 459 o
1091 394 1154 462 lieo
1177 398 1377 464 dorsatensi.

61 509 137 560 wat
158 497 254 559 sodis.
300 494 378 569 Quin
401 507 431 557 et
452 497 483 558 iu
505 505 567 557 tota
589 495 686 559 diviua
708 496 860 576 Scriptura
882 499 1027 576 reperies,
1051 499 1194 580 Spiritum
1217 520 1289 564 san-

61 605 160 670 ctum,
188 598 239 677 qrri
261 597 369 658 dicitur
389 597 471 670 Filii,
500 596 631 658 eundern
648 596 706 659 dici
729 615 797 660 csse
818 583 888 668 llei,
922 601 1001 679 quod
1031 601 1060 662 in
1083 601 1290 682 superioribus

61 700 206 779 scriptum
229 719 245 761 a
267 700 356 760 nobis
379 709 435 760 est.
479 698 608 761 Proinde
636 699 663 762 si
694 699 786 762 Filius
814 709 937 780 propter
966 720 1049 764 suam
1077 704 1290 784 proprietatem

60 801 98 861 ad
120 800 250 875 Patren
273 809 303 862 et
323 801 404 880 quod
427 801 466 862 sit
488 800 552 862 eius
576 798 760 865 substantiae
777 802 919 881 proprius
941 803 1028 877 letus,
1051 821 1113 865 uon
1135 812 1182 866 est
1203 823 1288 867 uca-

61 910 144 977 tura,
169 902 222 964 sed
244 902 324 965 Patri
345 898 624 977 consubstantialis3
654 901 698 964 sic
719 921 774 964 uec
796 903 925 983 Spiritus
948 913 1069 967 sanctus
1092 906 1183 967 luerit
1202 925 1288 971 orea-

59 1011 144 1076 tura,
168 1003 240 1083 quin
263 1003 350 1065 etiam
372 1004 423 1083 qui
439 1003 496 1065 boc
512 1002 584 1066 dicit
604 1003 714 1085 inpius
737 1012 792 1078 est,
816 1005 855 1066 ob
869 1006 1082 1090 proprietatem
1098 1007 1208 1070 scilicet
1222 1008 1288 1071 slus

59 1105 97 1165 ad
119 1103 245 1179 Filium,
280 1114 310 1167 et
336 1104 405 1185 quia
433 1124 468 1167 ex
490 1104 557 1185 ipso
580 1105 666 1169 dabar
686 1105 840 1180 omuibus,
875 1119 906 1169 et
931 1127 1007 1188 quae
1035 1107 1126 1170 babet
1151 1109 1200 1170 ille
1221 1108 1287 1171 Filii
1326 1095 1334 1110 ’

58 1214 141 1269 suni.
1346 1212 1350 1218 ’

148 1414 180 1476 2.
225 1411 278 1473 Sat
299 1410 417 1491 quidem
445 1411 520 1472 baec
540 1410 668 1472 luissent
689 1409 725 1472 ad
746 1411 984 1491 persuadendum
1014 1412 1060 1474 rel
1090 1412 1183 1474 cuivis
1212 1424 1288 1474 cou-

61 1513 209 1584 teudoso,
237 1531 276 1575 ue
302 1519 374 1593 post
401 1513 475 1574 baec
501 1512 613 1574 diceret
639 1521 801 1576 maturans
824 1531 894 1575 esse
915 1513 968 1576 llei
992 1533 1076 1588 eum,
1105 1514 1155 1594 qui
1182 1520 1231 1576 est
1254 1513 1288 1576 iu

57 1614 123 1676 lieo
146 1614 255 1695 quique
276 1616 422 1695 profunda
444 1613 497 1676 liei
520 1622 670 1679 scrutatur
690 1623 720 1677 et
741 1633 777 1677 ex
798 1616 885 1679 Patre
906 1634 962 1696 per
982 1615 1089 1679 Filium
1117 1615 1218 1689 datur,
1247 1628 1372 1682 usuros

58 1715 130 1778 binc
151 1716 329 1796 adigeretur,
352 1724 385 1779 ut
405 1716 512 1778 Filium
534 1734 652 1797 quoque
674 1714 785 1780 diceret
806 1727 982 1792 creaturam,
1005 1718 1056 1799 qui
1079 1726 1126 1780 est
1144 1716 1287 1792 Verbum,

58 1817 222 1898 sapientia,
250 1803 357 1899 ligura,
388 1819 546 1900 splendor,
575 1836 663 1899 quem
685 1819 734 1899 qui
757 1820 850 1894 videt,
879 1820 958 1882 ridet
979 1829 1009 1882 et
1031 1820 1164 1892 Patrem,
1192 1836 1227 1881 ac
1248 1834 1287 1881 ue

58 1920 201 2001 deinceps
223 1918 353 1982 audiret:
389 1921 453 1995 Qui
471 1934 559 2002 nepot
581 1920 704 1994 Filt'uat,
733 1940 827 2004 uepres
848 1922 970 1986 Petraia
993 1923 1089 1986 bobes
1132 1920 1289 2002 Eiusmodi,

58 2021 169 2102 quippe
191 2023 281 2084 homo
302 2023 442 2101 paulatim
463 2023 660 2104 progrediens
682 2023 814 2086 dictums
837 2030 883 2086 est
902 2031 937 2086 ul
957 2024 1005 2086 ille
1028 2024 1188 2103 insipiens:
1216 2021 1288 2086 Nost

59 2135 105 2187 ssi
127 2121 221 2186 Deus.
264 2124 400 2186 Attamen
421 2135 455 2186 ut
474 2125 610 2205 pluribus
631 2126 814 2206 argumentis
833 2126 917 2206 impii
932 2127 1155 2199 convincantur,
1177 2138 1288 2205 operas

59 2227 188 2309 pretium
210 2225 309 2300 luerit,
331 2243 367 2287 ex
389 2226 497 2306 quibus
517 2227 853 2313 l'iliusdsmonstratur
873 2245 934 2288 uou
957 2246 1026 2289 esse
1047 2238 1146 2289 creata
1166 2244 1226 2299 res,
1249 2238 1287 2287 ss

58 2329 166 2391 iisdem
186 2327 315 2408 probare
336 2345 392 2391 uec
413 2327 556 2409 Spiritum
579 2337 803 2393 sauctumesse
824 2347 889 2390 rem
911 2338 1049 2391 acaum.
1093 2328 1136 2388 Ex
1154 2345 1216 2388 nou
1231 2345 1284 2388 ex·

59 2430 210 2493 stantibus
232 2437 303 2490 suut
324 2447 375 2492 res
397 2441 523 2505 creatae,
545 2438 576 2491 et
595 2430 712 2492 initium
735 2429 845 2492 habeut
866 2429 1022 2504 existendi,
1044 2447 1113 2491 uam
1131 2428 1173 2490 Ia
1192 2428 1288 2507 pria-

60 2538 138 2615 ctpio
159 2534 233 2611 fecit
254 2532 336 2595 Deus
360 2530 473 2595 coelum
496 2542 663 2596 atterraar
684 2542 715 2594 et
734 2549 809 2611 quae
830 2532 861 2592 iu
884 2531 942 2593 illis
965 2539 1044 2595 sunt.
1096 2527 1134 2590 dt
1155 2526 1287 2607 Spiritus

57 2643 181 2696 sanctus
204 2650 240 2695 ex
261 2632 323 2695 lieo
345 2642 392 2695 est
412 2633 587 2717 diciturque,
610 2640 644 2696 ul
664 2633 706 2695 ait
725 2632 897 2713 Apostolus.
941 2630 1028 2705 Quod
1049 2629 1076 2692 si
1091 2627 1193 2699 Filius,
1216 2626 1286 2706 quia

59 2754 120 2797 non
144 2743 193 2796 est
220 2754 255 2797 ex
284 2754 345 2796 non
368 2734 570 2809 exstantibus,
599 2735 652 2798 sed
676 2755 712 2798 ex
734 2736 812 2809 lloo,
842 2752 903 2796 nou
925 2741 1117 2812 potestesse
1139 2736 1286 2823 creatura,

59 2854 131 2916 ergo
153 2853 209 2898 uec
231 2837 361 2917 Spiritus
383 2845 502 2900 sanctus
524 2846 572 2899 est
592 2846 735 2911 creatura,
759 2835 997 2918 quandoquidem
1015 2834 1046 2896 in
1068 2831 1206 2895 confesso
1227 2835 1286 2904 est,

58 2956 126 3001 sum
150 2956 184 3001 ex
207 2940 268 3001 [leo
290 2958 367 3002 esse.
411 2939 484 3001 Nam
505 2948 658 3002 creaturae
680 2948 752 3002 sunt
773 2958 808 3001 ex
829 2957 891 3000 uun
914 2934 1106 3000 exstantibus.

147 3246 177 3308 3.
221 3243 350 3305 Rursum
374 3243 473 3305 unctio
496 3251 527 3305 et
548 3241 731 3322 signaculum
754 3241 861 3304 dicitur
882 3248 912 3301 et
933 3248 980 3302 est
1001 3236 1130 3318 Spiritus
1152 3244 1284 3298 sudus.
1367 3223 1372 3231 ’

57 3345 168 3408 Scribit
189 3345 267 3423 euim
289 3345 435 3406 loannes:
458 3346 497 3408 lit
518 3362 572 3408 vos
594 3349 765 3408 samonem
788 3362 876 3426 quom
897 3345 1053 3422 accepistis
1076 3339 1113 3402 ob
1135 3357 1170 3402 eo
1184 3347 1287 3401 mansi

58 3450 94 3509 irs
123 3448 217 3509 vobis⁴
261 3446 301 3508 lit
321 3464 391 3514 ,noa
419 3464 539 3509 necesse
561 3446 692 3518 debetis,
714 3458 751 3509 stt
772 3444 882 3525 clt'puis
906 3444 1009 3506 doceat
1031 3460 1104 3516 oos;
1134 3441 1187 3502 sed
1207 3442 1288 3502 sieut

56 3552 163 3610 auctio
200 3553 278 3622 er'as,
312 3551 442 3628 spiritus
479 3552 543 3609 eius
580 3549 664 3611 docet
692 3566 745 3609 vos
775 3547 810 3609 de
839 3545 985 3607 omnibus.
1035 3543 1070 3603 ln
1098 3541 1186 3602 Esaia
1213 3552 1284 3601 tero

57 3648 208 3727 Proplteta
230 3648 371 3727 scriptum
395 3656 456 3710 est:
488 3648 625 3729 Spiritus
646 3647 771 3711 Domini
791 3664 886 3727 super
904 3663 965 3718 me,
1000 3663 1033 3706 eo
1056 3641 1137 3724 quod
1156 3640 1286 3702 amisit

92 3798 116 3848 d.
135 3798 234 3860 Ssgusr.
253 3809 276 3849 et
294 3801 365 3850 basil.
383 3791 500 3849 ἄκούσει.
696 3787 788 3847 lbideru
813 3795 870 3845 editi
888 3787 1011 3844 διδάσκει
1027 3787 1098 3872 ὑμᾶς
1115 3785 1147 3839 τὸ
1165 3784 1280 3855 πνεῦμα.

30 3889 37 3908 ’
93 3898 113 3931 a.
131 3878 187 3950 γάρ
206 3884 274 3934 (κω
297 3885 320 3933 ῑῃ
339 3886 394 3946 pag,
414 3886 513 3948 smum„
532 3894 555 3934 ,ι
572 3885 645 3934 pnpp
696 3866 753 3926 Rea.
773 3872 797 3942 3²
814 3863 913 3941 Seguer.
931 3857 963 3911 τὸ
981 3874 1089 3926 nucupata
1107 3851 1190 3906 αὐτοῦ
1209 3848 1285 3904 διδά-

58 3949 111 4000 Ιοι
137 3951 193 4001 editi
219 3960 273 4013 post
297 3939 366 4000 abac
385 3953 473 4000 babent
489 3947 646 4017 γέγραπται
696 3943 754 3980 Μ*
771 3944 850 3996 vim·

54 4012 112 4082 νὴ
130 4010 160 4066 ²⁹
175 4009 257 4095 iu·
486 4029 509 4069 ει
615 4011 647 4067 ²*
695 3997 923 4131 ,laiculis
938 3990 1285 4125 inauraturae

902 4114 1047 4207 un

54 4205 131 4303 ΡΙῦιιῦ
149 4246 205 4301 Ρῦῐῑ
223 4203 253 4286 iffi
270 4251 314 4301 plo
330 4208 409 4303 μηδὲ
441 4207 447 4219 ·
523 4202 529 4217 ι
649 4210 659 4228 Ἰ.
695 4196 801 4316 Παξλοέ
818 4200 905 4249 desum
923 4192 1246 4319 δῖρζρὴαπιὲιΰῐιέΐοὲωέθὲ
1258 4205 1283 4306 2

89 4335 113 4383 e
131 4317 184 4387 aa
207 4323 275 4370 ceu
293 4323 316 4370 a
335 4322 433 4371 coner·
453 4330 476 4371 c
494 4322 599 4370 retern-
621 4320 645 4372 ¹·
696 4282 927 4397 illlif‘ldti·
941 4333 989 4380 ...ι
1010 4340 1065 4380 ..ω
1088 4319 1282 4376 „meamea
1325 4345 1327 4350 -

54 4389 133 4440 Panlo
150 4398 206 4453 post
223 4382 239 4436 ὅ
257 4398 312 4438 auto
329 4382 435 4452 ἐλάβετε
452 4390 519 4439 deest
538 4390 561 4438 in
572 4388 645 4439 Basil.
696 4402 764 4452 Μ
781 4403 804 4452 p„
824 4403 894 4452 (ΜΝ,
914 4409 937 4451 ,p
955 4398 1060 4449 pompm,
1080 4398 1102 4448 ι,
1139 4396 1214 4447 mio
1224 4396 1285 4457 pun

88 4475 114 4525 b.
134 4474 175 4524 Sic
189 4473 245 4535 llos.
257 4480 281 4522 et
294 4473 393 4534 Sepusr.
429 4473 490 4524 Editi
509 4463 641 4522 διδάσκει-
696 4469 795 4534 Seguer.
813 4463 922 4529 lutire.

88 4559 218 4605 brussati
228 4569 360 4604 ocemont.
373 4569 422 4602 ιιι.
1043 4546 1078 4600 lb
1098 4542 1110 4563 ⁸
1128 4557 1136 4573 ·
