2948 5092
552 237 697 283 samsone
712 237 749 279 in
764 238 951 290 tumuit..
1295 233 1354 301 851

132 384 266 450 Domino
288 387 381 450 dicat:
403 388 518 450 Recede
539 408 556 450 a
579 406 717 468 corpore,
739 396 772 450 ut
792 397 822 450 te
844 389 989 453 adorem?
1027 393 1084 455 Vel
1105 394 1173 474 quis
1188 413 1224 461 eu
1239 397 1441 465 devenitrnu.

132 487 307 568 impietatis,
330 499 363 552 ut
385 509 450 552 oum
473 489 586 552 insanis
608 490 726 553 ludaeis
748 489 843 555 eidem
865 502 989 572 propter
1010 514 1119 574 eorpus
1136 498 1225 567 dicat:
1252 500 1358 573 Quare

130 599 168 652 te
191 589 278 653 bono
301 596 431 654 cumeis
453 594 531 671 seces
554 596 681 673 teipsum
702 590 844 655 Deum‘i'
864 594 951 673 Atqui
975 596 1040 658 talis
1061 616 1123 660 non
1143 599 1198 663 luit
1217 600 1356 680 leprosus

131 690 200 765 ille;
228 693 321 755 ileum
345 692 422 754 enim
446 694 476 755 in
499 713 626 774 corpore
648 693 822 759 existentem
845 696 992 769 adoravit,
1021 718 1148 783 eumque
1169 700 1264 765 ileum
1286 721 1357 769 esse

128 792 180 855 bis
203 795 323 873 agnovit
345 795 459 857 verbis:
483 796 617 866 Domine,
641 800 670 858 ei
688 800 744 869 uie,
767 809 852 877 potes
874 818 919 860 me
939 800 1098 864 mundare.
1143 801 1205 867 Nec
1219 822 1289 867 varo
1306 804 1355 869 ille

129 894 186 957 bei
208 895 337 958 Verbum
370 896 528 959 arbitratus
562 906 608 959 est
634 905 758 977 propter
786 917 903 960 earnem
930 885 1151 967 rem'ereatam
1180 922 1265 978 esse,
1285 922 1355 980 ‚neo

127 995 200 1076 quia
224 996 351 1060 Verbum
372 1017 472 1059 rerum
495 999 628 1061 omnium
650 1008 814 1061 creatarum
837 1001 937 1081 opifex
958 1010 1014 1074 est,
1038 1021 1166 1079 carnem,
1189 1023 1246 1084 qua
1262 1005 1353 1069 indu·

129 1105 194 1160 tum
217 1107 290 1172 erat,
313 1098 476 1178 vilipendit,
501 1100 553 1161 sed
575 1100 706 1162 universi
728 1111 890 1163 creatorem
914 1111 1051 1182 tanquam
1072 1104 1104 1165 iu
1126 1114 1225 1169 creato
1241 1106 1352 1187 temple
1391 1098 1395 1105 ¹

127 1199 266 1261 adoravit
293 1202 476 1281 effectusque
509 1201 636 1265 mundus
664 1201 730 1281 ipse
752 1210 808 1263 est.
852 1203 902 1265 Sic
923 1204 1011 1267 etiam
1031 1205 1153 1281 mulier,
1182 1226 1258 1286 quiae
1279 1226 1351 1283 saue

129 1300 230 1380 guinis
261 1303 371 1363 lluxum
393 1303 575 1383 patiebatur,
607 1302 747 1376 credidit,
779 1305 923 1384 tactisque
945 1307 1148 1371 tautummodo
1170 1309 1235 1373 eius
1258 1309 1351 1375 restis

129 1401 256 1464 fimbriis
288 1413 390 1466 sauata
409 1405 480 1479 'est3
508 1424 589 1465 mare
612 1404 747 1475 similiter
769 1405 907 1483 agitatum
931 1407 1068 1469 lluetibus
1092 1407 1202 1471 audiuit
1223 1409 1351 1475 Verbum

127 1518 250 1566 emnem
273 1506 391 1577 lactum,
414 1525 449 1567 ac
470 1505 572 1567 sedata
596 1515 756 1585 tempestas
781 1515 842 1582 est;
864 1527 969 1571 meone
992 1510 1061 1573 item
1076 1518 1163 1575 natue
1179 1519 1268 1590 sputo
1284 1530 1349 1573 car-

126 1605 178 1667 uis
201 1613 323 1668 sanatus
345 1627 362 1669 a
384 1607 482 1694 Verbo
505 1617 559 1670 est.
594 1608 692 1681 Quod
714 1616 811 1670 autem
832 1608 928 1672 maius
949 1618 997 1673 est
1012 1619 1041 1673 et
1056 1611 1257 1677 admirabilius
1273 1613 1350 1688 (lor-⁴

127 1707 219 1769 lassis
249 1708 327 1769 enim
357 1710 387 1770 id
417 1709 603 1788 impiissimis
632 1709 690 1770 illis
712 1709 880 1772 scandalum
904 1711 987 1786 luit),
1016 1713 1103 1775 etiam
1126 1713 1157 1777 in
1177 1713 1243 1794 ipsa
1265 1732 1352 1779 crum

79 1840 84 1847 ·
126 1808 278 1891 pendente
300 1809 427 1871 Domino
455 1816 535 1884 (narn
564 1810 629 1873 eius
658 1819 721 1873 erat
747 1828 856 1890 corpus
886 1812 916 1873 in
940 1830 1035 1895 eoque
1058 1823 1121 1877 erat
1142 1815 1283 1891 Verbum)
1305 1814 1352 1879 sul

125 1907 305 1973 shannatus
329 1920 385 1985 est,
410 1920 487 1973 terra
510 1913 639 1985 tremuit,
661 1921 763 1991 petree
784 1913 898 1976 scissae
921 1923 992 1977 sunt
1012 1925 1045 1978 ut
1066 1923 1097 1977 et
1107 1913 1223 1996 Templi
1243 1915 1350 1991 velum,

124 2015 158 2072 et
179 2010 269 2073 multa
293 2012 470 2075 Sanctorum
493 2032 627 2093 corpora,
651 2014 700 2094 qui
724 2014 916 2088 dormierant,
940 2024 1143 2080 surrexerunt.

103 2339 106 2344 ·
215 2323 245 2383 4.
289 2320 369 2380 llaec
391 2319 508 2398 quidem
530 2318 570 2378 ita
593 2317 762 2396 contigere,
784 2336 934 2396 nemoque
956 2317 999 2378 uti
1021 2336 1100 2379 nuuc
1121 2318 1230 2380 audent
1250 2320 1351 2383 Ariani

127 2439 234 2482 secum
257 2421 410 2494 dubitavit,
433 2430 531 2482 ulrum
555 2418 707 2480 incarnato
722 2418 819 2480 Verbo
843 2418 1022 2480 eredendum
1039 2427 1068 2479 et
1081 2420 1243 2498 parendum
1260 2429 1351 2495 esset,

127 2522 183 2583 sed
213 2522 254 2583 illi
282 2523 433 2583 bominem
450 2522 610 2592 ,intuentes
633 2519 758 2581 eundem
781 2520 916 2600 opificem
940 2538 1008 2581 esse
1031 2539 1117 2582 suum
1138 2520 1352 2599 intelligebant,

127 2623 345 2703 humanamque
373 2623 526 2684 audientes
555 2640 658 2683 vocem
686 2639 870 2701 nequaquam
891 2631 1015 2702 propter
1036 2622 1194 2684 humanam
1216 2629 1352 2685 naturam

128 2724 256 2786 Verbum
279 2744 341 2786 rem
365 2733 492 2786 creatam
516 2722 633 2784 aiebant
654 2740 741 2791 esse.
768 2722 821 2784 sed
844 2723 938 2800 magis
961 2722 1049 2785 etiam
1072 2722 1350 2795 contremiscebant,

128 2845 257 2905 eumque
286 2826 379 2886 uibilo
407 2825 505 2886 secius
534 2823 736 2905 suspiciebant
758 2842 791 2885 ao
813 2825 837 2886 si
861 2844 877 2885 e
899 2824 1023 2902 Templo
1045 2831 1147 2885 sancto
1168 2823 1350 2904 loqueretur.

127 2926 191 2989 Gur
218 2927 308 3006 igitur
335 2946 395 2987 nou
423 2936 562 2989 verentur
588 2925 670 3003 impii
701 2924 857 2997 homiues,
880 2945 933 2999 ne,
957 2929 1036 2987 sicut
1057 2943 1119 2987 uon
1137 2926 1352 3005 probauerunt

127 3028 228 3090 usum
255 3029 363 3090 dobere
385 3033 417 3089 in
439 3033 562 3097 noti'tib,
592 3026 744 3088 tradantur
767 3031 799 3087 in
821 3027 984 3104 reprobum
1006 3044 1143 3098 sensum,
1173 3036 1208 3088 ut
1232 3026 1352 3105 socient

125 3148 172 3200 eo,
196 3149 271 3211 quoe
292 3149 354 3191 noc
378 3127 581 3192 conveniunt?
624 3129 685 3189 Nec
713 3127 792 3188 euim
820 3145 883 3187 rem
906 3135 1033 3187 creatam
1056 3126 1160 3190 adorat
1180 3147 1230 3189 res
1253 3133 1352 3188 creata

123 3248 226 3309 neque
246 3250 352 3292 rursus
374 3232 413 3290 ob
435 3249 553 3291 carnem
575 3229 733 3290 Dominum
756 3246 842 3289 suum
864 3227 972 3306 refugit
992 3227 1126 3300 adorare,
1151 3227 1204 3289 sed
1226 3226 1349 3290 viditiu

124 3348 255 3409 corpore
276 3340 440 3392 creatorem
463 3350 560 3402 suum,
583 3339 670 3408 atque
692 3333 726 3393 iit
747 3333 867 3391 uomiue
890 3328 960 3391 iesu
983 3348 1066 3392 omne
1087 3348 1166 3409 penu
1181 3330 1290 3391 ilerum
1306 3336 1352 3390 est

125 3441 157 3493 et
186 3433 322 3494 lleetetur
350 3434 536 3504 coelestium,
567 3434 760 3496 terrestrium
783 3443 811 3494 ct
833 3432 1045 3511 infernorum,
1075 3440 1105 3492 et
1127 3437 1224 3495 omnis
1247 3416 1352 3510 linquo

123 3533 327 3608 confitebitur,
353 3536 468 3596 tametsi
492 3534 607 3595 Arianis
631 3552 690 3594 non
713 3531 816 3613 placet,
840 3539 910 3614 puio
930 3533 1078 3596 Dominus
1101 3532 1187 3595 lesus
1212 3533 1351 3595 Christos

122 3641 157 3696 eii
187 3634 289 3715 pierio
322 3647 367 3697 eet
388 3636 447 3697 Dei
467 3635 580 3697 Patris.
624 3634 725 3713 Neque
753 3634 833 3696 enirn
863 3622 991 3696 dedecus
1019 3634 1116 3696 Verbo
1147 3652 1215 3694 care
1245 3633 1350 3705 attulit,

122 3737 212 3810 absit,
235 3738 289 3800 sed
311 3739 375 3818 ipsa
397 3739 498 3817 potius
521 3737 557 3799 ab
575 3738 630 3817 illo
653 3736 775 3816 gloriam
799 3737 919 3815 accepit.
942 3806 944 3813 Α
964 3737 1025 3799 Nec
1047 3738 1118 3797 item
1141 3734 1209 3814 quia
1224 3735 1349 3795 lormam

156 3926 180 3974 b.
199 3917 287 3983 πάσης
306 3926 374 3975 deest
392 3927 414 3975 iu
432 3927 523 3986 tergite,
653 3978 658 3991 Ι
721 3927 724 3929 ’
759 3911 899 3987 Ἆρειανοὶ,
936 3923 1000 3971 idem
1026 3937 1071 3986 pro
1097 3914 1139 3968 δεῖ
1161 3920 1234 3968 babet
1251 3910 1300 3977 δὴ,
1329 3925 1351 3966 et

794 4005 807 4038 e
825 3984 973 4039 πείθεσθαι
991 3991 1053 4039 male
1071 3984 1208 4037 πείθεσθε.

225 4093 238 4104 -
648 4038 670 4072 m
705 4059 711 4072 ’
798 4073 819 4107 e.
838 4059 878 4107 Sic
896 4057 1212 4120 Seguer.lirsil.etbusslie.
1247 4053 1351 4102 lliiau·

116 4107 260 4160 Wm'ff'
766 4134 812 4174 tem
833 4127 930 4175 etodiii
949 4119 1065 4190 φύσεως.
1102 4124 1176 4173 Poulo
1195 4130 1351 4186 postmunu-

157 4195 180 4243 d.
200 4196 240 4244 Sic
259 4196 357 4258 Seguer.
393 4198 421 4245 ti
444 4195 515 4244 basil.
535 4194 624 4255 duplic.
643 4192 713 4243 Gobl.
765 4195 847 4256 scripti
867 4185 882 4252 ἢ
903 4183 945 4240 liu
963 4187 990 4241 ix
1008 4191 1076 4240 ναοῦ
1095 4193 1191 4248 babent,
1209 4179 1292 4245 editiir¹
1307 4178 1352 4234 ὅτε

122 4255 282 4327 ἕῐρὸμαξεν·
322 4266 381 4314 Edit.
403 4252 714 4325 commeteteliie’tpd-
764 4254 885 4310 ὶκναοῦ.
1231 4314 1239 4333 r

119 4328 217 4396 μαζεν,
254 4333 327 4381 Paulo
340 4342 394 4396 post
412 4336 510 4394 Septici.
529 4332 601 4380 bubet
617 4342 715 4394 προκε-
800 4331 816 4378 l.
836 4329 908 4379 basil.
927 4336 951 4377 et
967 4326 1057 4388 buglis.
1078 4321 1126 4374 τὸν
1138 4336 1264 4391 locutor.

121 4395 303 4465 κοιμημένων
321 4403 372 4450 sine
390 4416 447 4449 uoce
463 4393 557 4463 ἁγίων.
593 4399 619 4446 iu
630 4400 715 4447 eodem
801 4413 822 4459 g.
842 4398 882 4446 Sic
899 4398 1039 4458 Segneriau.
1059 4396 1157 4445 Gobler.
1171 4404 1194 4444 et
1212 4392 1316 4442 uelum.
1330 4390 1352 4438 l.

120 4465 177 4515 νῦν
195 4476 252 4533 post
270 4460 356 4534 ὥςπερ
376 4469 477 4532 legitur,
502 4470 526 4517 iu
551 4469 637 4518 ceteris
659 4472 717 4531 post
766 4465 829 4516 Editi
847 4480 902 4515 vero
921 4471 945 4514 et
962 4462 1003 4512 alii
1020 4454 1180 4528 ἐκάμπτετο.

1090 4542 1148 4597 bl*
