2948 5092
133 239 176 307 28
659 255 836 300 emerso.

129 424 215 487 spem
238 420 356 468 omnem
379 403 483 466 eunus
505 404 638 484 pendere
665 414 818 479 censeret,
845 423 963 466 omnem
986 406 1075 468 vitam
1103 426 1188 469 suam
1211 427 1361 473 consum·

128 507 217 579 sisse,
239 526 294 587 pro
317 504 671 567 incolumitatexveritatis
693 505 808 568 divinae
831 525 865 567 se
886 506 1012 568 invidiae
1033 507 1231 590 periculisque
1265 502 1360 575 obtu-

127 608 203 671 liss'e
224 616 255 670 et
269 608 390 669 adversa
406 606 527 686 quaevis
542 606 613 668 lorti
637 624 671 668 ae
684 606 832 669 constanti
855 608 954 669 auimo
976 608 1106 671 subiisse
1128 619 1158 671 et
1173 628 1244 672 sero
1267 614 1361 675 etiam

128 709 209 773 iusto
232 711 263 770 in
285 709 390 771 hostes
413 706 483 769 odio
517 726 631 788 eosque
659 707 835 788 profligandi
865 709 964 770 studio
988 710 1150 784 exarsisse,
1184 711 1259 774 baec
1287 714 1360 777 talia

127 809 195 890 quis
217 827 278 870 non
295 809 451 871 erubescat
465 808 657 888 vituperando
673 807 827 889 sllligere‘l
855 808 974 871 bladum
991 812 1175 873 excesserint
1189 812 1358 892 Gregorius

126 910 330 973 Nazianzenus
353 909 460 989 aliique
474 918 589 972 veteres
604 910 633 971 in
649 910 802 982 laudandis
817 909 968 971 Athanasii
990 911 1160 988 virtutibus,
1175 923 1256 975 certe
1277 932 1359 994 pro-

127 1011 288 1075 babihores
310 1028 391 1072 nunc
410 1010 499 1072 nobis
522 1010 659 1072 videntur
679 1011 739 1072 illis
761 1028 877 1073 morum
899 1012 1157 1090 vituperatoribus.

213 1113 272 1175 Sed
293 1111 361 1192 plus
384 1110 433 1172 hic
453 1120 556 1173 nostra
577 1112 669 1173 relert
683 1112 782 1173 videre
804 1112 841 1173 de
851 1111 1011 1174 Athanasio
1032 1113 1172 1194 theologo
1194 1122 1226 1176 et
1245 1115 1360 1196 dispu-

126 1222 222 1279 tatore
244 1213 340 1292 deque
355 1212 489 1274 vindiciis
511 1211 704 1293 principatus,
726 1231 868 1292 quocum
889 1213 1010 1290 dignum
1025 1232 1100 1298 esse·
1113 1215 1250 1279 diximus.
1298 1217 1358 1278 Et-

127 1315 205 1379 enim
227 1313 390 1377 verendum
406 1322 463 1386 est,
485 1331 523 1375 ne
539 1313 664 1376 lectores
679 1313 756 1375 haud
772 1313 857 1393 pauci
872 1314 903 1375 iu
919 1314 1039 1394 scriptis
1061 1315 1217 1394 polemicis
1238 1319 1358 1396 passim

125 1417 279 1478 offendant
300 1422 330 1476 et
351 1415 416 1476 iure
438 1414 620 1493 reprehensa
643 1421 762 1494 putent,
786 1433 861 1493 quae
883 1422 980 1476 umen
1004 1414 1141 1477 idoneam
1163 1417 1276 1478 habent
1298 1437 1358 1480 ex-

126 1516 311 1581 cusationem
332 1533 429 1594 neque
442 1514 636 1576 Athanasium
658 1514 829 1576 inleriorem
851 1514 962 1576 faciunt
983 1516 1047 1577 aliis
1069 1517 1117 1577 sui
1140 1518 1250 1578 saeculi
1272 1519 1356 1582 scri·

124 1617 260 1697 pleribus
283 1616 329 1677 vel
351 1615 626 1695 praestantissimis.
670 1615 713 1677 lta
745 1615 845 1694 negari
879 1617 1000 1677 omnino
1032 1634 1092 1678 oon
1116 1625 1235 1697 potest,-
1267 1619 1357 1682 illum

99 1752 102 1758 ·
126 1718 158 1781 iu
180 1717 430 1796 disputationibus
453 1735 513 1778 non
536 1735 655 1797 semper
676 1735 750 1791 eam,
774 1736 849 1796 quae
865 1717 950 1778 decet
962 1716 1144 1797 theologum,
1166 1719 1358 1781 moderatio-

124 1836 194 1880 nem
218 1818 409 1890 observasse,
440 1817 493 1879 sed
516 1818 623 1879 ardore
651 1817 783 1880 haeresis
813 1819 1026 1897 oppugnandae
1048 1826 1079 1880 et
1100 1821 1275 1881 evertendae
1297 1821 1357 1881 ab·

124 1926 242 1999 septum
273 1938 362 1998 saepe
394 1918 529 1980 acerbius
552 1927 582 1980 et
608 1918 855 1980 contumeliosius
877 1919 906 1979 in
927 1919 1054 1980 Arianos
1086 1919 1231 1981 invectum
1266 1938 1356 1983 esse:

64 2010 67 2016 ¹
124 2028 325 2082 verumtamen
358 2020 408 2099 qui
431 2019 542 2081 erroris
575 2019 745 2098 gravitatem
778 2019 959 2099 periculique
980 2019 1049 2080 inde
1071 2020 1215 2082 ecclesiae
1248 2022 1355 2083 immi-

126 2122 225 2183 nentis
247 2120 478 2200 magnitudinem
501 2121 675 2200 expenderit
697 2131 726 2181 et
747 2120 920 2182 recordatus
949 2121 1038 2181 suerit
1064 2120 1280 2200 disputantium
1302 2122 1356 2184 illa

126 2231 222 2284 aetate
244 2240 343 2282 mores
377 2229 465 2300 atque
486 2221 664 2284 Asianorum
695 2220 828 2300 ipsorum
861 2221 1089 2299 impudentiam,
1122 2221 1148 2282 is
1180 2240 1356 2301 propensus

126 2325 183 2385 erit
204 2324 239 2384 ad
262 2323 450 2402 asperitatem
483 2321 561 2383 illam
595 2322 801 2384 excusandam.
855 2321 889 2381 ln
917 2340 975 2401 quo
1009 2322 1117 2383 nimius
1149 2323 1278 2384 sortasse
1306 2332 1358 2385 est

124 2424 377 2494 llontlauconius,
400 2422 451 2501 qui
473 2423 503 2483 in
523 2424 772 2503 praefationem
792 2425 939 2483 aniverso
960 2442 985 2482 s.
1008 2422 1168 2484 Athanasii
1188 2440 1284 2501 opere
1303 2423 1355 2485 ed.

124 2525 223 2587 Patnv.
254 2525 340 2584 Tom.
363 2524 385 2585 l.
408 2542 438 2603 p.
462 2523 566 2585 Xlllll.
598 2525 636 2585 de
667 2522 742 2602 stylo
766 2522 918 2582 Athanasii
949 2521 1103 2583 disserens
1135 2522 1257 2584 scribit:
1295 2524 1355 2598 „lu

123 2626 277 2705 polemicis
298 2625 378 2687 enim
410 2623 536 2685 maxima
568 2633 693 2685 aetatem
725 2622 876 2695 contrivit,
908 2640 1014 2684 curans
1048 2640 1167 2702 semper
1195 2641 1234 2685 ne
1256 2623 1355 2688 aliena

124 2728 260 2810 dogmata
281 2727 517 2805 hunnorumque
539 2743 631 2786 ausus
658 2723 738 2804 plebi
765 2723 925 2784 catholicae
956 2725 1025 2802 quid
1054 2731 1247 2805 apportarent
1269 2726 1352 2789 mali.

125 2831 188 2893 Etsi
209 2847 279 2891 vero
308 2846 397 2908 asper
419 2835 466 2889 est
487 2833 518 2888 et
546 2827 648 2888 sannis
676 2824 901 2905 maledictisque
929 2825 1050 2905 plenus,
1081 2825 1198 2904 quaudo
1227 2845 1279 2888 res
1303 2835 1353 2889 est

124 2931 167 2993 illi
188 2938 291 2991 contra
314 2929 497 2989 haereticos:
530 2945 618 2988 nemo
642 2935 741 2987 tamen
764 2936 827 2998 est,
860 2927 909 3004 qui
943 2934 1096 3005 perspecta
1119 2927 1350 3004 haereticorum,

123 3030 250 3092 mammo
270 3027 331 3088 Arii
353 3027 525 3104 sequacium
546 3026 723 3105 pertinacia,
750 3025 868 3100 lurore,
896 3026 1077 3088 immanitate
1098 3027 1129 3086 in
1152 3027 1350 3104 Christianos,

122 3132 155 3193 io
177 3129 347 3209 episcopos,
369 3125 532 3207 proborum
555 3126 625 3186 item
648 3125 803 3187 hominum
825 3126 1009 3201 carnificina,
1031 3128 1063 3188 in
1084 3126 1215 3188 nelarios
1229 3129 1350 3209 aliquid

122 3229 329 3294 inclementius
364 3229 474 3289 dictum
505 3226 675 3289 arbitretur.
729 3229 844 3306 Aspera
875 3226 990 3289 scilicet
1020 3227 1080 3306 agit
1105 3227 1249 3301 Arianos,
1279 3231 1350 3311 quia

122 3331 197 3394 nibil
229 3337 332 3392 contra
363 3337 474 3391 tantm
507 3329 565 3389 vim
598 3329 664 3390 sine
686 3328 713 3388 vi
736 3328 800 3389 fieri
821 3336 952 3407 poterat:
989 3337 1019 3389 et
1039 3328 1166 3389 remisse
1199 3328 1349 3409 depellere
1388 3340 1394 3355 '

47 3467 61 3494 a
122 3435 238 3494 loroces
260 3431 408 3504 homiues,
430 3429 516 3491 lateri
538 3438 602 3491 erat
621 3429 751 3490 dilllsum
775 3448 808 3490 se
831 3448 937 3491 causae
958 3447 1038 3491 suae.
1082 3428 1146 3490 Etsi
1168 3429 1239 3490 vero
1262 3449 1348 3493 mor·

121 3534 173 3596 det
193 3533 315 3605 acriter,
349 3550 415 3593 cum
447 3529 605 3592 insolentia
637 3529 793 3591 criminum
815 3537 865 3591 aut
886 3529 1044 3591 haeresum
1065 3530 1216 3592 temeritas
1247 3549 1348 3594 acrem

120 3634 251 3714 postulat
273 3640 439 3705 oratorem3
460 3630 512 3692 ubi
534 3638 632 3693 tamen
653 3649 703 3692 res
724 3630 765 3691 illi
789 3639 837 3692 est
857 3649 923 3691 cum
945 3629 1122 3691 adversariis
1144 3629 1271 3711 aliquam
1294 3650 1347 3694 ae·

120 3736 172 3814 qui
186 3734 318 3812 bonique
338 3732 485 3794 rationem
508 3731 686 3804 tenentibus,
710 3731 811 3793 sobrie
832 3749 867 3792 ac
886 3730 1049 3811 prudenter
1064 3730 1152 3792 verba
1173 3732 1253 3805 lacit,
1267 3733 1349 3797 etol-
1370 3742 1372 3747 ’

123 3835 215 3915 litque
247 3839 363 3895 animos
387 3844 416 3895 et
444 3843 592 3914 temperet
613 3837 713 3895 lecef‘
756 3831 828 3893 Cum
851 3832 898 3893 his
927 3832 1087 3894 cohaerent
1107 3832 1162 3893 alia
1182 3832 1348 3896 Athanasio

121 3953 189 3997 cum
221 3933 456 4014 disputatoribus
489 3934 552 3995 eius
574 3933 677 3995 aetatis
704 3933 854 4012 plerisque
887 3934 1025 3996 omnibus
1055 3932 1238 4008 communia,
1270 3952 1348 4014 quae

120 4034 282 4097 lectoribus
299 4053 334 4095 ex
350 4035 492 4096 hodierna
507 4033 661 4115 disciplina
683 4034 850 4114 theologica
864 4053 914 4097 res
937 4034 1133 4097 iudicantibus
1154 4035 1347 4114 displiceant:

120 4136 187 4199 dico
209 4142 290 4196 artes
311 4135 376 4196 illas
405 4135 570 4197 dialecticas
599 4135 663 4197 sive
690 4135 825 4199 eristicas
847 4156 884 4200 ex
911 4137 1112 4215 sophistarum
1135 4146 1166 4198 ct
1191 4137 1361 4201 rhetorum·

121 4237 233 4302 scholis
254 4245 425 4317 perceptas,
454 4235 561 4316 quibus
583 4243 707 4299 utuntur
735 4238 771 4299 ad
794 4238 979 4300 adversarios
1002 4239 1040 4300 de
1061 4246 1140 4300 statu
1162 4238 1347 4303 deiiciendos

107 4322 284 4420 ⁸eorumque
305 4337 363 4399 tela
383 4336 567 4418 depellenda,
589 4338 761 4401 methodum
783 4338 951 4421 disputandi
971 4332 1038 4406 κοτ’
1064 4336 1254 4421 οἰκονομίαν
1260 4388 1270 4420 ,
1295 4360 1346 4403 ar·

120 4451 258 4516 gimenta
290 4439 374 4505 dictu
404 4438 540 4522 speciosa
572 4440 676 4523 potius
707 4459 796 4522 quam
822 4461 891 4506 vera
920 4452 950 4504 et
976 4444 1083 4506 iustam
1110 4441 1258 4522 probandi
1287 4443 1347 4505 vim
