2948 5092
467 288 615 334 sersaoni
630 291 649 334 1.
666 293 702 333 uo
718 290 913 336 susurrones.
966 258 970 264 ’
1233 283 1293 346 739

63 444 166 525 prium
191 442 317 504 Verbum
342 442 460 513 creavit,
485 442 680 521 coniungatis.
726 443 808 516 Quae
823 454 919 504 autem
938 443 1022 507 vobis
1045 446 1084 508 ita
1100 448 1294 514 sentientibus
1305 464 1379 508 usu.

61 562 138 624 spes
161 563 230 605 esse
251 542 373 624 possit?
417 542 467 604 Vel
490 543 555 621 quis
577 562 720 605 roseum
743 545 804 605 Deo
827 546 1001 624 eoniurrget,
1031 550 1080 626 qui
1110 568 1171 611 uon
1200 551 1294 629 ipsius

61 645 131 719 ttei,
154 646 215 747 sed
231 647 274 706 rei
298 657 412 706 creatae
435 643 571 723 spiritum
594 644 734 706 habetis?
778 646 860 719 Quae
875 648 994 708 taudem
1009 658 1107 712 vestra
1130 650 1182 712 esl
1198 661 1294 714 teme-

60 749 140 811 ritus
162 759 192 808 et
214 746 472 818 inconsiderantia,
496 747 545 825 qui
560 747 677 808 Patrem
693 756 723 808 et
745 749 808 809 eius
824 749 950 810 Verbum
967 752 1002 811 ad
1025 770 1074 814 res
1098 772 1193 833 usque
1208 772 1293 815 erea-

60 861 111 911 tas
136 849 318 929 deprimitis,
353 866 514 927 rursusque
537 867 600 908 rem
622 859 748 911 creatam
771 851 833 911 Deo
858 852 1049 931 exaequatis?
1092 853 1124 914 ld
1147 854 1294 933 siquidem

60 950 171 1031 agitis,
204 969 270 1012 oum
299 952 335 1011 de
358 950 470 1030 Spiritu
491 969 551 1011 non
575 969 663 1013 secus
685 971 719 1013 ao
740 953 777 1012 do
800 962 950 1014 recreata
973 955 1125 1033 cogitatis,
1154 964 1184 1017 et
1211 957 1293 1018 illum

59 1051 259 1113 nihilominus
280 1053 311 1112 iu
335 1052 478 1114 Trinitate
500 1053 646 1115 oolloeare
667 1072 727 1115 uon
751 1056 901 1116 veremini.
948 1056 1020 1128 Quis
1043 1065 1142 1117 tantus
1164 1057 1213 1118 ille
1238 1076 1292 1119 re-

59 1161 130 1215 ster
151 1155 242 1225 lutor,
266 1164 297 1216 ut
321 1164 379 1215 tam
401 1154 500 1234 iniqua
523 1155 636 1216 delleo
655 1157 800 1229 sentiatis,
825 1157 873 1235 qui
897 1156 1008 1218 seilicet
1030 1175 1090 1218 noo
1113 1176 1290 1220 omues1·es

59 1265 180 1316 mestas
203 1256 248 1316 vel
271 1274 375 1318 omnes
397 1256 542 1335 AngeloS,
576 1257 748 1324 sedunum
778 1257 917 1318 duntaxat
947 1278 981 1327 ex
1003 1258 1061 1320 illis
1084 1259 1145 1320 [leo
1167 1259 1292 1338 eiusque

58 1357 163 1418 Verbo
186 1357 412 1419 annumeretisl
455 1359 615 1436 Postquam
638 1359 716 1420 enim
735 1359 826 1420 semel
841 1360 984 1438 Spiritum
999 1378 1062 1421 rem
1078 1368 1204 1421 creatam
1221 1364 1374 1422 essem&

59 1459 225 1521 censuistis
248 1460 335 1538 eique
356 1459 454 1521 loeum
477 1461 506 1520 in
529 1459 673 1521 Trinitate
695 1461 888 1539 assignastis,
922 1478 983 1521 uon
1012 1479 1102 1522 uuum
1131 1468 1211 1522 certe
1237 1461 1293 1524 sed

60 1576 172 1620 omnes
194 1571 310 1621 creatos
333 1561 461 1639 Angeias
484 1561 514 1620 iu
537 1561 585 1621 illa
607 1580 723 1640 quoque
746 1562 891 1623 collocare
914 1563 1065 1641 oportuit,
1087 1581 1143 1624 nee
1164 1561 1291 1641 amplius

59 1662 241 1723 Trinitatem
263 1680 348 1733 esse,
373 1663 425 1723 sed
447 1662 691 1723 innumerabilem
714 1663 859 1741 quandam
882 1663 1041 1725 divinitatis
1062 1663 1292 1740 multitudinem,

59 1772 97 1826 ut
120 1772 151 1824 et
172 1773 271 1824 restra
293 1763 436 1835 initiatio,
469 1783 544 1843 quae
566 1765 597 1825 iu
619 1768 652 1825 ei
676 1764 739 1824 lieri
762 1763 891 1837 ridetur,
920 1765 979 1827 hue
1006 1773 1035 1826 et
1062 1765 1130 1827 illue
1151 1765 1293 1827 distracta
1359 1746 1362 1755 ¹

60 1862 212 1926 instabilis
235 1869 315 1942 muti
345 1865 514 1926 diversitate
537 1865 718 1926 redderetur.
763 1865 895 1944 Namque
924 1867 1070 1928 eiusmodi
1098 1877 1168 1929 suut
1194 1878 1292 1930 vestm
1338 1933 1342 1940 ,

60 1976 94 2027 et
115 1965 292 2027 Arianorum
315 1967 470 2045 mysteria,
498 1967 548 2047 qui
571 1977 630 2029 taur
652 1967 741 2046 impia
763 1968 906 2028 adversus
929 1968 1110 2030 diuinitatem
1132 1952 1291 2030 comminiss

60 2067 193 2140 seimini,
217 2077 247 2129 et
269 2068 358 2129 robus
381 2070 488 2129 ereatis
510 2069 611 2149 potius
634 2086 721 2149 quam
737 2069 798 2130 ileo
815 2070 945 2131 omnium
970 2071 1096 2131 creatori
1119 2070 1248 2135 servitis.

151 2171 202 2233 30.
247 2170 291 2230 En
314 2189 385 2249 ergo
413 2188 488 2249 quae
515 2150 600 2233 voluis
623 2171 749 2233 absurda
773 2190 807 2231 ex
829 2171 967 2231 dualitate
990 2180 1159 2232 occurrunt.
1203 2170 1317 2261 Quod,

59 2270 91 2331 si
115 2269 247 2331 Trinitas
271 2271 320 2344 sit,
342 2273 384 2333 uti
407 2273 505 2352 reipsa
528 2283 583 2346 est,
606 2290 681 2352 quse
703 2272 838 2351 quidem,
861 2283 894 2333 ut
915 2271 1119 2345 ostendimus,
1142 2270 1291 2333 indiuidua

60 2390 121 2433 nec
143 2371 296 2433 dissimilis
320 2383 375 2446 est,
399 2338 527 2435 neeesse
544 2382 590 2435 est
612 2390 700 2436 unam
723 2374 787 2434 eius
810 2391 879 2433 esse
903 2373 1104 2444 sanctitatem,
1126 2390 1215 2433 unum
1238 2390 1290 2433 ae·

60 2474 233 2534 ter-nitatem
257 2473 525 2553 immutabilemque
547 2484 692 2537 naturam.
738 2475 775 2547 Ut
797 2474 874 2534 enim
902 2474 993 2545 fides,
1024 2493 1111 2553 quam
1139 2475 1202 2534 eius
1230 2490 1290 2533 uo-

60 2575 146 2636 mine
168 2576 344 2654 aeoepimus,
368 2593 425 2635 una
449 2583 503 2647 est,
528 2585 556 2636 et
577 2594 633 2637 uos
657 2594 722 2637 euur
745 2576 806 2636 lieo
829 2575 991 2654 coniungit,
1014 2576 1139 2636 utitem
1162 2574 1212 2653 qui
1234 2570 1291 2634 ali·

60 2676 135 2757 quid
157 2678 194 2738 de
216 2676 359 2738 Trinitate
382 2675 509 2738 detrahit
531 2684 561 2737 et
583 2677 612 2736 in
634 2677 700 2739 solo
722 2677 818 2738 Patris
840 2677 886 2737 rel
901 2675 965 2737 Filii
982 2677 1102 2737 nomine
1116 2675 1290 2753 baptizatur,

59 2788 114 2840 aut
138 2778 202 2839 sine
225 2778 335 2857 Spiritu
358 2779 388 2839 in
410 2779 496 2838 Patre
519 2787 548 2838 ot
566 2777 652 2852 Filio,
674 2779 746 2840 uilril
769 2779 883 2857 accipit,
908 2778 960 2839 sed
983 2796 1091 2839 vacuus
1114 2794 1170 2838 uee
1190 2775 1291 2837 initia·

57 2888 112 2941 tus
136 2880 199 2959 ipse
222 2890 251 2940 et
272 2881 314 2950 is,
338 2880 388 2958 qui
411 2881 480 2941 dare
503 2879 633 2954 ridetur,
662 2889 776 2949 manet,
800 2880 944 2957 siquidem
967 2879 1093 2940 initiatio
1115 2875 1237 2938 nonnisi
1259 2875 1291 2936 iu

59 2982 209 3044 Trinitate
231 2983 287 3043 sita
310 2989 373 3051 est,
403 2981 442 3040 ita
472 2981 521 3058 qui
544 2980 649 3042 Filium
682 3000 699 3042 a
720 2981 808 3041 Patre
829 2981 933 3041 dividit
953 2981 998 3042 vel
1020 2979 1160 3059 Spiritum
1182 2978 1217 3038 ad
1240 2994 1290 3038 res

21 3098 24 3103 ·
59 3101 159 3163 usque
181 3092 293 3143 creatas
316 3081 473 3161 deprimit,
495 3099 551 3142 nec
572 3082 676 3144 Filium
700 3101 756 3143 uec
777 3082 894 3142 Patrem
917 3068 1014 3153 lr'abet,
1038 3080 1090 3141 sed
1112 3088 1160 3140 est
1180 3077 1290 3157 impius

58 3194 93 3248 et
114 3183 226 3245 iulideli
249 3183 389 3256 deterior,
413 3183 589 3262 quidvisque
609 3184 710 3263 potius
733 3202 821 3261 quam
837 3183 1019 3244 Christianus
1032 3181 1149 3272 *merito
1171 3198 1205 3241 ae
1226 3179 1291 3240 iure

58 3285 211 3368 potandus
234 3295 290 3346 est.
336 3284 592 3358 Quemadmodum
613 3284 691 3346 euim
707 3304 797 3346 uuum
821 3292 868 3344 est
882 3284 1040 3363 Baptisma,
1064 3282 1144 3361 quod
1159 3282 1189 3342 in
1204 3279 1291 3341 Patre

58 3395 92 3449 et
113 3384 190 3448 Filio
213 3397 243 3447 et
265 3387 379 3465 Spiritu
400 3397 502 3448 saneto
526 3387 627 3459 datur,
658 3395 690 3449 ut
712 3405 769 3448 una
792 3384 929 3447 similiter
949 3385 1022 3445 ludes
1045 3390 1092 3444 est
1112 3385 1144 3444 iu
1166 3381 1291 3444 eandem

57 3489 250 3563 trinitatem,
274 3487 521 3567 quemadmodum
545 3488 632 3551 doeet
653 3489 830 3569 Apostolus,
859 3488 897 3548 ita
919 3495 1020 3547 saneta
1042 3484 1188 3558 Trinitas,
1216 3499 1291 3562 quae

59 3590 167 3653 eadem
189 3591 218 3650 in
242 3591 340 3669 seipsa
364 3598 410 3649 est
432 3597 461 3649 et
483 3581 583 3650 secum
607 3590 673 3669 ipsa
695 3590 850 3651 coniuncta
873 3595 936 3659 est,
971 3586 1045 3648 nihil
1068 3587 1099 3647 in
1128 3605 1162 3647 se
1190 3599 1291 3644 rerum

59 3692 207 3754 lecturum
231 3691 329 3765 habet,
354 3691 483 3768 haecque
500 3690 654 3753 Trinitatis
669 3691 768 3753 unitas
790 3688 939 3751 individua
955 3698 1011 3762 est,
1035 3705 1151 3766 unaque
1166 3686 1197 3747 in
1214 3702 1286 3744 ean-

57 3906 129 3978 ὗμῖι
145 3911 222 3961 abest.
259 3911 331 3960 lidem
356 3918 379 3960 et
403 3913 460 3972 lleg.
482 3911 503 3958 l.
522 3918 578 3974 post
596 3923 652 3958 τοι·
704 3919 728 3960 et
754 3911 810 3960 editi
835 3901 1047 3975 ὑφαιρούμενος.
1097 3906 1149 3954 ltux
1175 3917 1219 3967 pro
1246 3894 1293 3948 καί

60 3979 134 4029 αὕτα
158 3979 300 4044 particulam
325 3975 376 4044 μέν
400 3980 504 4035 addunt,
536 3993 597 4042 quae
622 3980 651 4028 ab
703 3980 759 4040 lleg·
778 3978 802 4027 2.
822 3968 839 4034 ἦ
856 3978 935 4026 habet.
1214 4037 1218 4046 ι

28 4054 34 4059 “
59 4049 115 4099 aliis
135 4055 159 4097 et
177 4048 247 4096 editis
265 4048 341 4096 abest.
737 4061 759 4107 g.
779 4044 849 4096 Gobl.
868 4053 890 4093 et
909 4044 1012 4093 Felelrm.
1035 4043 1055 4090 l.
1075 4034 1153 4088 οὐδέν
1171 4042 1291 4086 omittunt

96 4117 112 4164 l.
134 4116 190 4176 lieg.
210 4116 230 4163 l.
250 4115 346 4176 Sequer.
367 4115 463 4166 Gobler.
475 4122 499 4162 et
512 4113 615 4162 Felelm.
630 4114 650 4162 l.
737 4114 759 4161 li.
779 4114 837 4175 Reg.
850 4113 872 4161 l.
891 4113 990 4174 Sequor.
1009 4109 1105 4159 Gobler.
1120 4103 1256 4186 etrlelcltm.
1269 4102 1292 4153 l.

58 4175 136 4242 risis·
151 4176 255 4241 ταύτην
272 4183 379 4241 lGohler.
399 4192 422 4232 et
440 4182 544 4232 Felclrru.
565 4182 587 4230 l.
606 4172 652 4230 αὖ·
703 4173 819 4234 εἰκότως.
858 4180 932 4229 Paulo
968 4188 1006 4228 ost
1023 4191 1068 4240 pro
1087 4169 1292 4239 διδομενονθι-

60 4246 123 4310 rq'r)
149 4245 355 4316 nwssfftffvttiwt
381 4244 472 4316 φύσις.
508 4250 563 4311 [leg.
578 4249 602 4299 2.
628 4257 651 4299 et
702 4251 741 4299 sil.
761 4250 832 4299 liubet
849 4241 1044 4313 deodtd'oprvor
1061 4250 1085 4292 et
1102 4240 1191 4304 liepl.
1210 4233 1292 4287 τελει-

60 4318 144 4369 ortos.
167 4320 204 4367 sie
223 4318 323 4367 habent:
343 4312 357 4377 ἢ
377 4312 414 4370 εἷς
431 4309 516 4376 αὐτὴν
532 4312 651 4385 παραδε-
703 4308 826 4383 eriperer.

58 4380 165 4452 δομένη
183 4381 275 4439 πίστις
293 4379 476 4451 coadunate
494 4384 557 4450 θεῷ.
593 4385 650 4435 lbid.
736 4386 751 4434 i.
769 4386 810 4434 Sie
828 4383 920 4446 Remi.
938 4382 1038 4443 Sequer.
1058 4376 1128 4429 Gobl.
1146 4384 1169 4427 et
1186 4373 1292 4451 Felelm.

53 4456 119 4517 dies.
139 4455 162 4504 l.
181 4455 280 4516 Sequor.
301 4456 438 4505 Gohleriun.
463 4462 487 4503 et
504 4455 609 4506 Felelru.
629 4454 651 4506 l.
704 4454 726 4503 l.
763 4453 844 4504 Ceteri
861 4464 916 4500 vero
935 4457 959 4498 et
975 4447 1033 4497 editi
1050 4439 1066 4505 ἧ
1086 4438 1152 4511 epta
1167 4453 1247 4511 eptas
1263 4431 1295 4489 ἐν

54 4536 133 4574 anun.
153 4521 244 4572 hahent
261 4514 495 4588 ὑπεξαιρούμενος.
531 4523 578 4573 titt
595 4536 650 4572 vero
703 4511 772 4587 αὐτῇ
791 4504 869 4575 οὖσα,
887 4509 935 4565 καί
951 4525 995 4566 etc.

1029 4594 1087 4647 l'l*
