2934 5078
524 212 529 228 ⁸
578 240 751 289 amaranto.
1228 235 1269 301 83

52 393 112 454 locos
130 391 321 473 plerosque,
357 391 410 473 qui
434 391 464 453 in
487 390 731 472 disceptationem
752 392 945 465 vocabantur,
977 396 1063 459 aliter
1084 400 1270 479 exponebant

51 494 262 574 amcitiam,
295 493 349 557 vel
382 503 464 557 oerto
484 493 540 555 alia
572 513 609 556 ex
639 494 676 557 iis
708 507 880 575 argumenta
913 497 1062 561 eruebant.
1106 500 1196 563 Cuius
1223 505 1268 565 rei

53 598 119 659 testie
138 607 187 659 est
202 596 345 657 llilarius
368 596 412 658 lle
425 594 556 657 trinitate
575 594 626 657 lib.
642 595 679 659 ll.
694 615 757 677 cop
774 600 805 661 3.
827 598 1046 670 „destiterunt
1060 607 1137 667 mua
1149 603 1267 684 plores.

53 704 92 780 pu·
117 698 299 761 ισιίοιιίιιαι
332 699 498 762 sertorem
529 697 749 777 simplicitatem
775 716 837 778 pro
872 700 1039 765 voluntatis
1071 723 1144 767 ιιιοι
1167 724 1267 777 aaron,

53 820 102 863 ιιι
116 819 177 881 pro
200 803 351 863 oerr'totr's
374 803 471 880 ipsius
492 799 681 862 absolutione
703 805 902 879 susciperent,
924 802 1016 865 olitsr
1030 809 1268 885 interpretantes

53 922 124 984 μοι
145 903 306 965 dictem
327 906 430 963 uirtus
447 900 631 981 postularet.
673 900 717 963 Ιίι
733 900 928 982 intelligentta
948 909 1026 967 esim
1041 906 1184 981 ίισινιιίι,
1207 925 1270 969 nou

54 1005 260 1084 descripturo
282 1012 347 1065 ert:
371 1012 635 1075 errassemus
657 1018 756 1065 ιιιιιιο
777 1003 815 1084 fit
837 1006 981 1066 crimem⁴⁴
1023 1006 1075 1069 llis
1098 1006 1176 1068 enim
1199 1027 1268 1069 rer·

54 1104 89 1167 lis
107 1098 343 1167 obscurioribus
364 1102 491 1164 Arianos
511 1104 701 1184 reprehendit
728 1122 789 1165 non
810 1103 889 1183 quod
910 1107 1083 1169 auctoritate
1104 1107 1269 1186 scripturae
1381 1180 1385 1188 ,

55 1207 220 1277 niterentur,
243 1222 335 1285 quarn
355 1205 423 1283 ipse
445 1203 538 1267 uhiris
559 1206 692 1285 agnoscit
713 1216 744 1269 et
765 1207 914 1286 sequitur,
936 1207 989 1269 sed
1012 1207 1091 1287 quod
1120 1228 1184 1270 eam
1207 1228 1267 1273 non

57 1307 220 1387 simpliciter
242 1314 274 1367 et
295 1312 376 1367 recte
408 1305 603 1384 intelligerent
623 1315 727 1386 etque,
758 1316 791 1369 ut
812 1307 888 1371 intra
920 1309 977 1377 ait.
1003 1321 1100 1375 mente
1126 1314 1272 1391 perversi

60 1413 145 1472 ιιιιίσ
175 1408 405 1488 contunderent
433 1418 462 1469 et
489 1407 690 1489 implicarent.
734 1408 798 1482 Qus
821 1409 936 1471 ratione
957 1410 1045 1473 simul
1067 1412 1189 1483 latetur,
1218 1431 1267 1475 ca·

62 1511 173 1572 holicos
207 1528 277 1571 cum
297 1508 415 1570 Arianis
437 1509 525 1569 etde
556 1510 718 1589 scriptura,
746 1509 912 1588 theologiae
938 1511 1145 1586 fundamento,
1175 1523 1205 1574 et
1232 1512 1269 1575 de

59 1612 110 1691 tege
138 1609 398 1691 interpretationis
429 1609 570 1690 simplicis
598 1630 633 1672 ex
662 1612 769 1673 virtute
783 1611 950 1684 dictorum.
978 1632 1066 1691 quam
1094 1613 1130 1683 ah
1159 1614 1216 1675 illis
1238 1616 1269 1678 in

58 1712 111 1792 ipra
129 1711 379 1792 interpretatione
406 1711 555 1773 observari
583 1721 686 1790 negat,
714 1712 894 1775 consentire.
936 1713 1015 1775 ldem
1045 1715 1269 1778 existimandum

60 1824 98 1875 est
115 1815 150 1875 de
170 1813 346 1875 Athanasio.
390 1812 514 1891 Saepius
536 1813 740 1894 isscripturoe
756 1814 971 1888 sufficientiam,
993 1834 1081 1895 quarn
1104 1817 1133 1877 in
1156 1817 1267 1879 scholis
1342 1816 1345 1821 ’

59 1914 188 1986 liumus,
216 1915 327 1987 laudat,
348 1914 428 1975 relut
449 1915 479 1974 in
501 1912 583 1975 Orat.
605 1916 837 1977 contradentes
864 1935 927 1996 cap.
950 1920 997 1979 1.:
1020 1907 1189 1999 αὐτάρκεις
1208 1915 1268 1998 μὲν

63 2011 119 2095 γάρ
139 2012 219 2081 εἰσιν
242 2013 279 2079 αἱ
301 2008 395 2098 ἅγιαι
415 2013 469 2079 καὶ
484 2011 708 2082 θεόπνευστοι
720 2019 847 2102 γραφαί
862 2013 948 2099 πρὸς
962 2013 1021 2101 τὴν
1036 2018 1095 2103 τῆς
1109 2010 1269 2102 ἀληθείας
1326 2028 1329 2033 ’

63 2107 273 2200 ‹irrep-saltos.
303 2129 334 2178 et
355 2119 386 2179 in
407 2119 571 2195 fragmento
592 2117 743 2198 Epistulae
770 2118 882 2182 lestalis
903 2120 1047 2183 lihrorum
1071 2120 1101 2183 V.
1125 2130 1155 2183 et
1175 2119 1210 2181 N.
1231 2120 1267 2183 Τ.

62 2236 192 2281 moenem
222 2219 406 2281 continentis
435 2219 510 2299 Opp.
540 2218 626 2281 Tom.
654 2221 678 2282 l.
704 2238 734 2299 p.
760 2223 830 2291 tet.
858 2230 931 2283 extr.
959 2221 1006 2281 ed.
1028 2222 1143 2303 Patrue
1165 2221 1269 2285 ταῦτα

61 2320 151 2403 πηγαί
172 2319 233 2385 τοῦ
257 2323 431 2404 σωτηρίου,
453 2313 540 2385 ὥστε
560 2316 618 2384 τὸν
640 2320 793 2405 διψῶντα
813 2322 881 2385 τῶν
902 2317 1086 2398 ἐντούτοις
1112 2319 1269 2407 ἐμφορεῖ-

62 2425 137 2487 σθοι
161 2421 301 2505 λογίων·
331 2418 366 2485 ἐν
393 2417 524 2497 τούτοις
551 2419 668 2503 μύνοις
695 2418 735 2485 τὸ
761 2422 820 2505 τῆς
848 2415 1013 2505 εὐσεβείας
1040 2421 1268 2489 διδασκαλεῖον

63 2514 301 2607 εὐαγγελίζεται
346 2523 440 2584 Etiam
467 2523 578 2604 Expos.
607 2523 640 2586 in
667 2524 718 2587 Ps.
747 2523 846 2587 XClll.
874 2544 901 2587 r.
924 2527 953 2589 6.
983 2525 1066 2589 Τοια.
1089 2527 1113 2588 l.
1140 2544 1169 2604 p.
1192 2528 1265 2590 930.

61 2626 102 2687 uhi
120 2626 250 2705 graviter
271 2633 389 2687 accusat
409 2642 498 2702 prave
520 2624 697 2704 scripturam
717 2625 945 2705 interpretantes
967 2627 1015 2689 his
1036 2626 1147 2688 rerhis:
1168 2626 1268 2710 χῆρον

62 2722 157 2810 mgis
178 2726 234 2790 καὶ
257 2721 466 2811 προσήλυτον
488 2725 563 2788 νοῦν
586 2716 773 2791 ἀποκτείνει
795 2719 814 2789 ὁ
834 2727 940 2802 κακῶς
959 2724 1019 2802 τὰς
1032 2720 1130 2801 θείας
1141 2722 1271 2811 γραφάς

62 2822 274 2910 ἐξηγούμενος.
320 2819 465 2911 ὀρφανὸς
487 2825 523 2890 δέ
545 2823 616 2891 ἐστι
629 2828 705 2904 ναῦς
727 2824 938 2911 ἐστερημένος
958 2820 1112 2911 οὐρανίου
1133 2823 1268 2910 πατρός.

62 2931 167 2991 arianis
191 2947 263 2991 rero
285 2928 409 3008 aliisque
431 2929 586 2991 haereticis
608 2948 623 2992 a
646 2931 767 2993 veritate
789 2929 885 2991 divina
912 2930 1010 2991 animo
1040 2930 1171 2993 alienatis
1193 2932 1270 2991 scri·

63 3041 166 3107 pturam
197 3030 273 3092 nihil
302 3031 447 3109 prodesse
473 3034 644 3111 pronuntiat
672 3033 703 3093 in
725 3031 820 3110 Epist.
848 3019 884 3092 ad
913 3033 1071 3111 episcopos
1098 3033 1216 3111 Aegypti
1241 3040 1270 3092 st

66 3129 160 3212 lihpae
183 3150 250 3211 cap.
272 3136 304 3195 l.
325 3130 411 3209 Txom.
434 3132 457 3193 l.
479 3152 509 3211 p.
525 3136 597 3198 216.
620 3133 718 3212 ibique
740 3133 807 3195 illos
830 3133 947 3195 damnat
968 3133 1138 3196 simulantes
1161 3153 1194 3195 se
1215 3152 1268 3194 ro-

66 3234 136 3296 cihus
157 3233 327 3312 scripturae
350 3232 498 3306 insistere,
520 3243 554 3297 ut
575 3235 687 3297 scilicet
708 3253 744 3295 ex
765 3233 921 3296 verborum
950 3254 1025 3296 sono
1053 3243 1133 3295 recte
1160 3234 1269 3297 sentire

64 3335 223 3396 riderentur
252 3352 286 3395 ac
315 3333 422 3395 deinde
447 3336 577 3397 miseros
599 3335 736 3405 homines
757 3335 788 3397 in
810 3336 972 3401 sententies
993 3355 1009 3397 a
1031 3337 1174 3415 scriptura
1196 3336 1269 3396 alie-

66 3453 111 3497 nas
141 3454 324 3514 erroresque
357 3435 538 3498 inducerent.
593 3436 702 3499 Graeca
736 3448 820 3498 sunt:
854 3428 983 3519 ἀπάτης
1016 3433 1051 3500 δὲ
1080 3433 1174 3517 χάριν
1205 3437 1271 3500 τῶν

67 3529 303 3618 ἁπλουστέρων,
327 3529 395 3599 οἷοί
417 3533 480 3600 slot
495 3537 571 3620 περὶ
584 3523 630 3601 ὧν
642 3534 675 3602 ἐν
689 3540 894 3620 Παρσιμίσις
906 3540 1102 3620 γέγραπται·
1125 3533 1270 3612 ὐκακος

66 3636 250 3704 πιστεύει
277 3637 403 3702 παντί
431 3635 551 3721 λόγῳ·
581 3637 833 3723 σχηματίζονται
854 3636 991 3720 μελετᾶν
1011 3639 1065 3702 καί
1088 3637 1190 3721 λέγειν
1211 3634 1271 3714 τὰς

68 3737 167 3818 λέξεις,
191 3733 239 3815 ὥς
261 3731 279 3802 d
302 3734 413 3823 πατὴρ
437 3731 543 3805 αὐτῶν
566 3737 734 3823 διάβολος,
757 3736 869 3804 iso—ds
893 3740 959 3803 τῶν
987 3738 1103 3816 λέξεων
1131 3735 1270 3816 δόξωσιν

68 3834 158 3920 deride
186 3840 271 3922 ἔχειν
299 3840 354 3904 καί
383 3836 422 3903 τὸ
445 3837 611 3924 φρόνημα,
639 3842 693 3906 καί
719 3838 759 3905 τὸ
787 3838 906 3905 λοιπὸν
934 3846 1077 3906 πείσωσι
1099 3836 1193 3923 παρὰ
1211 3838 1271 3916 τὰς

68 3942 196 4029 γραφὰς·
211 3952 349 4028 φρονεῖν
378 3938 455 4017 τούς
481 3938 714 4024 ταλαιπώρους
742 3935 951 4025 ἀνθρώπους.
1002 3945 1144 4005 himinum
1173 3942 1271 4004 Ariani

69 4048 204 4109 catholicis
228 4047 389 4108 claritatem
412 4063 515 4106 vocum
538 4055 567 4106 et
588 4046 778 4109 formularum
794 4045 823 4105 in
846 4046 990 4124 scriptura
1012 4064 1072 4106 non
1094 4043 1268 4106 exstantium

70 4146 236 4228 inputahant
271 4167 366 4227 seque
389 4146 419 4206 in
453 4156 583 4207 accurata
617 4147 652 4206 ad
685 4147 809 4208 litteram
842 4146 1082 4225 interpretatione
1115 4145 1267 4207 iactabant.

71 4247 157 4313 (antra
184 4251 367 4313 Athanasius
396 4248 472 4309 hano
498 4249 714 4309 simulationem
743 4266 810 4308 esse
835 4247 954 4325 putahat
982 4256 1011 4308 et
1039 4247 1269 4321 fallaciamque

72 4347 187 4416 homines
210 4354 365 4433 simplices
388 4350 427 4410 arl
448 4349 534 4410 verba
557 4350 696 4411 duntaxat
722 4349 905 4410 attendentes
933 4367 989 4409 nec
1010 4366 1130 4409 sensum
1151 4343 1269 4424 perspi-

73 4452 162 4518 cientes
184 4449 216 4529 (ὁ
231 4454 391 4528 τοιοῦτος
405 4446 448 4515 τά
469 4444 626 4534 λεγόμενα
646 4445 747 4533 μόνον
769 4449 902 4514 σκοπῶν
923 4448 976 4513 καί
989 4444 1034 4531 μὴ
1049 4445 1107 4512 τίν
1123 4439 1269 4510 διάνοιαν
1363 4504 1365 4508 i

1049 4548 1066 4596 c
