2948 5092
452 267 589 333 'ourro
605 287 626 332 ι.
642 288 758 333 εειιιιι
772 289 907 334 suanos.
1233 276 1298 344 m

149 442 203 507 3&
249 439 337 514 Quod
360 441 386 501 si
409 438 483 501 haec
504 439 621 501 illorum
645 448 692 500 est
713 439 750 500 de
773 439 924 502 Salvatore
947 442 1110 516 sententia,
1144 453 1385 524 sequanorum,

68 563 131 606 cum
153 561 253 622 neque
274 559 377 604 vorum
398 542 492 604 Deum
513 560 610 619 neque
632 556 734 603 rerum
756 541 862 603 Filium
885 544 1097 622 neque-Patris
1120 564 1187 607 esse
1209 545 1296 608 simi·

68 646 137 717 lem,
166 663 224 707 neo
245 644 341 705 lleum
362 641 410 704 sui
432 641 527 721 ipsius
550 641 712 703 secundum
734 642 931 704 substantiam
953 652 1067 724 patrem
1090 645 1220 727 habere,
1243 646 1298 711 scd

68 746 161 808 solius
192 744 251 807 sibi
281 762 441 806 concessae
463 742 589 822 gratiae,
619 761 654 805 ac
681 743 807 823 denique
830 744 922 806 Deum
945 754 1109 808 creatorem
1131 749 1177 810 sui
1201 748 1297 828 ipsius
1349 777 1352 784 ·

68 847 232 911 seecundum
260 845 456 908 substantiam
485 844 572 906 sicuti
604 862 655 906 res
682 845 754 906 alias
783 865 887 907 omnes
915 847 1033 909 hahere.
1086 849 1173 922 Quod
1202 850 1228 910 si
1257 849 1298 913 sit
1389 892 1395 897 -

67 948 224 1021 eiusmodi,
247 955 280 1008 ut
300 946 343 1008 illi
366 947 476 1019 volunt,
499 946 568 1007 inde
590 946 699 1008 clarum
723 947 794 1019 erit,
817 965 884 1009 eum
907 948 944 1011 ab
966 950 1050 1012 initio
1072 968 1134 1012 non
1158 950 1298 1013 habuisse

66 1050 128 1113 lilii
150 1069 274 1122 nornen,
298 1049 326 1111 si
348 1048 487 1109 nimirum
511 1046 540 1108 id
563 1047 756 1110 nominis'illi
774 1048 915 1111 tributum
931 1051 970 1111 sit
991 1059 1130 1130 tanquam
1152 1053 1296 1113 laetorum

65 1152 171 1233 suique
192 1151 358 1234 praemium
381 1168 572 1230 progressus,
596 1149 644 1228 qui
667 1149 785 1229 quidum
808 1150 906 1214 nullus
929 1151 984 1212 luit
1006 1153 1096 1226 alius,
1119 1171 1208 1232 quam
1230 1172 1297 1216 cum

65 1241 157 1316 laetus
182 1255 342 1317 esthemo
364 1259 394 1313 ει
416 1252 494 1313 servi
517 1253 642 1313 formam
665 1253 788 1332 accepit.
833 1253 1011 1315 'luncenim
1033 1263 1089 1326 est,
1112 1272 1178 1317 oum
1201 1257 1297 1317 lactus

64 1356 210 1418 obediens
232 1374 328 1435 usque
350 1355 387 1416 ad
409 1362 546 1424 mortem,
570 1353 714 1415 exaltatus
730 1373 797 1416 esse
814 1364 843 1416 ει
865 1355 922 1415 hoc
944 1374 1052 1417 nornen
1076 1336 1213 1435 tanquam
1230 1355 1296 1417 sin-

63 1458 197 1536 gularem
221 1457 342 1537 gratiam
365 1456 516 1535 accepisse
538 1456 655 1529 dicitur,
678 1467 713 1518 ut
732 1462 763 1518 r'n
778 1461 897 1520 crumino
912 1457 982 1520 lesu
998 1477 1082 1520 omne
1096 1477 1174 1537 penu
1189 1461 1297 1538 (lecto-

65 1569 126 1621 tur.
174 1558 255 1631 Quid
277 1576 348 1637 ergo
371 1557 426 1619 tuit
447 1567 543 1629 antea,
570 1557 597 1618 si
619 1565 691 1618 tunc
712 1557 855 1620 exaltatus
877 1569 923 1621 est
946 1559 1102 1638 coepitque
1123 1560 1242 1621 adorari
1264 1543 1299 1623 ac

62 1658 156 1721 Filius
181 1668 229 1722 est
249 1659 423 1739 appellatus
447 1677 513 1720 cum
533 1661 629 1720 lactus
652 1658 708 1720 tuit
729 1658 844 1720 homo?
890 1660 1009 1722 Videtur
1024 1659 1102 1722 enirn
1118 1660 1196 1721 nulla
1219 1661 1249 1720 in
1264 1678 1298 1723 ro

63 1781 184 1824 caruem
213 1760 367 1823 meliorem
397 1760 579 1833 reddidisse,
615 1761 667 1822 scd
702 1761 800 1840 ipsum
830 1761 930 1840 potius
959 1781 1013 1842 per
1047 1781 1110 1823 eam
1144 1760 1297 1823 meliorem

63 1866 158 1927 luisse
181 1865 329 1936 ellectum,
353 1863 379 1924 si
403 1861 539 1924 nimirum
562 1871 642 1936 tunc,
666 1870 700 1923 ιιι
721 1862 810 1942 impie
833 1871 946 1943 putant,
970 1863 1112 1925 exaltatus
1133 1871 1180 1925 est
1202 1870 1231 1922 ει
1245 1860 1297 1925 ri-

62 1967 121 2031 lius
144 1965 252 2038 dictus,
275 1985 341 2027 cum
363 1966 458 2026 lactus
480 1973 527 2026 est
547 1964 650 2026 homo.
698 1965 775 2038 Quid
798 1947 889 2044 igitur
906 1974 974 2032 ‚erat
992 1964 1102 2027 antea?
1145 1966 1218 2027 Nam
1240 1982 1298 2027 ne·

63 2088 148 2130 cesse
171 2064 220 2130 est
240 2085 294 2129 cos
318 2067 423 2130 iterum
447 2067 646 2145 interrogare,
677 2075 708 2129 ut
737 2068 825 2128 linem
849 2067 966 2128 illorum
995 2067 1155 2147 impietatis
1180 2065 1298 2129 tandem
1351 2072 1354 2077 ’

64 2169 270 2249 inspiciamus.
315 2168 347 2231 Si
370 2168 449 2230 enim
472 2168 616 2230 Dominus
639 2176 687 2230 est
707 2168 803 2242 lleus,
826 2169 918 2230 Filius
941 2178 971 2231 ει
993 2169 1137 2241 Verbum,
1166 2166 1299 2252 nihilque

61 2272 171 2332 horum
193 2279 259 2355 erat
278 2268 450 2349 priusquam
473 2271 563 2330 homo
585 2270 687 2342 lieren
709 2270 753 2331 vel
776 2279 856 2331 certe
879 2270 987 2350 aliquid
1003 2270 1081 2332 aliud
1097 2278 1160 2331 erat
1181 2274 1300 2348 praetor

62 2372 128 2443 illa,
155 2389 286 2452 quorum
313 2377 420 2451 postea
449 2370 488 2431 ob
516 2371 656 2432 virtutem
686 2378 732 2433 est
753 2373 902 2451 particeps
927 2374 1066 2441 ellectus,
1094 2372 1138 2432 uti
1160 2370 1298 2443 diximus,

61 2475 107 2536 rel
130 2473 227 2548 aliud,
257 2473 337 2552 quod
360 2473 479 2553 quidem
501 2473 532 2533 in
555 2473 691 2552 ipsorum
713 2474 852 2535 reciderit
875 2474 985 2553 capita,
1014 2473 1081 2534 illos
1106 2488 1230 2533 necesse
1252 2475 1300 2541 est

62 2577 172 2648 dicere,
197 2593 265 2637 eum
289 2573 401 2636 scilicet
422 2593 519 2653 neque
543 2583 627 2635 antea
650 2575 794 2644 extitisse,
824 2575 877 2637 sed
902 2585 995 2636 totum
1018 2577 1122 2635 natura
1145 2572 1298 2634 hominem

63 2678 162 2738 solum
185 2695 255 2738 essu
278 2675 408 2755 nihilque
430 2676 566 2756 amplius.
611 2676 718 2737 Verum
743 2678 815 2737 haec
837 2695 897 2737 nun
921 2686 967 2739 est
981 2676 1130 2737 Ecclesiae
1152 2673 1298 2745 doctrino,

62 2779 118 2841 sed
141 2777 365 2840 Samosatensis
395 2777 542 2856 huiusque
570 2778 714 2857 temporis
743 2778 931 2838 ludaeorum.
977 2778 1048 2838 Cum
1078 2775 1166 2854 igitur
1194 2771 1298 2834 eadem

62 2883 153 2959 atque
176 2880 216 2941 illi
241 2879 388 2950 sentiant,
409 2898 461 2941 cur
484 2885 545 2939 nnn
568 2886 600 2940 ιιι
621 2879 722 2940 ludaei
745 2879 1011 2950 circumciduntur,
1040 2877 1091 2938 sed
1119 2876 1185 2936 ficte
1209 2871 1298 2935 Chri·
1363 2916 1370 2925 .

62 2982 190 3042 stianam
213 2981 392 3060 profitentur
413 2981 500 3041 fidem
524 2988 553 3041 et
575 2990 676 3043 contra
700 3000 764 3042 eam
789 2979 965 3041 decertant?
997 2979 1071 3039 Nam
1094 2978 1120 3038 si
1136 2985 1222 3038 antea
1238 2991 1381 3064 nonnus

63 3094 128 3145 erat
150 3091 201 3146 aut
224 3083 264 3144 ita
287 3091 365 3154 erat,
393 3090 426 3143 ut
447 3092 552 3161 postea
575 3082 681 3153 melior
702 3084 741 3144 sit
763 3083 912 3152 redditus,
944 3081 1095 3161 quomodo
1123 3097 1177 3158 per
1200 3077 1298 3156 ipsum

63 3187 139 3247 lacta
163 3194 236 3246 sunt
257 3182 381 3244 omnia?
425 3183 476 3244 Vel
500 3183 525 3244 si
548 3164 698 3262 perlectus
721 3204 781 3245 oon
805 3195 878 3257 erat,
902 3183 1053 3263 quomodo
1069 3182 1099 3242 in
1123 3180 1190 3259 ipso
1213 3177 1299 3240 oble·
1324 3167 1334 3183 ⁰

63 3286 201 3349 cubator
222 3284 335 3348 Pater?
367 3285 399 3347 Si
421 3303 512 3365 porro
536 3285 601 3365 ipse
625 3286 730 3347 melior
753 3272 874 3347 ellectus
897 3295 953 3353 est.
976 3283 1127 3364 quomodo
1143 3291 1229 3342 antea
1245 3296 1300 3341 co·

62 3408 129 3451 ram
151 3388 241 3449 Patre
263 3385 449 3448 laetabatur?
492 3388 666 3462 Praeterea,
699 3388 726 3449 si
755 3398 824 3466 post
853 3396 978 3449 mortem
1007 3386 1049 3447 illi
1078 3386 1177 3447 datum
1200 3386 1304 3443 estut

63 3490 252 3561 adoraretur,
275 3488 425 3567 quomodo
448 3488 529 3549 illurn
545 3489 728 3551 Abrahamus
744 3489 774 3549 in
790 3488 977 3549 tabernaculo
1001 3495 1031 3548 et
1043 3487 1161 3565 Moyses
1176 3484 1207 3543 in
1222 3480 1300 3558 subo

63 3591 210 3653 adorasse
233 3599 452 3673 memorantur,
482 3599 512 3652 ει
534 3599 566 3651 ιιι
587 3584 660 3652 victl
683 3591 800 3662 Daniel,
830 3591 919 3651 millia
941 3589 1067 3669 plurima
1090 3584 1301 3667 ministrabant

64 3691 117 3754 ei?
152 3691 184 3753 Si
209 3691 279 3753 item
303 3693 464 3753 secundum
482 3692 549 3753 illos
572 3692 679 3753 melior
700 3711 779 3754 nunc
802 3695 895 3752 hctus
918 3701 975 3763 est,
998 3689 1149 3768 quomodo
1164 3682 1301 3746 caelestis

66 3795 191 3874 gloriae,
216 3813 273 3874 qua
295 3803 363 3855 ante
384 3794 528 3856 rnundum
544 3794 712 3869 „innobatum
736 3812 852 3855 memor
874 3794 941 3872 ipse
956 3790 1047 3851 Filius
1070 3787 1201 3850 dicebat:
1227 3784 1300 3867 Glo-⁴

65 3898 227 3976 rifieo-are
249 3907 297 3967 tu,
322 3895 428 3968 Pater,
451 3895 552 3976 plorr'o
574 3917 662 3978 quam
684 3896 766 3977 opud
789 3907 817 3958 te
840 3896 946 3965 dolui,
965 3898 1148 3973 priusquam
1168 3886 1301 3947 mundus

103 4116 119 4165 l.
143 4116 185 4166 Sic
202 4116 344 4178 Seguerian.
380 4117 407 4165 Ar
432 4116 473 4166 alii
498 4125 522 4166 et
540 4118 596 4166 editi
615 4107 662 4166 ἅν-
712 4116 785 4180 paulo
804 4123 861 4178 post
877 4106 966 4162 αὐτὸν
982 4105 1013 4161 ἐν
1028 4109 1062 4177 τῇ
1074 4105 1168 4172 σκηνῇ,
1188 4111 1214 4153 ιιι
1232 4099 1304 4159 etlcq

63 4185 189 4248 sponoe.
624 4189 628 4197 '
713 4187 744 4245 git
763 4183 878 4232 llaunius.
915 4182 942 4231 ln
968 4183 1022 4230 slus
1047 4188 1069 4227 ct
1094 4177 1165 4224 editis
1189 4158 1304 4220 deestis

102 4269 121 4314 g.
143 4255 184 4302 Sic
202 4252 344 4311 Segoerian.
369 4249 442 4301 nasu.
461 4251 583 4311 Anglicsn.
603 4253 659 4314 Reg.
711 4250 744 4317 τῇ
763 4249 853 4316 σκηνῇ.
1250 4294 1258 4313 ,

65 4322 166 4372 Gobler.
185 4328 209 4368 et
228 4320 335 4368 Felelrm.
354 4318 375 4367 l.
394 4318 460 4369 etd.
494 4319 538 4368 Alii
564 4335 619 4368 uero
638 4327 662 4370 ει
746 4320 760 4367 i.
786 4309 993 4381 &guermundi
1017 4302 1201 4389 ὖπερκσσιιίου
1225 4298 1304 4360 dofle
1368 4371 1373 4377 .

65 4392 140 4438 editio
166 4389 310 4437 eommeun.
336 4377 362 4435 εἰ
384 4385 433 4434 νῦν
459 4382 564 4441 τέλειος.
609 4387 659 4436 llor
712 4375 804 4435 αὐτοῦ.
843 4387 907 4435 ldem
927 4399 981 4434 mox
998 4395 1034 4447 με
1051 4393 1101 4436 συ,
1120 4388 1216 4440 nureo,
1237 4375 1304 4446 ¹1¹⁰}

64 4460 166 4521 Sernes.
183 4451 231 4504 καὶ
250 4447 333 4510 airis
349 4467 390 4518 γε.
712 4456 815 4505 haustor
837 4456 904 4505 loro.
926 4453 966 4513 ll,
984 4452 1008 4500 t.
1044 4450 1106 4500 Ediri
1133 4460 1187 4496 vero
1211 4447 1237 4491 ει
1261 4436 1303 4496 rlrl

101 4528 124 4576 t.
143 4529 244 4588 segnes.
272 4517 411 4591 aposolus»
440 4516 553 4590 πατρὸς.
593 4523 660 4592 ldem
710 4536 747 4597 pc
762 4512 859 4589 πάτερ.
1225 4540 1228 4547 ·

100 4614 228 4658 Διιιιιιιιι
239 4624 293 4658 err.
303 4623 376 4659 noer.
389 4624 438 4656 m.
1067 4600 1097 4650 15
