2948 5092
456 242 602 317 quator.
618 238 882 301 conmanunt.
1225 232 1292 303 m

63 402 183 481 iungam
202 414 219 459 a
240 395 331 459 Patra
351 400 384 457 et
404 393 535 455 omnium
559 392 695 472 opificem
717 391 804 453 inter·
824 411 913 472 opera
936 403 1102 457 manerent.
1146 397 1225 476 Sane
1245 392 1378 472 illinon.
1406 394 1414 405 ’

61 502 148 573 etiam
169 496 281 561 ideirco
303 494 492 559 damnatione
514 494 595 573 digni
617 493 743 567 tuerint,
776 494 856 573 quod
885 512 950 557 cum
979 495 1134 577 Episcopis
1162 500 1288 567 Nicaeae

61 600 245 682 congregatis
267 597 385 661 crimini
407 598 477 658 dent
498 595 648 657 uocabulis
670 613 731 655 non
754 595 874 674 scriptis
898 615 970 657 usos
992 616 1071 672 esse,
1095 604 1211 665 tametsi
1226 623 1288 668 non

61 705 158 785 impiis
183 702 236 764 aed
258 701 361 782 potios
384 699 420 760 ad
442 698 559 760 illorum
582 697 762 777 impietatem
784 699 971 760 avertendam
994 701 1147 780 aptissime
1169 706 1288 784 positia,

60 809 115 888 ipai
137 824 194 868 aua
215 812 324 885 sponte
345 802 469 863 eandem
491 819 552 862 non
571 799 709 862 dubitent
731 799 832 861 subire
847 799 1091 878 criminationem,
1113 805 1182 868 dum
1198 796 1293 872 roccaex

61 926 119 971 non
141 907 270 987 acriptaa
293 891 663 984 usurpant,⁰conritiaqoe
684 901 851 980 excogitant
870 901 1012 965 adversus
1034 903 1209 981 Dominum,
1234 930 1290 975 nec

61 1028 93 1071 ea
113 1015 312 1089 cognoscunt,
334 1024 409 1085 quaa
430 998 488 1084 ipai
510 1003 612 1065 dicunt
632 1010 663 1066 et
676 1010 858 1065 asseverant.
891 1003 1078 1086 interrogent
1092 1007 1190 1089 itaque
1205 996 1288 1074 Genss

61 1110 142 1184 tiles,
171 1128 191 1171 a
211 1107 323 1187 quibua
343 1105 513 1169 huiusmodi
536 1104 666 1167 didicere
687 1104 848 1167 dictionem
877 1111 945 1177 (nec
967 1110 1046 1169 enim
1069 1108 1288 1189 Scriptnrarum

63 1212 113 1273 aad
137 1211 259 1273 illonrm
280 1206 417 1270 anxiata
440 1215 639 1269 commentum
663 1214 736 1282 eat),
766 1215 798 1268 ut
827 1207 916 1269 variis
938 1209 1002 1270 eins
1024 1209 1288 1289 significationibus

61 1312 170 1375 inditia
192 1306 374 1389 intelligant,
401 1328 435 1373 ae
457 1327 495 1370 ne
517 1309 554 1370 de
577 1308 624 1370 hia
645 1308 780 1387 quidem,
810 1310 847 1370 de
876 1310 983 1388 quibua
1011 1312 1179 1389 disserunt,
1206 1324 1289 1379 recte

61 1430 152 1477 noane
178 1410 375 1490 interrogare.
424 1410 487 1490 Ego
516 1411 595 1472 enim
622 1420 745 1490 propter
774 1410 842 1472 ilios
872 1412 961 1474 didici
989 1415 1189 1477 non-lactum
1216 1416 1287 1492 dici,
1296 1440 1371 1496 aa,

61 1513 139 1594 quod
160 1512 296 1575 nondum
317 1514 426 1574 iactuum
448 1520 510 1586 eat,
539 1512 593 1573 aed
621 1512 685 1574 lieri
708 1522 823 1593 potest.
853 1522 883 1575 ut
912 1514 1039 1593 lignum,
1068 1517 1148 1595 quod
1169 1517 1288 1597 quidem

62 1616 194 1679 nondum
215 1615 326 1695 acapna
348 1623 394 1676 eat
415 1616 540 1689 iactum,
568 1614 622 1676 aed
644 1614 709 1676 lieri
730 1623 839 1695 potest
883 1615 1000 1678 liursns
1023 1620 1210 1681 non-iactum
1234 1640 1289 1683 ro-

63 1725 137 1793 cmt,
158 1716 242 1797 quod
264 1735 360 1796 neque
382 1716 490 1778 lactum
511 1723 559 1777 est
579 1734 675 1795 neque
698 1735 825 1797 unquam
847 1718 910 1779 lieri
934 1727 1043 1798 potest,
1071 1727 1103 1781 nt
1125 1721 1288 1801 triangulus

63 1818 278 1901 quadrangulus
312 1827 342 1881 et
363 1837 506 1880 numerus
527 1836 581 1898 par
603 1817 708 1898 impar.
750 1819 811 1881 Nec
839 1820 918 1882 enim
948 1821 1111 1900 triangulus
1139 1826 1289 1902 quadran·

65 1921 147 2001 gaina
167 1939 300 2002 unquam
321 1920 387 1994 luit,
410 1929 459 1982 aut
480 1939 610 2000 unquam
631 1922 748 1983 iuturus
771 1929 827 1994 est,
850 1940 905 1983 nec
923 1922 993 1983 item
1009 1942 1150 1986 numerus
1166 1944 1220 2005 par
1234 1925 1291 1988 init

66 2024 107 2085 rel
128 2024 187 2086 erit
207 2042 338 2102 unquam
360 2021 465 2102 impar.
509 2024 665 2084 Praeterea
686 2021 794 2086 dicitur
815 2025 1034 2098 non-lactum,
1067 2026 1147 2106 qnod
1169 2027 1290 2106 quidem

67 2126 171 2199 existit,
194 2125 249 2188 aed
271 2124 410 2187 ernnllo
433 2131 480 2185 eat
499 2132 616 2198 natum,
633 2125 842 2205 neminemque
857 2145 983 2206 prorsus
999 2127 1045 2190 sui
1060 2138 1175 2207 patrem
1191 2128 1289 2193 habet.

65 2227 194 2289 leterius
216 2226 490 2308 quoqne.s0puisn
513 2226 688 2289 valerrimua
717 2237 748 2288 et
773 2228 908 2290 haeresia
935 2236 1080 2308 petranus
1108 2230 1138 2291 in
1166 2231 1289 2310 proprio

68 2329 205 2409 opuamlo
228 2328 350 2401 addidit,
373 2330 562 2390 non-iactum
585 2348 653 2391 esse
676 2329 716 2402 id,
739 2329 820 2409 qnod
839 2346 903 2393 non
925 2341 972 2393 eat
993 2332 1111 2400 iactum,
1134 2332 1188 2393 aed
1209 2333 1288 2411 qnod

67 2449 181 2512 semper
202 2439 260 2493 est.
303 2431 405 2513 ltaque
427 2448 556 2509 quonam
578 2449 670 2493 sensu
693 2451 795 2493 rocem
817 2431 983 2494 non-iacti
1005 2431 1212 2512 intelligerent,
1234 2452 1289 2494 ne·
1323 2456 1329 2467 ·

68 2553 146 2596 cesse
168 2541 234 2595 erat
255 2552 309 2595 eos
331 2532 542 2613 interrogando
565 2533 720 2614 explicare,
744 2543 778 2597 ut
798 2533 933 2595 videlieet
955 2534 992 2610 is,
1016 2535 1066 2613 qui
1083 2533 1289 2612 interrogaba-

68 2646 121 2712 tur,
142 2638 200 2699 rite
221 2643 328 2716 posset
349 2635 542 2716 respondere.

146 2842 199 2904 31.
245 2837 377 2911 Quodsi
399 2847 527 2899 serecte
549 2845 654 2916 putant
675 2837 860 2916 interrogare
883 2856 949 2898 curn
973 2836 1069 2898 aiunt:
1092 2836 1229 2898 Unumne
1245 2847 1292 2899 eat
1347 2894 1378 2918 ,-

70 2942 252 3003 non-iactum
274 2958 312 3001 an
334 2938 417 3001 dno?
439 2940 567 3019 primum
583 2939 701 3019 quidem
718 2948 750 3000 ut
765 2938 893 3019 imperiti
909 2939 1037 3000 audituri
1054 2949 1133 3011 sunt,
1156 2947 1185 2999 et
1200 2938 1290 2999 multa

68 3051 94 3128 et
113 3043 187 3105 nihil
209 3062 296 3115 esse,
326 3041 451 3122 plurima
475 3042 612 3121 inquam²
638 3061 713 3121 quae
736 3061 805 3109 esse
826 3049 971 3121 possunt,
1000 3040 1073 3102 ninii
1095 3059 1181 3111 vero,
1210 3041 1291 3120 quod

68 3145 128 3206 lieri
149 3164 210 3205 non
234 3153 334 3224 queat,
356 3144 602 3224 quemadmodum
625 3143 735 3205 dictum
758 3151 814 3204 est.
858 3143 917 3204 Sed
940 3145 967 3204 si
990 3153 1022 3204 ut
1040 3142 1160 3204 asterio
1182 3142 1293 3222 placuit

66 3265 122 3307 non
146 3247 187 3319 id,
209 3247 291 3326 quod
313 3247 422 3308 iactum
444 3256 499 3319 est,
523 3246 576 3306 sed
599 3246 677 3325 quod
700 3263 818 3324 semper
840 3254 896 3317 est,
920 3247 1118 3307 non-lactum
1143 3263 1226 3317 esse,
1249 3244 1294 3307 aic

66 3346 104 3409 illi
125 3346 185 3408 hoc
207 3366 299 3409 sensu
322 3347 526 3426 interrogant,
549 3346 669 3409 audiani
691 3367 746 3408 nec
769 3347 860 3407 semel
884 3346 937 3409 sed
960 3347 1089 3427 saepius,
1113 3345 1219 3407 Filium
1241 3364 1293 3407 ae·

66 3448 193 3510 cundum
215 3449 293 3510 hanc
314 3449 557 3531 significationem
580 3451 769 3510 non-iactum
791 3467 882 3527 posse
906 3447 974 3508 dici.
1017 3448 1149 3526 Namque
1171 3466 1227 3508 nec
1248 3455 1295 3508 cst

63 3661 124 3718 οὔτε
139 3662 197 3736 γάρ
216 3677 262 3719 etc
299 3669 373 3718 Paulo
400 3679 455 3732 post
474 3672 572 3731 Segner.
592 3652 655 3719 eide
706 3671 768 3720 Editi
787 3668 882 3717 νοοῦσι
906 3664 937 3717 τὸ
956 3659 1115 3733 ἀγέννητον.
1153 3664 1295 3715 neieina.

65 3728 194 3802 ὅίρτιος
201 3774 267 3787 .....
287 3727 350 3785 eidi
366 3727 470 3800 γένοιτ’
491 3731 534 3788 ἄν.
707 3740 764 3788 ibid.
785 3730 841 3787 ἔδει
859 3733 1101 3802 προςποιηθέντιις.

94 3822 118 3868 g.
137 3808 239 3868 Seguer.
257 3805 356 3855 Gobler.
380 3814 404 3854 et
422 3806 524 3856 i'elclrm.
544 3806 566 3856 1.
594 3795 656 3871 ciri·
741 3809 755 3855 i.
774 3807 873 3867 Segner.
893 3797 1034 3869 ἀγένητον.
1066 3792 1296 3866 Εάἰιίἇγέννητον.

63 3883 188 3932 ruroret
207 3867 458 3938 mergimur.
496 3876 557 3924 Eam
574 3883 597 3923 et
615 3873 655 3924 aiii
741 3870 1188 3937 usumseprauu·telerna,
1212 3871 1299 3933 quint

63 3935 215 4006 ἇγίννητον
233 3949 257 3990 et
272 3935 311 4007 μὴ
329 3937 470 4006 γεννηθέν.
707 3943 763 3990 editi
783 3942 898 3990 mendose
918 3943 988 3990 habet
1006 3931 1097 4007 p'pqot.
1128 3939 1297 3998 lloxSegner,
1389 3960 1392 3967 ¹

97 4015 122 4060 ln.
140 4014 241 4070 Seguer.
260 4011 464 4076 συνταγματίῳ.
499 4010 560 4059 Editi
575 4018 597 4059 et
615 4009 656 4059 alii
707 4010 856 4068 Basiiiennia,
876 4010 977 4071 inglia,
997 4010 1093 4075 Gobler.
1114 4013 1137 4056 et
1156 4003 1297 4054 Palatini.

62 4071 244 4198 {canni
273 4068 657 4205 instruereque
708 4068 845 4192 turn
865 4065 963 4195 in.
985 4062 1305 4209 ,illu

61 4230 99 4330 l?
110 4161 460 4348 gesaqsszxqrqgiklz‘rqrg
476 4214 657 4347 pipdiilniliilli
707 4208 953 4343 ⁷¹‘'iil‘gl‘gcuerianna,
971 4280 1067 4339 Regius,
1085 4272 1232 4350 Bononiensis,
1251 4271 1299 4320 in·

65 4298 124 4399 ili'
145 4343 186 4403 dei
205 4343 245 4402 ὄν.
282 4352 344 4402 ibid.
366 4350 464 4413 inguen.
484 4351 573 4410 etiieg.
588 4342 659 4426 ²1¹3&
709 4349 827 4410 glicanua,
847 4347 946 4399 Gabiar.
964 4357 987 4396 et
1006 4347 1109 4394 Felclm.
1124 4341 1145 4390 l.
1162 4350 1299 4416 αγενηῐοξ.

62 4420 145 4469 ποῖον
167 4415 270 4470 τοίνυν.
313 4419 379 4469 Editi
400 4411 470 4466 κατὰ
493 4416 575 4465 ποῖον
601 4430 658 4466 ουν.
709 4417 770 4466 Editi
789 4407 943 4480 ἀγέννητοι.
981 4415 1033 4462 llox
1052 4410 1179 4460 Feleiman
1202 4407 1224 4455 5.
1243 4418 1301 4453 των

63 4490 124 4543 ue·
140 4491 240 4554 Segner.
259 4483 443 4547 {trajector
465 4479 497 4534 τὸ
516 4477 658 4551 ἀγένητον.
707 4482 856 4549 γεννητῶν.
875 4471 1299 4540 Ηΰειοάιιίοῦοωωι1.γενηιιόν.

101 4576 229 4623 trunam
241 4588 296 4622 oar.
309 4564 389 4619 ration.⁸
399 4583 447 4615 aaa.
496 4633 501 4642 ι
1067 4562 1099 4612 14
