2948 5092
289 1006 774 1080 Structurarum
811 1009 1037 1085 dosunt

443 1168 894 1284 truantslt

345 1325 990 1382 ARClllEPlSCOPthEXhNDthE
1062 1386 1068 1391 ,

378 1446 669 1509 inversus
705 1449 952 1534 latinos

524 1582 810 1635 ontrtorutttt.

505 1776 818 1788 Μ

135 1977 164 2034 1.
212 1973 326 2034 Omnes
348 1972 466 2050 quidem
489 1972 641 2045 haereses,
665 1982 809 2051 quotquot
830 1974 971 2035 hacteuus
994 1995 1010 2036 a
1032 1977 1152 2038 veritate
1175 1998 1362 2052 reces-pne.

57 2092 132 2148 sere,
166 2073 290 2135 evidens
313 2081 362 2134 est
382 2073 502 2134 insanas
527 2073 583 2134 sibi
606 2075 790 2152 excogitasse
820 2074 994 2154 opiniones,
1024 2077 1195 2158 illarumque
1217 2080 1276 2142 im-

56 2175 142 2255 pietas
165 2175 306 2237 omnihus
329 2175 387 2236 iam
410 2175 520 2236 dudum
543 2185 589 2236 est
610 2177 762 2255 patefacta.
807 2176 939 2238 Dubitari
968 2179 1046 2239 enim
1075 2199 1135 2241 non
1155 2191 1278 2260 potest,

57 2278 117 2355 quin
139 2296 244 2338 eertum
266 2285 404 2338 auctores
427 2296 465 2338 ec
487 2279 573 2339 nohis
596 2281 737 2348 exieriut,
762 2278 1008 2356 quemadmodum
1032 2282 1152 2361 scripsit
1173 2284 1278 2346 heatus

58 2377 186 2453 loannes,
211 2378 448 2457 quandoquidem
471 2397 567 2458 neque
589 2379 643 2439 luit
664 2398 812 2457 reliquam,
838 2399 933 2459 neque
955 2400 1034 2442 ntrrtc
1055 2384 1211 2445 nobiscum
1234 2395 1280 2448 est

60 2479 165 2542 ilomm
188 2480 333 2541 doctrina.
381 2480 501 2552 ldcirco‚
525 2490 558 2541 ut
578 2480 650 2541 dixit
673 2482 823 2554 Salvator,
847 2501 909 2544 ιιοιι
933 2484 1103 2563 colligentes
1126 2488 1279 2549 uobiscum
1359 2518 1365 2524 ·

62 2583 230 2664 dispergunt
250 2601 316 2643 cum
341 2581 473 2654 diaholo,
498 2582 738 2661 corruentesque
762 2582 928 2654 observant,
952 2596 984 2646 ut
1007 2603 1112 2663 sparso
1136 2604 1191 2646 suo
1214 2588 1278 2648 eui·
1376 2592 1381 2607 '

64 2685 112 2745 tiali
137 2704 253 2746 veneno
282 2684 385 2745 mortis
415 2684 514 2744 socios
542 2684 670 2745 habeant
691 2684 845 2763 plurimos.
892 2686 967 2759 Quia
997 2705 1066 2747 vero
1091 2707 1146 2747 ιιιιιι
1170 2698 1198 2749 et
1220 2706 1303 2767 po-,

65 2795 157 2846 strenua
179 2786 349 2848 haeresum.
373 2804 446 2864 quae
469 2787 586 2864 praevia
608 2786 789 2846 Antichristo
813 2787 902 2846 ruodo
926 2796 1027 2847 exorta
1051 2795 1097 2849 est
1114 2789 1278 2866 Anienaque

65 2888 220 2966 appellatur,
245 2889 324 2947 vaira
348 2895 377 2946 et
399 2887 512 2959 callida,
535 2875 771 2948 aniruadvertens
795 2887 977 2965 antiquiores
1004 2908 1037 2948 se
1061 2907 1182 2949 sorores
1205 2889 1277 2953 alias

65 2987 187 3051 haereses
209 2989 305 3070 palam
335 2999 466 3061 notatus,
499 2990 564 3066 ipsa
593 3007 661 3049 sese
684 2989 902 3066 scripturarum
932 2989 1079 3056 vocabulis
1109 2989 1156 3052 sui
1184 2991 1278 3069 pratris

65 3090 156 3152 diaholi
178 3090 315 3168 exemplo
339 3090 473 3150 simulate
496 3091 600 3163 induit,
625 3090 756 3168 nihilque
780 3110 839 3150 nou
863 3091 999 3163 molitur,
1024 3091 1107 3152 utin
1129 3091 1278 3153 Ecclesiae

65 3195 217 3267 paradisum
241 3193 299 3253 sihi
322 3193 437 3270 regredi
459 3192 560 3262 liceat,
584 3201 615 3253 ut
637 3193 802 3254 Christiana
830 3194 928 3270 specio
950 3203 1080 3254 assumta
1103 3193 1216 3271 aliquos
1239 3194 1277 3254 ad

65 3311 136 3368 prave
157 3295 194 3355 de
218 3294 337 3355 Christo
368 3295 554 3354 sentiendum
583 3295 681 3374 possit
704 3295 784 3355 salsis
807 3293 1109 3372 argumentationibus
1132 3296 1276 3357 adducere

66 3398 206 3476 (siquidem
229 3396 303 3456 nihil
325 3395 356 3456 in
378 3415 409 3456 se
432 3395 520 3456 hahet
541 3396 620 3475 quod
642 3396 751 3457 rationi
774 3396 812 3458 sit
835 3405 1096 3472 consentaneum),
1120 3416 1203 3466 cum,
1227 3397 1275 3456 in-

65 3516 145 3574 quam,
169 3497 363 3559 nihilominus
385 3497 543 3558 nonnullos
566 3498 740 3576 insipientes
763 3499 820 3558 iam
843 3499 1067 3560 circumvenerit
1088 3498 1173 3572 (adeo
1189 3498 1278 3558 atilli

65 3616 110 3658 uon
133 3611 243 3661 tantuna
267 3598 387 3661 auribus
410 3599 471 3660 sint
493 3599 657 3678 depravati,
688 3600 740 3660 sed
770 3600 856 3660 etiam
879 3599 956 3660 Evae
984 3599 1095 3660 similes
1125 3606 1276 3677 acceptum

65 3718 179 3762 errorem
203 3700 394 3780 gustaverint,
417 3701 544 3780 indeque
566 3701 730 3780 ignorantia
754 3700 902 3762 obcoecati
921 3720 1060 3763 umorum
1076 3699 1161 3762 dulce
1183 3699 1275 3760 aesti-

88 3972 105 4003 c
131 3957 219 4017 Regius
252 3949 337 4002 πάλαι
363 3947 500 4031 πρόδηλος
525 3951 631 4031 γέγονε.
722 3955 737 4001 l.
757 3954 798 4002 Sic
815 3954 955 4033 Seguerisn.
976 3953 1074 4003 Gobler
1093 3961 1117 4002 et
1134 3951 1273 4002 Felelml.

62 4019 102 4072 lot
117 4025 217 4085 Seguer.
239 4017 302 4076 τοὺς
320 4016 422 4082 ταύτην
439 4016 613 4089 ἐφευρόντας.
686 4026 713 4070 m
731 4021 771 4069 ulii
792 4029 814 4069 ut
833 4021 890 4069 editi
910 4014 1011 4073 αὐτοῖς.

86 4091 161 4142 uste
180 4107 240 4141 mss.
266 4100 367 4170 excepto
392 4091 498 4140 Felchm.
517 4091 557 4149 2.,
585 4091 633 4155 qui,
720 4105 742 4150 g.
761 4090 860 4150 chuer
888 4090 985 4140 Gohleu
1011 4087 1159 4137 Petelini
1183 4077 1273 4143 αυτῆι.
1302 4144 1304 4148 .

60 4167 77 4204 ut
93 4169 114 4210 et
129 4161 195 4219 edttt
215 4161 304 4209 omittit
323 4150 386 4207 οὔτε
404 4144 445 4218 ἦν,
466 4158 554 4222 quod
549 4172 571 4207 ιιι
588 4159 634 4207 ltu
687 4157 760 4205 Paulo
780 4166 835 4219 post
853 4157 991 4207 Gohlerian.
1011 4165 1034 4206 ct
1052 4155 1155 4205 Felcttm.
1179 4154 1199 4202 l.
1218 4161 1275 4215 post

59 4227 136 4278 silicus.
156 4229 247 4277 recenti
261 4243 335 4277 mauu
347 4228 452 4276 additum
465 4235 508 4275 cst.
535 4227 634 4287 Seguer.
685 4220 898 4302 περιβαλλομένη
909 4227 1014 4275 addunt
1010 4233 1094 4274 iterum
1103 4215 1193 4273 δόλιος
1205 4230 1274 4268 οιισα

59 4294 117 4346 hahet
134 4287 191 4344 out'
212 4282 255 4354 ἦν.
686 4306 730 4339 και
723 4305 912 4408 h.7turu›upyar

83 4365 223 4415 wercum
239 4363 262 4414 2
283 4361 635 4438 enthimematum·
723 4363 797 4422 hys
820 4360 918 4408 deest
912 4361 1036 4434 tullegio.
1074 4353 1273 4405 tdemetllusil.

55 4402 177 4489 arrideret.
213 4435 318 4494 Seguer.
338 4429 395 4479 ihid.
413 4422 484 4493 μετὰ
497 4422 632 4491 διαβόλου
688 4428 778 4490 huglie.
799 4435 822 4475 et
839 4427 944 4476 l'ulclrm.
963 4426 987 4474 5.
1007 4415 1143 4489 ἀφρόνων
1167 4413 1217 4481 ἤδη
1235 4432 1275 4469 τι·

80 4523 201 4565 tratactu
215 4531 270 4564 ors
284 4528 359 4561 noun.
373 4527 424 4558 eru.
1041 4507 1071 4556 ll)
