2948 5092
153 243 213 306 148
241 277 244 281 -
281 272 286 281 ·
551 252 576 297 ε.
592 250 745 295 εταιιιιειι
760 250 984 294 ιαωιιυνιευσει

106 407 292 473 ιαστιανιῦν
321 400 441 468 λοιπὸν
460 394 650 486 Ἀρειανοῦς
680 392 920 481 ὀνομάζεσθαι,
944 397 1061 462 ”τοῦτό
1083 423 1119 465 τε
1140 398 1198 484 τῆς
1220 392 1376 482 ἀσεβείας

148 507 231 591 ἰχειν
254 502 291 570 τδ
314 503 491 590 γνώρισμα.
521 499 565 586 μὴ
588 497 648 585 γὰρ
671 498 1011 586 προφασιζίσθωσαν,
1034 499 1117 586 μηδὲ
1137 493 1376 583 ὀνειδιζόμενοι

145 605 473 692 καταψευδέσθωσαν
495 600 577 668 κατὰ
598 604 664 666 τιῦν
684 599 729 688 μη
753 596 856 664 όντων
879 595 946 679 ιἰός
968 600 1066 680 είσίν,
1091 596 1178 666 σῦτω
1199 601 1376 678 καλοῦντες

147 708 203 776 καὶ
225 702 321 774 αῦτοί
342 704 418 784 τοὺς
439 699 662 789 Χριστιανοὺς
679 695 748 766 ἀπὸ
770 704 836 768 τῶν
860 701 1076 781 διδασκάλων,
1100 702 1156 768 λ’νοι
1179 700 1304 782 δόξωσι
1320 700 1375 766 καὶ

149 804 243 878 αῦτολ
266 804 370 886 οὕτως
391 807 570 872 καλεῖσθαι
591 799 801 889 Χριστιανοί,
824 803 906 888 μηδὲ
929 802 1158 887 αἰσχυνόμενοι
1179 803 1219 868 τὸ
1243 803 1377 870 ἐπονεί-

150 913 263 979 διστον
286 909 411 977 ἑαυτῶν
434 905 538 990 όνομα
561 904 790 985 νταιζέτωσαν,
815 903 902 970 εἰδὲ
925 903 1151 987 αἰσχύνονται,
1175 903 1371 989 ἰγκαλυιττὲ-

150 1018 289 1081 σθωσαν
310 1002 332 1096 ἢ
353 1006 625 1096 ἀπσντηδάτωσαν
641 1002 710 1072 ἀπὸ
726 1007 783 1091 τῆς
798 1005 922 1072 ἑαυτῶν
938 1000 1099 1091 ἀσεβείας,
1123 1001 1218 1073 οοὐδὲ
1233 1005 1378 1073 πώποτε

149 1113 211 1201 γὰρ
240 1111 320 1190 λαὸς
348 1108 417 1177 ἀπὸ
439 1113 504 1177 τῶν
527 1108 655 1174 οἰκείων
678 1105 872 1174 ἰσισκόιτων
895 1107 967 1191 ἴσχε
988 1105 1046 1196 τὴν
1069 1106 1278 1191 ἐπωνυμίαν,
1303 1102 1373 1174 ἀλλ’

152 1212 221 1285 ἀπὸ
243 1217 301 1279 τοῦ
324 1219 452 1298 κυρίου,
482 1210 529 1286 είς
559 1207 595 1274 ὃν
617 1205 672 1273 καὶ
693 1206 751 1295 τὴν
773 1215 889 1276 ντίστιν
913 1208 1035 1294 ἔχομεν.
1079 1212 1145 1274 τῶν
1167 1213 1247 1294 γοῦν
1268 1233 1376 1293 μακα-

151 1323 231 1404 ρίιον
261 1312 459 1381 ἀποστόλων
487 1308 693 1376 διδασκάλων
715 1305 807 1395 ἡμῶν
828 1318 1009 1396 γενομένων
1030 1310 1086 1377 καὶ
1108 1309 1375 1396 διακονησάντων

151 1418 209 1484 11τὸ
232 1419 290 1482 τσῦ
314 1418 461 1501 στατῆρας
484 1405 678 1496 εὐαγγέλιον,
703 1406 760 1478 οόκ
782 1411 818 1491 ἐξ
839 1410 968 1479 ἐκείνων
991 1411 1183 1500 ἰκληθημεν,
1208 1406 1278 1476 ἀλλ’
1305 1407 1376 1477 ἀπὸ

106 1522 210 1586 οττοῦ
234 1517 381 1601 Χριστοῦ
403 1512 603 1596 Χριστιανοὶ
624 1513 680 1578 καὶ
702 1513 798 1597 ἐσμὲν
819 1517 873 1580 καί
896 1509 1139 1598 όνομαζόμεθα.
1178 1512 1211 1578 οί
1235 1514 1271 1579 δὲ·
1294 1506 1372 1599 παρ’

153 1620 271 1704 ἑτέρων
300 1616 426 1698 ἰχοντες
447 1613 505 1702 την
528 1609 626 1702 ἀρχὴν
648 1604 687 1701 ἧς
709 1615 879 1699 νομίζουσι
900 1621 1061 1694 πίστεως,
1086 1615 1216 1681 ἰκείνιον
1240 1614 1377 1693 εἰκότως

153 1720 264 1803 ἔχουσι
285 1720 337 1782 καί
361 1715 419 1802 τὴν
442 1714 641 1800 ἐπωνυμίαν,
667 1711 711 1795 ιῦς
734 1711 841 1782 αάτιῦν
863 1716 1031 1802 γενόμενοι
1052 1719 1166 1802 κτῆμα.

238 1824 266 1886 3.
308 1811 441 1900 Ἀμέλει
468 1816 603 1884 πάντων
625 1816 717 1905 ἡμῶν
739 1813 809 1884 ἀπὸ
831 1821 889 1883 τοῦ
911 1821 1060 1903 Χριστοῦ
1083 1820 1298 1900 Χριστιανῶν
1322 1814 1377 1881 όν-

152 1947 218 1987 των
240 1920 293 1984 καὶ
315 1920 533 2002 καλουμένων,
557 1919 717 2009 ἐξεβλήθη
731 1919 865 1986 ’θντάλαι
879 1925 1042 2004 Μαρκίων
1065 1919 1192 2005 αἳρεσιν
1216 1918 1374 2006 ἑφευρών,

152 2021 208 2089 καὶ
236 2019 267 2086 οί
295 2020 366 2103 μὲνΙ
383 2028 644 2106 παραμείναντες
671 2021 755 2106 μετὰ
783 2025 842 2086 τοῦ
871 2020 1065 2105 ἐκβαλόντος
1093 2020 1215 2087 ἐκεῖνον
1244 2019 1378 2105 ἔμειναν

153 2118 368 2208 Χριστιανοί,
393 2121 424 2186 ολ
447 2116 478 2187 δ’
503 2118 788 2209 ἀκολουθήσαντες
809 2125 1002 2208 ίΜαρκίωνι
1024 2117 1132 2188 σῦκέτι
1151 2123 1212 2206 μὲν
1233 2127 1379 2206 Χριστι-

155 2229 237 2304 ανσί,
261 2224 517 2308 Μαρκιωνισταὶ
540 2226 575 2290 δὲ
598 2222 718 2290 λοιπὸν
741 2223 936 2310 ἐκλήθησαν.
968 2220 1054 2289 οδτω
1076 2223 1131 2289 καὶ
1157 2218 1378 2301 Οῦαλεντῖνος

153 2328 207 2391 καὶ
230 2325 411 2411 Βασιλίδης
432 2331 485 2391 καὶ
507 2329 698 2407 Μανιχαῖσς
719 2325 774 2391 καὶ
795 2331 907 2409 Σίγειον
930 2319 947 2390 δ
969 2324 1074 2409 μάγος
1094 2335 1166 2402 τοῖς
1189 2319 1378 2409 ἀκολουθῇ·

155 2449 235 2494 σασι
256 2424 499 2511 μιταδιδιδκασι
519 2429 578 2491 τοῦ
602 2426 688 2492 ἰδίου
712 2421 881 2510 ὀνόματος,
904 2424 960 2492 καὶ
982 2426 1015 2491 σί
1036 2427 1096 2509 μὲν
1117 2421 1379 2492 θΟό-αλεντινια-

155 2534 222 2607 νσί,
253 2527 286 2592 οἱ
314 2527 350 2594 δὲ
374 2527 619 2607 Βασιλιδιανοί,
652 2528 684 2593 οἱ
706 2529 742 2594 δὲ
764 2532 967 2609 Μανιχαίοι,
997 2522 1142 2615 κάκεῖνοι
1162 2532 1377 2610 Σιμωνιανσί,

154 2631 208 2694 καὶ
231 2624 327 2694 ἀλλοι
347 2628 430 2694 κατὰ
454 2627 586 2715 Φρύγας
607 2624 698 2695 λάιτδ
723 2636 876 2716 Φρυγίας,
901 2630 954 2694 καὶ
978 2623 1048 2695 ἀπὸ
1070 2629 1254 2706 Νοσυάτουν
1268 2634 1380 2693 Νοου-

156 2731 285 2796 ατιανοὶ
319 2730 627 2816 προςαγορεόσνται,
674 2727 760 2796 οὕτω
793 2733 846 2797 καί
869 2732 1046 2811 Μελίτιος,
1082 2729 1256 2816 ἐκβληθείς
1283 2727 1378 2814 παρὰ

125 2864 127 2869 ·
155 2836 286 2916 Πέτρου
315 2834 373 2897 τοῦ
404 2831 590 2898 ἰντισκόττου
618 2835 671 2900 καὶ
698 2833 878 2918 μάρτυρος,
909 2828 1018 2898 οόκίτι
1039 2830 1264 2917 Χριστιανοὺς
1293 2825 1379 2896 ἀλλά

155 2934 395 3011 ἰ,λίολιτιανοῦς
424 2932 555 3001 ἐκάλεσε
577 2932 654 3011 τοὺς
676 2933 796 3012 ἰδίους·
825 2930 930 3011 οὕτως
953 2931 1018 3018 ἀρα
1039 2932 1174 2999 καὶτοῦ
1195 2938 1379 3017 μακαρίτου

152 3029 370 3119 Ἀλεξάνδρου
392 3033 448 3100 τὸν
463 3033 596 3121 Ἀρειον
619 3033 821 3119 ἐκβαλόντος,
844 3034 877 3100 οὶ
897 3037 958 3116 μὲν
979 3033 1063 3117 μετὰ
1074 3029 1291 3120 Ἀλεξάνδρου
1306 3040 1377 3116 μεί-

157 3158 269 3213 ναντες
302 3134 432 3218 ἐ’μειναν
451 3142 666 3220 Χριστιανοί,
701 3135 733 3201 οἱ
767 3137 802 3202 δὲ
829 3133 1080 3216 συνεξελθόντες
1105 3130 1223 3222 Ἀρείῳ
1251 3134 1290 3200 τὸ
1319 3137 1379 3218 μὲν

157 3233 262 3318 ὄνομα
284 3239 342 3300 τοῦ
366 3239 513 3322 σωτῆρος
534 3232 632 3323 1“ἡμίν
654 3249 726 3315 τοῖς
746 3236 830 3321 μετὰ
847 3232 1064 3323 Ἀλεξάνδρου
1087 3239 1376 3315 καταλελοίπασιν,

153 3330 321 3421 Ἀρειανοὶ
348 3336 384 3402 δὲ
414 3336 533 3402 λοιπὸν
556 3337 741 3425 ἰκληθησαν
764 3338 891 3406 ἐκείνου.
938 3337 1008 3405 ἰδοὺ
1031 3343 1109 3424 γοῦν
1130 3343 1184 3404 καὶ
1206 3336 1290 3421 μετὰ
1313 3337 1380 3402 θά-

157 3459 255 3503 νατον
287 3440 345 3502 τοῦ
364 3432 580 3523 Ἀλεξάνδρου
613 3441 646 3506 σί
678 3443 909 3529 κοινωνοῦντες
935 3442 982 3527 τῷ
1010 3440 1233 3526 διαδεξαμένην
1262 3442 1380 3504 τοῦτον

153 3531 358 3624 Ἀθανασίῳ,
381 3541 435 3605 καὶ
458 3534 509 3618 οἷς
530 3534 562 3606 1ό
578 3535 678 3619 αὐτὸς
688 3536 893 3619 Ἀθανάσιος
907 3550 1068 3620 κοινωνεῖ,
1080 3538 1137 3607 τὸν
1154 3536 1253 3607 αάτὸν
1269 3541 1381 3623 ἰχσυσι

193 3743 213 3776 υ.
233 3727 273 3776 Sic
291 3727 389 3789 Seguer.
408 3729 518 3778 ΛιυΙίίεῑ
529 3731 585 3780 editi
596 3722 694 3778 τούτου
704 3743 741 3778 τε.
793 3731 822 3779 λλ
839 3730 895 3792 Reg.
914 3730 997 3792 Angue
1016 3740 1039 3780 ει
1057 3730 1129 3779 Βεείί.
1147 3724 1179 3777 τὸ
1204 3727 1253 3776 τοῦ
1276 3724 1379 3796 κυρίου.

178 3794 215 3872 ‘’b.
234 3797 332 3856 Seguer.
353 3797 449 3847 Gobler.
462 3798 565 3847 δελτίου.
579 3799 598 3847 l.
620 3790 657 3850 ὥς
673 3791 743 3846 εἰσὶν
793 3798 855 3846 Εδίιί
875 3798 955 3847 etalii
976 3796 1023 3844 τοῦ
1041 3792 1143 3863 κυρίου.

159 3856 252 3937 αητοί,
278 3858 421 3916 καλοῦντες
445 3872 489 3913 είο.
525 3864 577 3914 Mox
601 3865 741 3928 Seguerian.
827 3881 848 3914 ο.
866 3857 950 3912 πάλαι
968 3867 1037 3915 deest
1055 3867 1078 3914 in
1096 3862 1380 3926 Seguer.Reg.Gobler.

159 3924 266 3984 δόξωσι.
302 3931 394 3992 ΑσςΙίυ.
413 3925 551 3986 διδάξωτι.
587 3933 648 3983 Εδῑίί
664 3935 742 3982 etalii
794 3941 817 3983 ει
836 3933 939 3983 Felckm.
960 3932 981 3981 l.
1019 3933 1064 3982 Pro
1082 3947 1111 3982 eo
1130 3932 1225 3994 ΑσςΙίυ.
1243 3922 1334 3979 πάλιν.

157 3991 273 4054 δείξωσι.
294 3998 386 4048 Ibidem
394 4001 493 4061 θερίσει.
502 4001 556 4062 neg.
566 4002 632 4063 λσςΙ.
644 4002 742 4052 Gobler.
828 4001 843 4050 ί.
863 4002 962 4049 Seuer.
982 4000 1078 4050 θοίνίετ.
1099 4007 1122 4049 et
1140 4000 1244 4050 Felckm.
1259 3998 1280 4047 ί.
1299 3998 1381 4064 Μαρ-

158 4074 182 4113 ει
210 4066 313 4115 Felekm.
342 4066 363 4116 1.
393 4063 537 4115 καλεῖσθαι
569 4068 742 4133 Χριστιανοί.
793 4063 872 4115 κίωνι
894 4015 994 4131 ἰκτίνῳ.
1037 4067 1088 4116 Mox
1112 4069 1184 4117 iidem
1210 4076 1233 4116 ει
1256 4068 1380 4127 λσςίίεισ.

156 4133 201 4182 Alii
221 4143 244 4182 et
263 4134 320 4183 edili
336 4128 479 4183 καλεῖσθαι
493 4126 632 4203 Ἆρειανοί.
792 4129 1009 4204 Μαρκιωνισταί.
1046 4135 1107 4185 Εδίιί
1126 4142 1150 4184 ει
1165 4135 1204 4184 alii
1214 4132 1379 4198 Μαρκιωνα-

192 4217 211 4249 c.
237 4202 336 4261 Segner.
362 4191 499 4251 τάδίτιοτε.
546 4204 612 4252 Idem
637 4212 661 4253 ει
685 4205 740 4264 neg.
791 4199 843 4252 ντί.
881 4203 954 4253 Panno
973 4210 1029 4266 post
1046 4205 1146 4265 Seguer.
1165 4196 1331 4261 Βασιλείδης.

158 4256 211 4313 ἀπὸ
250 4265 305 4314 τῶν
340 4260 447 4317 οἰκείων
481 4261 637 4317 ίπισιιότίων
671 4263 740 4335 ἔσχε.
826 4285 849 4332 g.
867 4267 909 4321 Sic
926 4271 1025 4332 Seguer.
1044 4270 1116 4321 Βιείί.
1135 4268 1377 4334 AnglquelckmA.

152 4330 262 4383 Ῥείαίω.
281 4334 305 4384 5.
325 4336 396 4384 habet
415 4329 558 4401 λιτόν-ἔσχε.
594 4337 656 4387 Edit}
667 4338 741 4387 etalii
793 4338 973 4388 οιίίοίιίετίτσ.
1008 4340 1036 4387 λι
1054 4338 1110 4400 neg.
1130 4346 1153 4388 ει
1172 4338 1245 4388 editio
1259 4336 1377 4386 Commel.

156 4390 211 4448 ἀπὸ
230 4399 288 4449 τῶν
304 4393 460 4452 ἐπισκόπων
476 4391 538 4470 ελχε.
792 4397 994 4455 Οὐαλεντιανοί.
1030 4406 1129 4468 Seguer.
1149 4407 1238 4456 ibidem
1257 4399 1378 4452 Βασιλει-

192 4469 215 4519 δ.
240 4469 280 4521 Sic
303 4470 403 4534 seguer.
428 4470 526 4522 Gobler.
551 4478 575 4522 ει
592 4471 699 4526 δείελα.
719 4473 743 4525 1.
795 4467 865 4524 ανιί.
