2948 5092
460 248 607 301 maror.
624 250 741 297 courm
754 250 892 301 munos·
1225 238 1288 309 281

60 406 134 471 iuria
153 403 255 469 euecti
275 408 380 477 orant,
402 409 474 465 tunc
493 401 558 475 ille,
583 400 633 480 qui
656 407 703 464 cst
724 400 897 476 invisibilis,
926 421 993 465 cum
1013 404 1216 483 perhumanus
1238 405 1380 482 sitem.

59 528 91 571 se
112 514 306 587 mammem
327 520 385 569 utto
405 502 551 567 beneficio
574 501 702 579 exhibet,
724 504 804 583 quod
826 522 880 583 per
900 506 1057 585 proprium
1072 505 1200 569 Verbum
1215 507 1292 575 stin

57 609 123 690 ipso
143 606 262 682 tribuit,
282 625 319 668 ac
334 605 459 669 demum
481 605 518 667 ad
539 605 687 685 cuiusquo
705 604 863 669 utilitatem
885 624 954 670 seso
975 609 1178 673 accommodat
1191 608 1294 678 dirfnrr

57 709 243 792 pumentia,
271 708 312 771 ita
334 716 368 770 ut
386 707 514 770 infirmis
537 707 589 769 fiat
608 705 718 780 robur,
748 707 866 770 afflictis
886 709 1034 787 refugium
1056 717 1086 771 ct
1106 710 1215 776 domus
1237 729 1292 777 sa·

59 813 139 886 lotis,
162 811 287 891 bisque,
311 811 361 891 qui
382 809 536 890 patiuntur
556 808 713 883 iniuriam,
736 808 821 872 dicit:
849 809 953 874 Adbuc
976 823 1005 876 te
1026 811 1164 893 loquente
1185 814 1292 887 boun,

60 913 131 977 Bere
154 914 275 977 odam
320 910 409 985 Quod
430 910 521 991 igitur
542 911 572 973 in
596 910 787 990 protegendis
810 911 936 995 singulis
957 912 992 974 tit
1011 932 1067 992 per
1087 914 1211 989 filium,
1232 916 1293 1001 boc

59 1015 153 1079 boum
172 1013 235 1079 sibi
255 1014 364 1077 factum
386 1032 456 1074 esse
479 1012 587 1093 sioquli
610 1019 765 1087 testantur,
787 1013 855 1093 quia
876 1029 931 1093 per
946 1013 1073 1077 Verbum
1095 1016 1292 1083 tramitum

60 1115 186 1196 abipso
206 1113 282 1177 Deo.
325 1115 386 1177 Nae
405 1133 479 1177 vero
501 1114 634 1177 insolens
658 1122 705 1176 cst
726 1114 804 1176 inter
825 1114 963 1178 homines
983 1115 1014 1179 id
1028 1117 1168 1198 loquendi
1183 1136 1291 1199 gemm

62 1217 137 1297 quod
159 1225 275 1280 rectum
297 1234 367 1280 esse
389 1234 478 1280 nemo
502 1234 564 1278 non
586 1215 732 1280 fatebitur.
763 1217 859 1297 Saepe
880 1217 1026 1297 siquidem
1048 1219 1220 1285 bominibus
1234 1220 1291 1285 et-

64 1319 200 1415 iutqrium
222 1321 330 1381 factum
354 1327 400 1381 est
421 1319 457 1380 ab
479 1317 662 1380 bominibus.
705 1318 779 1380 Nam
801 1318 875 1380 alius
898 1320 950 1392 ilfi,
969 1321 1022 1400 ,qui
1044 1321 1180 1383 iniuriam
1204 1340 1290 1384 accc·

67 1421 112 1501 pit,
134 1440 227 1501 opem
250 1420 325 1494 tulit,
348 1429 382 1483 ut
401 1420 548 1483 Abrabam
570 1420 644 1495 Lot,
667 1420 741 1482 alius
763 1421 885 1484 domum
905 1423 1145 1502 persecutionem
1167 1423 1292 1502 fugienti

69 1524 185 1602 aperuit,
209 1532 243 1586 ut
264 1522 373 1585 Abdias
395 1522 464 1583 filiis
487 1522 714 1602 Prophetarum,
737 1522 812 1584 alius
836 1525 1024 1603 peregrinum
1047 1525 1160 1598 refecit,
1182 1534 1216 1587 ut
1231 1525 1291 1588 Lot

69 1623 204 1704 brqclos,
231 1624 307 1687 alius
330 1623 532 1704 indigentibus
562 1622 761 1704 suppeditavit
788 1625 975 1700 necessaria,
1006 1634 1039 1688 ut
1067 1624 1120 1687 Iob
1147 1626 1211 1700 his,
1239 1625 1290 1706 qui

71 1727 210 1808 quidpiam
231 1725 269 1790 ab
290 1727 358 1807 ipso
380 1725 531 1806 petebant
577 1725 832 1799 Quemadmodum
855 1726 946 1807 igitur
977 1726 1005 1789 si
1027 1727 1151 1807 singuli,
1181 1727 1231 1807 qui
1254 1726 1291 1790 ab

71 1827 123 1890 aliis
143 1827 313 1908 acceperint
336 1828 493 1902 beneficia,
523 1827 667 1890 dixerint:
696 1827 749 1889 llle
770 1827 843 1890 mibi
865 1830 958 1891 factus
987 1838 1035 1890 est
1062 1830 1199 1902 adiutor,
1227 1827 1291 1894 vat:

72 1928 130 1993 tbi
151 1930 201 1993 ille
222 1930 371 2010 refugium
394 1939 423 1992 et
444 1928 496 1992 isti
519 1929 670 1993 beneficus
693 1930 788 1992 faetus
810 1938 857 1992 est
879 1929 1064 2006 distributor,
1089 1949 1150 1993 non
1173 1930 1292 1997 initium

74 2035 145 2095 ortuis
167 2051 266 2113 neque
287 2039 423 2095 naturam
446 2051 561 2106 eorum,
584 2032 636 2113 qui
656 2030 733 2094 bene
755 2032 792 2094 de
811 2051 844 2094 se
859 2042 1056 2109 morerentur,
1079 2033 1291 2112 significarent,

74 2134 115 2195 sed
134 2144 287 2221 acceptum
310 2134 501 2197 solummodo
524 2133 560 2196 ab
583 2133 627 2196 eis
649 2133 842 2207 beneficium3
872 2134 1009 2197 similiter
1036 2154 1102 2198 cum
1125 2134 1225 2197 Sancti
1253 2133 1293 2198 do

73 2232 122 2297 beo
142 2226 247 2300 dicunt
265 2238 369 2318 sortus
392 2249 438 2300 eat
459 2245 490 2299 et
509 2237 578 2318 fios,
601 2235 715 2298 nulfum
738 2238 822 2298 ortuis
846 2235 962 2297 initium
983 2236 1122 2311 indicant,
1145 2256 1212 2299 nam
1236 2254 1293 2301 occ

74 2334 174 2427 initium
195 2337 277 2401 Deus
299 2338 388 2400 babet
409 2338 501 2401 ullum
523 2356 580 2400 nec
600 2340 694 2402 factus
717 2339 783 2418 ipse
806 2347 862 2412 est,
884 2357 987 2401 rerum
1009 2340 1057 2401 bis
1073 2338 1172 2403 verbis
1194 2337 1291 2419 siqni-

75 2435 162 2502 tetur
182 2440 274 2516 salus,
298 2459 385 2520 quam
407 2440 578 2503 bominibus
600 2440 789 2521 comparavit.

142 2852 194 2914 64.
241 2847 357 2922 Quibus
379 2847 419 2910 ita
440 2847 597 2910 intellectis
621 2847 756 2921 efficitur,
780 2855 813 2909 ut
834 2844 1078 2925 quotiescumque
1100 2844 1136 2905 dc
1151 2843 1225 2906 Filio
1241 2843 1376 2907 (li-suaa

71 2950 134 3011 sitm
152 2953 258 3030 somus
281 2959 328 3012 est
349 2957 380 3010 et
399 2950 469 3031 fios,
493 2950 598 3011 codem
621 2949 783 3029 explicetur
804 2948 906 3022 modo,
930 2946 969 3006 ita
992 2953 1045 3019 ut,
1068 2965 1135 3006 eum
1156 2945 1213 3007 ista
1234 2965 1291 3008 au·

70 3051 143 3114 diunt
160 3055 378 3134 praestantior
397 3054 500 3132 sortus
523 3052 643 3131 Artqelr's
667 3059 697 3112 et
716 3053 819 3131 sortus
844 3059 902 3120 ost,
925 3066 986 3109 non
1009 3048 1128 3126 aliquod
1149 3046 1292 3111 nascendi

69 3153 237 3234 principium
259 3150 349 3213 Verbi
378 3154 518 3238 effipqaot
546 3161 597 3214 aut
624 3171 691 3214 eum
720 3153 828 3214 factum
852 3170 918 3212 esse
939 3150 1008 3211 inde
1030 3149 1206 3229 opinentur,
1237 3147 1293 3213 sod

69 3252 130 3318 illud
150 3254 236 3317 Pauli
258 3254 370 3316 dictum
392 3254 429 3315 de
451 3254 707 3316 administratione
730 3262 759 3316 et
780 3253 1014 3333 dispensatione,
1042 3271 1108 3313 cum
1131 3251 1221 3315 bomo
1244 3253 1291 3315 fa-

70 3365 123 3418 cus
146 3365 204 3431 cst,
226 3356 400 3436 intelligant.
445 3356 519 3417 Cum
541 3357 621 3418 eoim
643 3355 771 3420 Verbum
795 3375 867 3418 coro
888 3356 1005 3434 sactum
1027 3366 1073 3416 est
1095 3363 1123 3416 et
1145 3354 1293 3418 dubitauit

71 3459 211 3532 introbit,
235 3458 371 3520 advenit
393 3466 425 3519 ut
446 3458 629 3520 ministraret
651 3457 850 3536 omnibusque
871 3455 1036 3536 impertiret
1056 3455 1197 3531 salutem,
1221 3464 1293 3519 tunc
1348 3516 1353 3521 .

72 3556 137 3624 idem
157 3559 248 3625 nobis
270 3562 379 3623 factum
402 3569 449 3622 est
470 3560 561 3634 salus,
584 3562 693 3623 factum
715 3567 761 3623 est
782 3559 851 3633 vita,
874 3560 983 3621 factum
998 3567 1044 3620 est
1059 3556 1197 3636 expiatio,
1220 3565 1293 3622 tunc

74 3807 179 3893 orimur
215 3816 331 3893 Editi'et
355 3815 395 3865 alii
414 3813 453 3880 aqi
471 3809 650 3896 daopqur‘xs‘·
735 3814 756 3863 fr.
775 3815 877 3892 §equom
891 3821 923 3890 'et
940 3813 996 3890 fleg.
1009 3805 1061 3889 'stoi
1077 3803 1109 3858 τὸ
1135 3803 1291 3876 λεγόμενονζ

71 3892 241 4003 ortuum
259 3883 561 4015 mrmrru·
701 3881 1087 4011 “famefferentur:
1110 3954 1134 3996 εἰ
1151 3945 1292 3997 m,

87 3953 128 4014 '⁹ss-
700 4019 729 4068 tr
747 4018 804 4078 fleg.
829 4015 1015 4095 basibbnglic.
1034 4022 1066 4094 „et
1084 4014 1224 4064 Fefclrm.5.
1242 4011 1293 4092 omi

79 4135 121 4210 ⁸b.
140 4136 240 4200 Sequor.
266 4135 365 4187 Gobfer.
396 4144 420 4186 et
443 4137 589 4187 reformo.
613 4130 651 4190 tlt
701 4080 1294 4214 {315⁰ngsssefflesftxgl''gasszunqlguggoffi

76 4198 170 4283 wlf
190 4197 384 4288 ytyerqprquo.
427 4207 529 4268 ⁸²8⁰&-
560 4205 650 4285 ibidem
701 4234 751 4270 tou
768 4218 825 4268 τῶν
841 4217 971 4286 γενητῶν.
996 4219 1094 4270 Gobfor.
1113 4225 1137 4267 et
1155 4215 1292 4268 fetuumt.

78 4280 147 4322 onrtbt
161 4286 217 4339 παρ
251 4265 371 4322 babor.
402 4272 454 4324 idox
472 4275 652 4337 Sequanam
701 4283 747 4339 aral
765 4280 833 4342 ὅλως
849 4281 878 4337 lar
896 4280 1003 4336 τούτων
1020 4284 1077 4334 τῶν
1112 4281 1224 4344 ενητῶν.

101 4066 120 4114 q.
135 4053 241 4104 falcim.
257 4053 281 4102 5.
299 4045 345 4100 sat
363 4045 471 4101 totitem
484 4045 614 4123 χορηγρς.

77 4333 125 4403 ³²⁰²
139 4339 204 4420 ³f⁰¹3
221 4336 342 4406 uffflw
359 4331 388 4390 ’ἶ
404 4332 480 4408 ἃῖωι
496 4335 544 4400 ῖόι
565 4334 650 4408 ἐγένε’
736 4372 767 4406 m.
787 4358 844 4419 Req.
858 4356 994 4406 bfcomittit
1006 4345 1052 4404 ὅτε
1093 4345 1293 4420 γονενᾶνθρω-

78 4413 109 4498 ¹⁰f
122 4421 173 4466 Μ»
190 4402 296 4476 ἐνέην·
700 4438 761 4481 noc,
782 4440 857 4490 eaque
871 4425 995 4487 subiungit
1004 4431 1060 4488 port
1071 4436 1110 4501 rgo
1130 4412 1293 4502 drodollml·

102 4492 226 4559 ebatum.
242 4487 403 4561 γινομένην.
700 4489 757 4543 λου.
792 4493 866 4544 Paulo
884 4501 941 4559 post
958 4494 1093 4554 Sequente
1159 4483 1190 4541 δὲ
1207 4504 1261 4543 tvo.
1290 4534 1293 4539 .
