2934 5078
408 1086 453 1179 s.
483 1084 768 1179 A'tflntttstl
797 1084 1201 1179 nncfltttttscott

683 1240 940 1317 constans

780 1396 797 1441 D
810 1396 826 1439 Ε

561 1514 724 1575 orantus
739 1514 907 1573 tutonensi:
923 1514 1046 1573 stuoot

625 1646 781 1711 CONTRA
801 1646 974 1711 emenus.

566 2000 1048 2066 Atintuntttu.

103 2196 179 2241 ntae.
273 2168 296 2229 1.
344 2169 429 2242 Quae
450 2174 588 2253 sequitur
609 2171 750 2251 epistola,
772 2188 954 2249 responsum
976 2180 1020 2231 est
1040 2167 1074 2233 S.
1098 2168 1260 2229 Athanasii
1279 2168 1319 2228 ad
1339 2168 1417 2229 ami-

106 2324 112 2329 .
190 2276 265 2331 cum.
311 2268 367 2331 Hie
389 2274 533 2333 nimirum
554 2290 622 2335 cnm
642 2276 675 2333 in
691 2273 904 2352 disputatione,
927 2288 1016 2351 attam
1033 2288 1098 2331 ctum
1112 2267 1270 2329 nonnullis
1283 2268 1417 2329 Arianae

189 2370 323 2433 haeresis
342 2373 626 2453 propuunatoribus
650 2372 807 2442 iniecerat,
832 2374 924 2453 impia
947 2374 1015 2431 Arii
1035 2370 1174 2449 inamata
1194 2368 1284 2447 piene
1305 2368 1419 2447 constr

189 2480 293 2543 tasset,
317 2470 372 2543 iiii,
398 2486 505 2535 cantra
527 2490 602 2554 quos
618 2474 803 2553 disputabat,
825 2472 897 2553 assiri
910 2470 1131 2551 responderent
1144 2472 1240 2539 anais‘,
1260 2479 1420 2548 postremo

189 2592 221 2634 se
250 2584 470 2635 converterunt
496 2574 536 2637 asi
558 2574 781 2637 criminandum
803 2584 940 2637 sanctam
962 2572 1110 2651 synodum
1133 2568 1311 2641 Nicaenam,
1340 2568 1421 2651 qnod
1447 2602 1450 2607 ·

189 2674 337 2737 oacainla
359 2693 421 2736 non
444 2678 576 2755 scripto,
610 2675 642 2737 iti
662 2686 707 2737 est
730 2692 803 2755 attae
826 2678 858 2736 in
880 2679 978 2737 sacris
1002 2672 1174 2753 Scripturis
1197 2689 1260 2732 etan
1282 2680 1417 2741 sustani,

189 2778 222 2837 in
242 2776 316 2855 fidet
336 2776 510 2855 defiuitione
532 2776 718 2847 adhibuerit,
748 2794 852 2856 ttmnpe
879 2794 965 2837 uoces
994 2792 1029 2835 ax
1052 2770 1216 2833 substantio
1239 2783 1267 2833 et
1289 2770 1420 2833 consult-

190 2874 350 2935 stsntislis:
374 2894 449 2956 quos
472 2880 594 2939 tametsi
613 2880 657 2937 ita
684 2880 822 2937 rimantes
847 2884 875 2937 et
904 2887 1051 2953 rotsaontes
1078 2876 1203 2955 penitus
1226 2874 1421 2952 compescuit,

191 2986 290 3039 tamen
311 2983 346 3035 nt
366 2978 541 3037 acmtratius
563 2994 638 3055 quae
661 2980 693 3035 in
716 2976 838 3055 Synatia
861 2976 994 3038 Nicaena
1017 2984 1126 3038 eontra
1147 2974 1255 3035 Arinem
1276 2985 1306 3036 et
1326 2972 1421 3035 Arie-

190 3094 246 3137 uos
267 3087 352 3155 aesta
374 3086 475 3139 essent
497 3080 633 3148 resciret,
656 3082 778 3158 royooit
799 3076 832 3136 S.
857 3076 1070 3147 Athanasium,
1092 3086 1128 3137 ut
1149 3078 1203 3155 qni
1221 3080 1286 3154 ipse
1311 3074 1422 3137 Conci-

192 3176 233 3239 iia
255 3176 410 3256 adsuerat,
433 3193 498 3237 rem
519 3187 623 3251 totam,
643 3189 740 3257 prout
763 3190 831 3239 actu
853 3180 967 3256 suerat,
989 3178 1050 3239 sibi
1068 3174 1158 3238 veliet
1174 3192 1324 3237 narrare:
1340 3174 1423 3255 quod

191 3276 246 3341 itae
268 3280 300 3338 in
322 3276 451 3355 epistola
473 3277 590 3339 sistatis
610 3288 751 3359 praestat
774 3280 969 3341 Atisarmsius.

275 3376 312 3437 ΙΙ.
359 3378 399 3437 Λο
417 3382 518 3458 priona
540 3380 657 3459 quidem
680 3385 812 3459 enaoitat
828 3380 1015 3442 ‚iniustorum
1035 3381 1272 3439 inconstantiam
1293 3380 1327 3439 in
1349 3394 1423 3441 sete-

192 3481 294 3540 tentiis
315 3478 477 3549 mittendis,
501 3480 580 3559 qttod
596 3498 716 3561 pravae
738 3482 894 3543 doctrinae
917 3484 1034 3557 sianum
1057 3480 1175 3540 contens
1199 3498 1263 3540 csse
1276 3482 1329 3549 ait,
1353 3496 1455 3559 im·

193 3582 364 3640 cotcstantia
396 3584 436 3640 sit
469 3598 559 3641 verae
594 3583 736 3645 indicium
769 3590 895 3645 metum.
943 3578 1014 3641 Tum
1043 3580 1175 3642 breviter
1198 3564 1443 3653 commemorati}

192 3680 492 3759 quomodoSynains
515 3700 546 3743 se
569 3682 839 3761 eraaiiusebianos
862 3684 948 3743 initia
962 3684 1107 3761 ¹uesserit,
1131 3699 1167 3741 ac
1178 3688 1341 3761 postquam
1355 3683 1422 3761 ipse

191 3782 225 3841 in
246 3777 432 3842 Eusebianos
456 3784 658 3865 Arionaanue
688 3787 868 3864 impietatem
893 3782 1019 3863 pralime
1039 3786 1114 3843 satis
1136 3784 1272 3842 innectus
1294 3792 1342 3843 est
1363 3798 1422 3843 no-

192 3884 298 3961 riaqne
320 3882 447 3944 iilornm
471 3886 584 3964 ressiiit
601 3894 790 3961 araumeuttt,
813 3896 848 3945 nt
864 3881 994 3963 depellat
1009 3886 1256 3953 criminationem,
1280 3901 1338 3961 qna
1354 3886 1424 3943 Arii

192 3981 333 4061 fautores
355 3988 388 4044 in
403 3984 558 4063 synodum
572 3984 735 4047 Nicoenam
750 3986 925 4055 tuebantur,
948 3986 1028 4065 anai
1041 3984 1153 4046 sciiicet
1170 4003 1249 4044 nova
1264 3988 1421 4063 encomia-

194 4088 273 4145 oerit
295 4086 450 4157 vocabuit,
475 4086 603 4148 dilucide
624 4091 765 4166 exponit,
788 4105 918 4167 assartum
935 4097 1026 4165 pacto
1050 4084 1139 4147 ricius
1162 4090 1331 4165 astutiaque
1354 4082 1422 4145 ou-

194 4186 388 4248 sebianarnm
412 4188 518 4249 Patres
549 4188 727 4269 aampnlarit
750 4188 789 4248 ati
810 4188 1032 4258 declarantium,
1059 4186 1166 4247 Filium
1196 4204 1262 4247 esse
1284 4204 1323 4247 ao
1344 4182 1420 4247 sub·

194 4287 301 4347 stantia
318 4287 420 4349 Patris
437 4300 464 4349 et
476 4288 566 4351 Patri
585 4288 877 4351 consubstantialem.
926 4288 1015 4361 Quod
1036 4290 1110 4350 s'tism
1134 4292 1224 4350 etiam
1239 4286 1339 4366 refert
1356 4288 1421 4365 epi-

194 4388 274 4448 stola
297 4390 336 4449 nd
359 4391 463 4467 Afros.
