2948 5092
342 265 484 310 errorum
500 265 539 309 oa
553 263 695 309 necsarrs
710 262 856 311 ormenae
869 265 985 310 smonr.
1240 252 1279 315 73

67 420 140 482 solus
160 418 246 480 huius
269 425 389 478 restrae
409 414 586 477 deiectionis
605 422 689 494 puter
705 423 732 476 et
748 422 852 477 auctor
867 416 971 492 extitit,
994 416 1137 498 vobisque
1151 419 1279 499 primum
1288 439 1365 482 m.

66 521 233 600 inpietatem
256 519 333 580 banc
354 516 560 591 inseminorit,
589 515 732 578 ucetiam
755 535 835 579 nunc
856 518 975 593 suadet,
1007 529 1039 580 ut
1060 520 1279 583 oecumenicam

64 625 204 688 smodnm
226 620 336 682 vestris
357 618 521 681 maledictis
544 617 741 691 insectemini,
767 618 835 698 quia
858 619 992 681 videlicet
1013 639 1074 681 non
1095 629 1202 697 restra,
1226 622 1280 684 sed

64 728 102 787 illa
122 723 287 795 definierit,
316 739 393 800 quae
414 720 451 782 ab
472 720 558 782 initio
580 719 728 782 tradidere
751 728 843 782 testes
867 721 989 796 oculati,
1022 723 1072 802 qui
1100 731 1130 784 ot
1151 723 1279 785 ministri

64 827 139 888 lerbi
161 827 259 887 tuere.
302 822 377 884 Nam
399 822 482 894 tides,
506 840 593 901 quam
608 821 744 901 Synodus
763 821 872 901 scripto
896 825 1032 885 contessa
1054 833 1110 898 est,
1132 825 1195 903 ipsa
1210 844 1279 887 vere

62 939 100 990 est
118 925 289 989 Catholicae
310 923 468 997 Ecclesiae,
490 942 577 1002 quam
600 931 633 985 ut
655 931 817 997 tuerentur,
838 923 949 1002 placuit
969 924 1063 986 beatis
1084 925 1221 988 Patribus
1239 928 1279 989 ita

62 1029 183 1091 scribere
205 1027 405 1106 Arianamque
431 1025 579 1087 haeresim
608 1024 813 1087 condemnare.
858 1025 934 1087 Hinc
960 1025 1001 1087 illi
1030 1027 1218 1106 potissimum
1239 1028 1278 1092 oh

61 1132 126 1192 banc
146 1147 270 1192 causam
294 1126 445 1208 Synodum
466 1126 637 1189 calumniari
659 1136 810 1188 conantur.
854 1125 926 1187 Nam
948 1146 1009 1188 non
1030 1135 1089 1189 tam
1109 1128 1279 1198 huiusmodi

61 1231 235 1295 dictionibus
257 1229 434 1300 cruciantur,
458 1247 544 1308 quam
568 1227 648 1307 qnod
670 1228 739 1289 inde
761 1227 887 1289 convicti
914 1236 984 1288 sunt
1003 1247 1064 1289 non
1087 1229 1184 1290 solum
1205 1231 1278 1292 bae-

61 1334 135 1395 retici
156 1351 237 1405 esse,
261 1329 403 1393 sedabis
427 1331 515 1391 etiarn
537 1329 694 1391 haereticis
717 1329 899 1390 audaciores.

134 1437 186 1499 28.
232 1432 336 1512 itaque
358 1450 425 1493 oum
446 1449 516 1492 suas
538 1430 603 1492 ibas
624 1430 745 1492 voculas
768 1430 864 1490 indies
880 1449 946 1491 esse
962 1438 1031 1491 tunc
1045 1440 1169 1510 pateret,
1193 1451 1276 1494 cum-

61 1556 107 1615 que
129 1545 188 1596 tam
210 1533 296 1596 facile
319 1550 421 1593 eorum
444 1532 579 1611 impietas
596 1549 716 1611 semper
737 1532 969 1603 convinceretur,
993 1551 1095 1594 vocem
1111 1524 1275 1615 ἀγενήτου,

61 1636 149 1698 dost
170 1635 350 1706 non-iacti,
379 1653 394 1694 a
417 1633 536 1695 Graecis
559 1652 613 1695 seu
635 1632 799 1694 Gentilibus
822 1641 892 1694 suut
914 1634 1031 1706 mutati,
1055 1642 1087 1694 ut
1107 1625 1276 1697 huiusmodi
1286 1649 1362 1692 rme.

61 1738 141 1800 innixi
163 1736 308 1798 rombulo
328 1714 437 1797 bursus
460 1735 536 1795 inter
559 1753 609 1796 res
631 1736 722 1795 iactas
745 1744 858 1795 creatas
880 1734 933 1796 Dei
956 1734 1099 1808 Verbum,
1121 1755 1175 1814 per
1197 1736 1277 1815 quod

61 1857 102 1899 res
122 1839 206 1918 ipsae
228 1838 322 1898 iactae
343 1845 427 1909 sunt,
451 1843 658 1908 numerarent3
680 1844 759 1896 tanta
782 1854 886 1896 eorum
909 1835 1006 1897 estin
1028 1837 1148 1916 propria
1170 1836 1276 1917 impie-

61 1949 110 1999 ute
130 1938 295 2000 asserenda
315 1937 511 2017 impudentia,
539 1945 654 1999 tantave
682 1936 841 2017 pertinacia
870 1936 900 1997 in
922 1937 1113 2016 blasphemiis
1136 1938 1277 2000 adversus

62 2039 211 2101 bominum
234 2038 432 2118 proterendis.
477 2037 510 2100 Si
545 2038 634 2118 igitur
655 2045 764 2098 tantam
787 2056 857 2116 prae
879 2056 912 2098 se
934 2039 1033 2099 ierunt
1054 2038 1275 2118 impudentiam.

62 2142 119 2219 qnia
140 2141 231 2201 buius
254 2140 336 2200 roris
359 2139 603 2219 significationem
626 2139 772 2217 ignorant,
796 2157 867 2199 sane
888 2138 918 2199 id
941 2139 977 2199 ab
1000 2139 1047 2200 bis
1069 2139 1153 2218 ipsis,
1176 2138 1276 2218 aqui·

62 2241 108 2302 bus
135 2261 200 2304 eam
228 2259 386 2320 accepere,
417 2241 606 2302 ediscendum
637 2248 710 2300 erat.
754 2239 790 2300 Hi
819 2258 925 2318 nempe
953 2247 1096 2310 mentem,
1131 2259 1218 2318 qrram
1240 2259 1276 2302 ex

62 2342 141 2415 bono,
164 2350 194 2403 et
215 2342 355 2415 animam,
377 2360 465 2420 quam
486 2361 521 2403 ex
543 2350 641 2402 mente
665 2359 732 2402 esse
754 2341 851 2414 aiunt,
873 2342 1007 2420 quamvis
1030 2342 1107 2403 unde
1129 2342 1195 2403 iliae
1216 2341 1276 2404 sint

64 2445 98 2505 eis
117 2462 178 2505 non
200 2444 305 2515 lateat,
336 2450 433 2503 tamen
455 2445 638 2503 non-iactas
662 2443 760 2505 dicere
782 2441 853 2503 nibil
874 2452 945 2503 sunt
966 2442 1064 2514 veriti,
1098 2461 1158 2503 non
1181 2445 1274 2522 ignari

64 2546 174 2616 seilicet,
198 2563 233 2606 se
253 2545 313 2605 hoc
334 2544 475 2605 vocabulo
498 2543 570 2604 nibil
592 2544 628 2604 de
650 2544 748 2623 primo
770 2543 931 2622 principio,
955 2563 989 2604 ex
1011 2563 1069 2622 qno
1092 2543 1173 2622 ipsae
1196 2564 1273 2622 quo-

64 2664 110 2723 que
130 2654 252 2706 exortae
272 2654 359 2717 sunt,
388 2644 550 2705 detrahere.
596 2646 636 2705 lta
665 2645 781 2723 inquam
810 2644 877 2704 illos
901 2664 1017 2723 quoquo
1040 2645 1119 2723 loqui
1142 2645 1273 2718 decebat,

65 2756 105 2805 ant
124 2755 203 2807 certe
225 2745 308 2806 nullo
330 2746 420 2806 modo
442 2746 478 2806 de
501 2746 557 2818 bis,
581 2765 655 2823 (punc
677 2745 824 2822 ignorant,
847 2746 1006 2806 disserere.
1051 2747 1137 2817 Quod
1160 2747 1276 2824 siquid

66 2846 126 2907 baec
146 2866 202 2907 vox
226 2845 381 2925 significet,
404 2865 437 2907 se
459 2845 622 2924 intelligere
645 2855 757 2924 putant,
781 2866 903 2906 necesse
927 2846 1046 2905 omnino
1064 2856 1119 2917 est,
1142 2857 1174 2907 ut
1193 2847 1276 2926 ipsos

65 2947 289 3026 interrogemus,
311 2946 437 3007 maxime
458 2965 525 3007 cum
548 2967 581 3006 ea
604 2965 640 3008 ex
662 2946 768 3007 divinis
791 2947 896 3007 litteris
919 2964 980 3007 nou
1003 2947 1042 3006 sit
1063 2946 1199 3022 collecta,
1223 2947 1277 3009 sed

66 3049 132 3109 nulla
152 3048 194 3109 illi
217 3047 388 3126 Scripturae
408 3048 581 3109 auctoritate
602 3047 667 3109 sulti
689 3067 743 3127 pro
767 3047 832 3127 ipsa
854 3056 994 3127 pugnent.
1038 3047 1195 3109 Enimvero
1221 3067 1276 3127 ego

67 3149 172 3226 quidem
192 3149 372 3224 memorari,
398 3167 456 3228 qua
483 3149 519 3210 de
550 3169 638 3211 causa
660 3168 754 3228 quove
777 3167 870 3209 sensu
892 3149 1028 3228 Spuodus
1052 3149 1103 3210 bas
1127 3167 1215 3210 voces
1239 3168 1277 3212 em
1301 3150 1309 3165 '

68 3252 227 3312 nlstoatr'o
248 3259 279 3311 et
300 3251 567 3312 consubstantialis
590 3259 787 3329 congruenter·
808 3250 872 3323 hie,
902 3269 977 3328 quae
1000 3269 1034 3310 ex
1056 3249 1217 3328 Scripturis
1239 3249 1277 3311 de

67 3394 109 3476 γὰρ
131 3397 160 3449 ἔι
176 3415 229 3449 ron
245 3393 316 3467 ἀρχὴ
335 3402 474 3478 ytyrocro
494 3415 543 3449 oen
561 3393 596 3448 ἂν
613 3395 641 3458 ἒξ
690 3405 740 3465 fieri
758 3418 831 3463 omne
852 3404 913 3480 qood
928 3404 962 3480 fit,
983 3404 1058 3467 iprum
1075 3409 1150 3452 cotem
1168 3419 1196 3451 rc
1213 3403 1276 3452 nullo

35 3478 39 3487 ¹
67 3459 140 3545 ἆρχης
160 3465 298 3548 pirrum.
335 3463 480 3547 ἐπειδὴδὲ
499 3461 640 3548 ἀγένητόν
690 3473 730 3532 fit;
750 3486 802 3519 nom
819 3473 841 3519 si
849 3472 995 3548 principium
1013 3486 1042 3519 ec
1060 3472 1219 3533 otiquofieret
1230 3485 1277 3520 coc

66 3528 122 3591 irre,
141 3533 187 3584 καὶ
206 3528 389 3602 ἄδιάφθορυν
406 3527 472 3584 cord
492 3525 641 3617 rivoipxpel·
690 3540 753 3599 fieret
771 3553 800 3585 ea
815 3539 939 3600 principio.
966 3539 1190 3593 Quondoreronou-
1179 3543 1278 3600 -scctum

66 3617 109 3650 m.
145 3606 174 3653 Ει
172 3607 327 3683 paucis
309 3605 455 3652 interiectis:
480 3596 547 3652 sid
582 3617 641 3682 toa!
692 3611 732 3663 est,
761 3620 803 3653 trec
829 3606 889 3652 illem
905 3619 973 3667 porse
992 3605 1107 3682 corrumpi
1124 3620 1215 3654 circesso
1234 3611 1276 3653 cst.

67 3671 135 3749 reiro
154 3663 242 3751 cietur
259 3664 334 3736 ἔχον,
334 3664 389 3749 μὴ
409 3662 472 3718 αλλο
492 3685 518 3718 rr
528 3659 635 3719 εἶναι
608 3686 639 3718 το
692 3673 719 3720 ht
727 3672 799 3735 panio
808 3679 877 3734 post
896 3671 964 3720 l'orro
977 3686 998 3720 st
1011 3673 1044 3720 rto
1055 3687 1102 3721 noc
1114 3673 1277 3720 estolrudesse

66 3729 120 3785 atro
138 3732 207 3787 ariri
225 3729 465 3818 zwoirir'tptqp'v·
485 3730 641 3818 {iduciyx'rr
691 3741 731 3799 bt,
759 3741 821 3802 qood
845 3742 945 3801 seipsum
962 3745 1048 3798 monet,
1077 3754 1145 3802 quom
1168 3741 1275 3799 animam,

66 3795 188 3867 ἂγὶνητὸν
204 3818 234 3855 τε
247 3819 294 3853 rtur
285 3797 447 3853 adorator
458 3798 532 3871 ψυχὴ
544 3797 579 3852 ἃν
589 3799 639 3864 εἴη.
693 3821 785 3855 necesse
802 3809 903 3868 profecto
921 3808 992 3868 [uerit
1010 3807 1110 3854 ocimum
1129 3813 1208 3855 essert
1218 3821 1277 3854 non-

66 3872 147 3924 ltest:
167 3874 550 3924 cenomannicorum.
576 3877 642 3930 Orod
691 3878 777 3936 [octoni
795 3881 815 3923 et
833 3873 990 3922 immortalem.
1019 3871 1139 3921 Hactenus
1150 3873 1225 3931 Plato
1237 3873 1278 3936 qui

66 3945 112 3990 crin
129 3958 218 4006 semper
234 3950 345 4002 moretur,
365 3943 493 3991 immortale
511 3949 560 4002 τευ
579 3944 641 4005 quod
694 3940 788 3989 teruetsi
816 3939 891 3988 boc
885 3953 909 3986 rn
935 3939 988 3988 loco
1014 3940 1116 3988 enimam
1135 3956 1193 3988 non·
1182 3945 1278 4004 -soetom

66 4018 127 4058 uuae
143 4016 219 4059 noret
236 4011 303 4059 eliud
313 4016 334 4057 et
344 4010 373 4058 ob
385 4009 432 4057 olio
446 4015 555 4069 moretur
567 4025 641 4073 quarr-
692 4021 747 4056 esse
765 4008 860 4065 asserit,
880 4006 936 4054 abbi
955 4013 1042 4066 tamen,
1062 4008 1085 4055 in
1096 4007 1193 4056 Timaeo
1211 4007 1277 4055 ride-

65 4075 175 4139 qu'den
192 4079 262 4138 finem
279 4079 347 4127 lebet
365 4083 454 4136 motor,
473 4078 533 4125 oitce
550 4091 641 4140 qnoque
693 4074 758 4133 licet,
777 4073 964 4123 asummolleo
984 4074 1277 4123 creotamluissedisertc

63 4143 118 4200 pren
133 4146 210 4194 mter.
247 4144 329 4193 Solum
345 4145 418 4204 ipitor
434 4144 502 4204 illud,
523 4145 584 4207 quod
603 4158 641 4192 ce·
694 4142 773 4190 docet.

63 4210 222 4271 brunones,
243 4212 300 4276 quic
318 4224 420 4274 reipsum
436 4212 592 4269 concluserit
612 4225 641 4258 ne
727 4224 747 4257 c.
768 4208 809 4257 Sic
826 4208 883 4269 Reg.
904 4217 927 4258 ct
946 4207 1016 4256 basil
1053 4209 1080 4257 dt
1098 4208 1276 4258 oditioComm.

63 4281 136 4326 meri
152 4281 245 4343 quidem
262 4293 368 4341 coquom
385 4279 486 4338 desiait;
504 4279 641 4341 ooinetiom
692 4267 761 4323 αὐτὰ
779 4289 831 4353 on.

64 4348 139 4406 reone,
158 4363 204 4411 pso
220 4353 352 4403 moventur,
372 4345 494 4406 Μείοπε,
513 4347 555 4394 boo
573 4346 639 4407 prin·
726 4344 749 4392 d.
768 4333 816 4389 οὐκ
833 4343 925 4391 desst'
920 4358 942 4391 rn
960 4340 1277 4391 editioneCommelioinna.

62 4425 135 4473 “pm
156 4420 189 4464 est
212 4421 300 4464 motos.
327 4412 478 4489 Principium
503 4417 579 4461 nutem
606 4418 639 4460 est
691 4411 735 4460 sed
759 4411 885 4459 babetur
880 4425 903 4459 m
923 4425 981 4458 mss.
999 4411 1056 4471 Reg.
1076 4418 1099 4458 et
1117 4408 1187 4457 Basti.
1207 4414 1278 4470 atquc

62 4486 200 4543 mutuor.
235 4482 275 4532 Er
289 4479 411 4545 principio
428 4492 488 4529 eorm
504 4485 640 4530 recerunt
692 4479 723 4527 ita
742 4477 853 4541 legerunt
871 4478 982 4527 hmbros.
994 4477 1102 4527 camald.
1121 4482 1144 4525 et
1162 4475 1278 4525 Nunnius.
