2948 5092
494 220 610 265 cottone
625 191 978 266 troncmtmutr'nmnnu.
1286 198 1348 273 873

118 392 184 437 non
206 373 342 452 exigere.
371 372 512 450 quaeret
536 379 650 433 creatae
672 370 839 433 debeatur?
883 364 958 434 Nam
981 373 1104 434 increati
1126 373 1213 436 Verbi
1237 378 1433 457 conposuere.

118 473 230 539 lactum
253 483 308 546 est,
331 492 366 535 ae
387 473 453 552 ipsi,
477 473 562 535 cuius
585 491 694 552 corpus
716 473 827 535 lactum
850 483 905 547 est,
929 475 1134 538 adorationem
1157 474 1277 540 adfertis
1293 497 1346 539 ve·
1382 536 1385 541 .

120 587 226 639 stram
270 575 373 636 Debita
396 593 466 653 ergo
490 584 520 636 et
541 575 637 635 divina
659 575 833 636 adoratione
855 575 976 663 colitur3
999 577 1077 640 Deus
1100 581 1180 641 enim
1203 586 1250 639 est
1271 580 1347 642 Ver·

121 679 205 749 bum,
229 677 313 738 cuius
335 695 444 756 corpus
468 686 514 737 est
534 676 699 756 proprium,
721 677 831 756 quippe
854 696 920 738 cum
944 691 1135 741 accesserunt
1156 682 1295 743 mulieres
1311 683 1348 744 ed

123 781 300 851 Dominum,
323 778 387 839 illas
410 779 457 839 his
480 778 620 857 probibet
640 777 760 839 verbis:
789 778 862 840 Noli
880 798 926 842 me
948 790 1086 859 tenpore,
1113 783 1248 854 nondum
1270 787 1350 846 enim

123 883 249 943 ascendi
269 882 307 941 cd
323 879 443 963 Patrem
464 899 571 951 meum,
594 879 728 941 indicans
750 897 826 960 opus
849 899 917 942 esse
931 882 1114 944 decensione
1137 893 1166 945 et
1181 903 1269 944 unam
1284 887 1350 948 lore

124 981 349 1044 decensionem.
393 981 528 1042 Attamen
557 982 729 1043 aecedentes
750 981 818 1042 illae
839 989 1000 1043 tenuerunt
1021 983 1113 1062 pedes
1136 984 1200 1046 eius
1222 994 1253 1047 et
1273 987 1349 1048 ado·

126 1075 275 1147 raserunt.
320 1083 415 1143 Pedes
437 1091 606 1157 tenuerunt,
628 1083 721 1143 [icum
744 1082 952 1144 adoraverunt.
997 1084 1092 1146 Pedes
1116 1087 1234 1164 quidem
1251 1087 1348 1151 carnis

125 1195 156 1246 et
187 1184 301 1245 ossium
325 1193 492 1258 contactum
512 1184 738 1263 praeferebant,
772 1185 825 1245 sed
849 1204 916 1245 eum
937 1185 990 1246 Dei
1013 1195 1130 1261 essent,
1161 1189 1254 1249 licum
1282 1189 1350 1252 illae

127 1287 335 1349 adoraverunt.
380 1286 417 1346 Et
438 1286 506 1346 alibi
529 1304 648 1365 quoque
669 1286 766 1348 aiebat
786 1284 945 1348 Dominus:
975 1286 1102 1367 Polpctc
1120 1308 1166 1352 me
1189 1303 1218 1353 et
1240 1310 1350 1373 ceptro-
1372 1284 1375 1291 ’

126 1393 217 1462 ecite;
248 1392 318 1468 puio
340 1392 470 1469 spiritus
495 1407 616 1450 carnem
638 1399 668 1450 et
690 1406 761 1450 osto
782 1407 844 1471 ηοη
868 1389 967 1460 lebet,
997 1393 1082 1452 sicut*
1096 1411 1141 1452 me
1164 1392 1271 1455 videtis
1295 1395 1351 1454 bc-

129 1490 214 1560 bcre,
238 1508 413 1569 quamquam
436 1491 501 1568 ipse
525 1489 655 1569 Spiritus
679 1490 733 1551 sit:
762 1489 899 1569 Spiritus
921 1496 1001 1553 enirn
1022 1503 1067 1554 cst
1088 1493 1180 1556 Deus.
1224 1495 1351 1557 Etcum

125 1591 196 1652 dicit
218 1610 252 1651 ea
274 1611 308 1652 se
328 1591 608 1679 baber'esimulque
629 1591 761 1653 ostendit
782 1592 856 1670 ipsa,
880 1611 933 1653 cur
954 1593 1009 1654 ait:
1033 1593 1169 1673 Spiritus
1187 1614 1307 1658 curnem
1324 1606 1352 1660 et

127 1711 199 1756 ossa
220 1712 282 1754 ηοη
305 1693 399 1763 babet,
422 1705 458 1754 eit
479 1712 533 1763 me,
556 1693 662 1772 inquit,
686 1710 775 1773 quem
796 1712 859 1754 non
880 1694 928 1754 illa
945 1714 1022 1767 esse,
1047 1696 1100 1756 sed
1115 1696 1163 1758 illa
1179 1697 1288 1758 babere
1303 1698 1350 1759 vi·-

126 1792 230 1856 detis?
252 1813 289 1854 an
312 1804 345 1855 ut
366 1795 496 1867 doceret,
520 1794 663 1873 Spiritum
685 1803 790 1856 natura
813 1796 1042 1857 inenariabilem
1065 1816 1149 1869 esse,
1173 1799 1272 1876 ipsum
1294 1813 1436 1860 au-nert.

125 1905 185 1959 tout
208 1903 375 1957 contactum
398 1896 433 1957 ad
456 1915 566 1976 corpus
589 1909 693 1957 nostro
715 1897 811 1959 simile
833 1897 991 1976 pertinere,
1014 1900 1092 1977 quod
1109 1899 1166 1960 sibi
1183 1919 1217 1961 ex
1233 1899 1353 1979 Virgine

126 2017 191 2061 non
213 1999 336 2078 quadam
360 1998 501 2078 operandi
524 1999 649 2070 ratione,
673 1998 727 2060 sed
750 1998 875 2061 naturali
899 2000 1090 2078 generatione
1113 1986 1351 2080 comparaverat3

126 2110 161 2163 ut
190 2110 220 2161 ct
248 2101 408 2161 secundum
432 2110 565 2161 naturam
588 2109 670 2161 esset
691 2118 818 2180 eorpus,
847 2119 881 2162 ac
901 2120 1006 2162 rursus
1030 2102 1192 2163 secundum
1216 2112 1352 2166 naturam
1433 2107 1437 2114 '

126 2201 307 2264 indivisibile
336 2211 415 2263 essct
437 2195 453 2263 a
476 2202 562 2262 Verbi
585 2199 726 2262 Deitate‘l
771 2201 821 2262 Sic
849 2202 927 2262 enim
956 2210 986 2262 et
1011 2221 1094 2263 mors
1125 2205 1189 2265 eins
1218 2204 1352 2284 contigit,

126 2323 254 2383 corpore
277 2304 395 2383 quidem
420 2305 582 2364 secundum
605 2312 739 2364 naturam
762 2303 956 2382 suscipiente,
980 2304 1081 2364 Verbo
1100 2313 1197 2367 autem
1220 2324 1274 2383 per
1295 2326 1351 2367 vo·

97 2407 267 2469 ,luntatem
292 2425 355 2466 eam
379 2406 552 2466 admittente
574 2414 604 2467 ct
624 2423 678 2484 per
699 2396 878 2484 potestatem
901 2423 986 2465 suem
1007 2406 1160 2484 proprium
1184 2424 1292 2485 eorpus
1315 2407 1353 2470 ad

123 2515 253 2569 mortem
281 2507 431 2577 tradente,
461 2525 519 2585 qno
551 2515 581 2567 et
602 2505 776 2567 naturaiiter
797 2525 854 2585 pro
876 2506 964 2579 nobis
986 2514 1138 2586 pateretur
1160 2514 1190 2567 et
1211 2507 1353 2570 divinitus
1413 2539 1418 2557 ι

89 2644 97 2657 ·
122 2626 182 2689 pro
205 2608 292 2669 nobis
313 2586 494 2687 fesuigeret.
539 2607 708 2687 Totumque
730 2607 931 2686 generationis
946 2608 1112 2687 mortisque
1128 2609 1278 2687 negotium
1293 2628 1353 2671 no-

125 2718 219 2770 stram
243 2710 489 2788 perquisitionem
512 2710 827 2790 temperationemque
850 2717 972 2788 spectet.

73 2797 75 2801 ’
212 2815 241 2872 7.
286 2811 365 2871 llaec
388 2831 452 2872 cum
477 2812 516 2872 ita
541 2830 574 2873 se
597 2811 726 2873 babeant
747 2821 778 2871 et
799 2812 829 2871 in
853 2812 992 2873 confesso
1016 2811 1131 2872 sintin
1154 2811 1284 2874 Ecclesia
1299 2811 1353 2874 Dei

127 2913 294 2983 Catholica,
325 2933 377 2974 cur
405 2933 457 2973 vos
480 2932 599 2975 rursum
622 2908 853 2992 dicitis'corpus
877 2933 893 2974 e
916 2913 996 3001 caelo
1020 2912 1114 2975 esse?
1143 2933 1196 2974 cur
1218 2914 1353 2977 Christus
1415 2947 1423 2959 =

127 3014 202 3076 illud
225 3013 345 3076 ellecit‘?
389 3015 595 3094 Respondete:
617 3016 702 3111 Apnc
723 3022 757 3077 ut
779 3034 815 3075 ex
837 3016 919 3076 caclo
942 3015 973 3074 in
997 3026 1105 3076 terram
1128 3033 1237 3095 corpus
1252 3016 1353 3077 deler-

124 3123 177 3177 ret
204 3124 233 3176 et
255 3115 401 3176 invisibile
424 3117 563 3177 redderet
585 3114 718 3190 visibile,
751 3115 947 3177 contumeliae
969 3115 1137 3194 incapacem
1160 3117 1355 3179 contumeliae

126 3236 283 3297 capacem,
312 3217 494 3295 impassibile
518 3226 547 3278 et
569 3217 737 3279 immortale
758 3216 883 3278 mortale
906 3226 936 3279 et
958 3216 1099 3295 passibile
1121 3216 1252 3280 laceret?
1295 3216 1355 3280 Ec-

126 3319 271 3400 quidoam
292 3320 322 3379 in
345 3319 402 3379 illis
425 3318 571 3392 beneficii,
595 3338 613 3379 o
636 3319 739 3400 inepti,
763 3319 790 3379 si
813 3337 847 3379 ea
869 3319 900 3379 in
916 3318 1036 3379 Christo
1052 3319 1127 3379 laeta
1143 3319 1257 3392 dicatis,
1281 3336 1357 3399 quae

126 3423 160 3484 in
183 3422 372 3501 Protoplastc
388 3421 478 3482 ddum
501 3405 690 3483 factasunt?
732 3420 796 3482 Nisi
811 3419 890 3482 Adae
910 3419 1027 3499 lapsum
1048 3420 1079 3480 in
1095 3419 1357 3500 incomparabilem

127 3523 349 3603 reparationem
371 3523 506 3584 Christus
536 3524 566 3584 in
594 3521 786 3584 similitudine
816 3523 916 3613 earnis
944 3521 1059 3602 peccati
1081 3539 1228 3601 apparens
1249 3539 1357 3601 pecca-

127 3636 252 3705 tumque
274 3627 303 3686 in
327 3643 414 3685 earne
436 3624 638 3687 condemnans
660 3623 851 3698 restituisset,
876 3623 915 3684 ita
938 3631 971 3684 ut
992 3641 1081 3685 carne
1096 3623 1215 3685 indutus
1231 3622 1263 3683 in
1278 3631 1358 3684 terra

163 3795 184 3828 e.
204 3780 302 3838 Segncr.
327 3768 444 3842 ἅρῥητός
467 3791 508 3830 τις
530 3772 613 3828 ἐστίν.
650 3778 715 3828 lnlra
799 3777 823 3825 b.
844 3775 939 3827 Gobler.
959 3775 1096 3826 deiciant.
1115 3784 1138 3824 ct
1156 3774 1296 3836 Segnerian.
1315 3765 1359 3822 int

125 3849 192 3900 idem
211 3836 245 3904 ἣν
261 3838 290 3892 ἐν
307 3838 394 3909 ἑαυτῷ
412 3859 515 3910 nepem.
766 3844 842 3921 yria,
864 3845 928 3892 lnlra
947 3844 1057 3920 Spgnen,
1073 3858 1144 3920 utrem
1163 3836 1359 3922 sepuimp'r,'atc}
1454 3902 1459 3912 Ι

163 3916 180 3963 l.
200 3916 298 3973 Seguer.
317 3906 362 3960 ἵνα
379 3909 433 3967 καί,
454 3927 523 3976 quem
536 3916 610 3964 secuti
624 3929 717 3963 sumus.
767 3903 997 3971 η’ςηνίντουτ.
1035 3913 1094 3960 Editt
1121 3921 1143 3960 et
1163 3912 1202 3959 alu
1220 3923 1266 3956 και
1282 3923 1357 3968 της-η

124 3978 177 4060 ataf
193 3983 275 4059 decret
293 3983 316 4030 in
333 3983 411 4059 editis.
447 3982 499 4059 bloi
516 3967 532 4046 ᾗ
549 3977 631 4029 πάλιν
647 3975 717 4029 κατὰ
767 3971 892 4058 turcio&
926 3980 999 4057 Prole
1024 3987 1080 4056 ppst
1097 3973 1359 4092 Seguer.nyepovirat

125 4063 217 4118 φησιν
234 4062 347 4126 rpc'rpv
364 4045 455 4113 loyce,
475 4065 518 4125 sto!
530 4051 591 4099 ulem
611 4059 634 4099 et
652 4051 716 4098 Nan·
768 4044 857 4125 λέγεζε
874 4063 905 4126 ‘²2
919 4048 996 4126 ‚Edt'tt
1016 4061 1047 4094 ου
1056 4041 1179 4124 γέγοηεν,
1194 4060 1240 4108 αγ
1252 4059 1278 4107 γ.
1306 4045 1359 4094 blox

126 4122 192 4170 nius.
228 4117 289 4166 butu
314 4132 331 4181 p
357 4117 404 4176 τῆς
422 4116 470 4164 τοῦ
488 4112 590 4181 topos,
619 4118 717 4166 omissis
769 4109 793 4164 εἰ
809 4131 847 4182 μη
867 4129 905 4179 τῳ
922 4109 1005 4180 Αδαμ
1022 4115 1109 4164 desunt
1126 4129 1150 4162 tn
1169 4116 1268 4175 Seguer.
1287 4111 1359 4163 Gobl.

129 4187 226 4239 mediis.
770 4192 794 4233 et
813 4185 917 4234 Feleltm.
933 4183 954 4232 l.

165 4270 187 4317 g.
207 4255 240 4302 lta
259 4254 358 4311 Seguer.
378 4253 516 4301 Gobleiion.
536 4261 558 4303 et
577 4252 681 4302 Felcltm.
695 4252 717 4302 l.

126 4324 191 4374 Editi
210 4314 254 4368 καὶ
272 4314 334 4377 b'lns
351 4318 400 4377 τῆς
416 4316 553 4383 γενέσεως.
582 4322 646 4370 lutra
661 4321 719 4369 editi

126 4385 159 4441 ἒν
176 4389 209 4456 τῇ
227 4387 275 4436 τοῦ
285 4386 352 4435 θεοῦ
364 4385 504 4453 καθοληκῇ.
531 4389 578 4439 Sed
589 4386 638 4436 τοῦ
650 4385 718 4436 θεοῦ

125 4462 199 4510 deest
216 4458 239 4507 in
258 4459 334 4507 Narin.
354 4465 376 4506 ct
394 4457 493 4519 Segoer.

805 4287 820 4335 i.
845 4286 879 4334 lta
908 4285 1008 4342 Segoer.
1034 4281 1131 4333 Gobler.
1163 4289 1187 4331 et
1209 4280 1315 4330 retem.
1335 4280 1358 4331 l.
1424 4270 1425 4274 ¹

770 4354 796 4404 ln
817 4353 888 4402 editis
904 4346 952 4399 καί
969 4353 1043 4400 deest.
1081 4351 1132 4398 llox
1151 4350 1240 4410 Anglic.
1260 4349 1360 4400 Gobler.

771 4429 794 4471 et
813 4421 917 4471 Felclm.
931 4421 953 4470 l.
971 4409 1196 4469 πολιτεύσασθαι.
1415 4405 1421 4419 '
