2948 5092
462 230 607 276 oneror.
623 229 740 274 oourna
753 230 888 277 monos.
979 294 986 304 ..
1232 221 1295 285 259

55 405 126 450 suso
144 402 233 467 pum
254 400 310 446 oss
333 382 543 463 crucifixistis.
588 380 668 443 llaoe
688 379 730 443 illi
751 379 816 444 lora
842 400 962 446 sursum
990 382 1130 448 deorsum
1157 395 1377 462 versantem.

57 505 190 569 qnorum
216 502 280 549 non
306 483 438 547 asseunti
461 501 584 545 sensum
610 480 680 545 inde
700 481 754 544 Dei
776 482 906 545 Verbum
934 493 1066 555 creatum
1093 496 1124 550 et
1150 506 1227 569 opus
1257 507 1293 553 ae

60 607 150 652 onam
172 606 211 650 ex
231 585 325 650 rebus
345 585 431 648 laetis
458 602 527 647 esse
549 583 747 659 arbitrantur,
779 592 869 664 atque
894 585 934 647 ita
962 576 1069 650 stultos
1097 588 1128 650 in
1158 607 1291 654 errorem

61 690 223 765 inducunt,
251 688 353 768 speeie
380 685 501 767 quidem
527 684 616 747 verba
643 702 660 746 o
687 685 780 748 saeris
802 685 896 749 literis
920 696 1057 768 excerpta
1077 701 1294 771 proponentes,

62 791 115 854 sed
133 791 206 855 loeo
226 808 315 853 serae
343 787 523 860 sententiae,
556 803 644 866 quam
671 787 842 861 continent,
874 789 1030 868 proprium
1058 810 1130 853 snae
1157 793 1292 856 haeresis

62 900 239 974 spargentes
259 909 416 954 reoennm.
461 888 593 968 Namque
615 887 642 949 si
663 888 742 968 qnod
763 888 822 950 illis
845 889 1016 970 Scripturas
1042 891 1117 954 loeis
1140 894 1291 973 signitica-

63 1002 119 1068 tor,
140 992 290 1055 baberent
310 991 506 1071 exploratum,
528 990 559 1051 in
580 988 738 1052 Dominum
760 989 871 1068 gloriae
886 990 969 1070 impii
983 1010 1045 1054 non
1060 1003 1171 1066 esseut,
1193 1013 1292 1076 nequo

63 1113 116 1170 es,
136 1113 216 1175 qnae
235 1102 316 1157 reete
337 1093 447 1173 scripta
469 1100 555 1166 sunt,
577 1109 667 1171 prave
687 1090 960 1171 interpretarentur.
1006 1094 1093 1166 Quod
1116 1095 1142 1156 si
1164 1095 1293 1175 Calpbae

64 1213 164 1259 noros
184 1195 282 1277 paboni
303 1196 364 1258 iam
385 1192 542 1276 amplexati
563 1193 690 1256 ludaeos
711 1193 797 1273 sequi
818 1192 991 1269 deerevere,
1020 1195 1060 1256 ita
1088 1205 1120 1258 ιι
1152 1198 1293 1277 ignorent

65 1297 144 1375 qnod
165 1298 313 1378 seriptum
334 1305 396 1370 est,
425 1295 565 1357 nimirum
587 1312 656 1357 vere
675 1293 769 1356 lleum
790 1292 822 1356 in
843 1295 932 1358 terris
954 1296 1169 1372 habitaturum
1202 1317 1292 1362 voees

65 1397 152 1478 igitur
171 1398 357 1480 Apostolieas
385 1397 481 1459 nolint
509 1403 656 1458 excutere.
698 1395 732 1457 ld
754 1395 833 1458 enim
854 1396 1033 1461 ludaeorum
1054 1417 1114 1461 non
1138 1408 1194 1462 est.
1237 1399 1292 1464 Sin

65 1507 159 1563 ιιιιιιι
182 1499 326 1562 societate
339 1499 419 1560 'inita
441 1517 508 1561 eum
530 1496 715 1578 impiissimis
736 1496 924 1573 blaniobaeis,
952 1499 1081 1562 Verbum
1104 1520 1223 1564 earnem
1244 1501 1291 1564 la·

67 1609 140 1664 stom
162 1620 245 1676 esse,
265 1619 504 1682 corporeumque
526 1600 591 1662 eius
613 1598 770 1661 adventum
792 1608 915 1679 negant3
937 1601 1024 1664 nobis
1046 1602 1208 1665 Proverbia
1229 1619 1292 1666 non

70 1711 226 1783 opponant.
270 1702 345 1764 llam
365 1703 424 1765 boe
445 1701 531 1762 etiam
554 1700 682 1763 alienum
704 1701 911 1764 allaniebaeis
934 1710 989 1764 est.
1022 1703 1150 1776 Quodsi
1166 1712 1376 1786 propterera.

69 1803 244 1884 dignitatem,
268 1821 356 1884 quam
378 1802 522 1875 obtinent,
546 1811 576 1864 et
596 1801 735 1864 avaritiae
755 1801 880 1877 luorum,
903 1802 982 1883 qnod
999 1823 1034 1866 er
1056 1824 1090 1867 ea
1112 1807 1220 1880 terere,
1243 1813 1294 1870 ant

71 1906 157 1968 bonae
185 1905 406 1969 conservandae
433 1904 525 1985 gratia
556 1903 725 1984 gloriaeque
753 1904 911 1985 eupiditate
940 1905 1063 1968 inficiari
1089 1925 1150 1968 non
1172 1906 1292 1982 audent,

73 2005 192 2070 Verbum
214 2025 334 2070 earnem
356 2009 463 2070 lactum
487 2025 572 2080 esse,
601 2005 670 2085 quia
692 2005 806 2068 scilieet
828 2004 857 2066 id
880 2006 1023 2085 seriptum
1052 2016 1115 2082 est3
1145 2009 1191 2069 rel
1220 2027 1291 2091 ergo

73 2107 153 2172 ruba
172 2109 210 2171 de
232 2109 284 2171 illo
306 2109 416 2189 scripta
438 2108 475 2171 de
497 2125 640 2188 corporea
662 2105 757 2187 ipsius
773 2104 935 2169 Salvatoris
957 2108 1126 2188 praesentia
1147 2118 1228 2171 reete
1242 2110 1292 2173 in·

76 2209 203 2290 telligant,
227 2211 271 2273 rel
294 2210 321 2273 si
343 2210 388 2285 id,
411 2209 491 2290 quod
514 2208 698 2289 significant,
721 2207 812 2269 velint
832 2207 965 2283 relicere,
987 2218 1152 2290 pernegent
1173 2203 1292 2291 quoque

76 2309 221 2376 bominum
243 2312 351 2375 laotnm
373 2311 465 2374 luisse
486 2310 648 2372 bominem.
680 2308 770 2371 Valde
793 2309 872 2372 onim
892 2310 1016 2373 dedecet
1029 2311 1157 2373 Verbum
1173 2330 1292 2376 carnem

77 2412 169 2476 laetum
192 2432 262 2476 esse
285 2413 432 2487 confiteri,
455 2396 538 2475 et'in
559 2412 624 2485 bis,
647 2429 722 2490 quae
745 2409 782 2472 de
804 2430 840 2473 eo
863 2413 972 2491 scripta
994 2422 1080 2488 sunt,
1104 2412 1290 2487 erubescere,

79 2513 108 2573 ob
127 2534 248 2595 eamque
270 2515 415 2576 rationem
438 2513 599 2594 depravare
620 2512 781 2592 genuinum
804 2512 973 2593 Scripturae
995 2533 1128 2576 sensnm.

148 2621 199 2680 54.
245 2617 345 2696 ltaque
367 2616 511 2695 seriptum
533 2623 588 2688 est,
612 2621 692 2676 tanto
715 2615 963 2693 praestantiorem
986 2617 1093 2678 laetum
1109 2635 1177 2679 esse
1191 2617 1290 2696 Ange-

78 2714 116 2778 lis.
153 2717 228 2780 Nam
249 2716 280 2779 id
302 2717 431 2797 primum
455 2716 622 2796 expendere
642 2733 767 2778 neeesse
789 2723 843 2777 est.
888 2716 1025 2778 Ceterum
1047 2718 1106 2791 bio,
1129 2719 1207 2780 utin
1224 2737 1290 2780 om·

79 2817 152 2881 nibus
172 2819 238 2882 aliis
261 2819 377 2881 divinae
400 2819 572 2898 Scripturas
593 2816 667 2880 loeis
690 2836 777 2897 agere
806 2819 959 2889 convenit,
989 2799 1206 2881 observandum
1234 2826 1291 2894 est,

78 2936 124 2998 qna
143 2922 301 2983 ooeasione
323 2921 440 2984 loeutus
463 2921 503 2983 sit
522 2919 693 3000 Apostolus,
715 2937 791 2998 quae
813 2917 854 2978 sit
874 2937 1013 2998 persona,
1036 2938 1112 2998 qnae
1133 2939 1182 2981 res
1206 2920 1291 2982 euius

78 3022 156 3098 paria
176 3023 308 3103 sempsit,
331 3031 465 3086 accurate
487 3030 518 3083 et
539 3020 666 3083 fideliter
687 3019 897 3081 attendendum
920 3029 976 3094 est,
999 3039 1038 3082 ne
1056 3022 1123 3101 quis
1138 3021 1187 3083 illa
1202 3022 1290 3101 igno·

76 3138 134 3183 rans
154 3131 206 3186 ant
226 3125 305 3186 alind
326 3132 444 3204 praeter
472 3141 506 3184 ea
528 3122 696 3201 intelligens
725 3140 741 3182 a
769 3140 839 3183 vera
866 3121 984 3183 aberret
1005 3123 1168 3184 sententia.
1211 3123 1293 3186 Haeo

76 3224 197 3301 prolecto
219 3243 280 3286 non
302 3224 457 3304 ignorabat
476 3224 630 3286 studiosus
652 3222 701 3284 ille
723 3222 894 3297 Eunuchus,
917 3223 967 3302 qui
982 3223 1152 3303 Philippum
1174 3225 1214 3286 ita
1235 3243 1291 3286 ro-

76 3324 163 3403 gabat:
195 3326 328 3389 Obsecro
352 3339 395 3398 te,
418 3327 453 3388 de
475 3344 533 3407 quo
555 3324 709 3405 Proplreto
731 3326 801 3387 dicit
824 3325 892 3397 bor,
917 3326 1005 3387 dese
1028 3344 1069 3386 ιιι
1091 3326 1126 3387 de
1147 3324 1207 3387 olto
1231 3324 1292 3388 oll-

75 3525 128 3575 oen,
144 3523 212 3565 reete
229 3528 326 3579 qnoque
343 3504 487 3580 πρόβλημα
512 3513 589 3577 ipsam
609 3511 651 3561 de·
702 3511 765 3562 lorte
775 3526 820 3575 pro
833 3503 883 3570 εἷῆ
898 3504 955 3570 τήν.
973 3502 1137 3571 Ειίιιιιιιιιῆ
1149 3503 1174 3561 ei
1184 3503 1291 3571 εἶςτιὶν.

74 3582 157 3642 musra
175 3591 258 3646 potest
280 3581 429 3643 dignitatem.
463 3580 570 3630 Nsunins
589 3581 653 3630 bone
737 3579 754 3626 l.
778 3580 819 3628 Sic
836 3580 976 3642 Segoerion.
1012 3580 1039 3628 Αι
1057 3580 1080 3629 in
1099 3579 1154 3629 aliis
1181 3588 1205 3629 et
1222 3579 1293 3630 editio

74 3646 142 3699 loeson
159 3652 193 3700 its
212 3649 296 3700 vertit:
314 3650 576 3699 Siaootemrbouloodi
587 3649 652 3698 Cleri·
701 3642 754 3711 μέν
772 3647 847 3695 deest.

72 3719 179 3769 ιιιιιιιιιιι·
196 3720 288 3782 mute,
313 3724 334 3767 et
352 3719 402 3766 eius
420 3719 460 3781 qui
477 3718 532 3766 iude
548 3717 653 3780 ριιιιιιι
738 3728 759 3775 g.
778 3713 822 3762 atti
841 3713 888 3763 loei
907 3728 973 3763 nom.
992 3712 1033 3762 53.
1058 3714 1177 3778 propositi
1202 3727 1293 3778 erpen-

72 3793 172 3846 potuer
195 3792 218 3835 et
235 3789 310 3849 {omne
334 3798 406 3835 rouso
428 3801 475 3834 ooo
498 3785 583 3834 oodeut
601 3785 652 3845 tofi·
705 3779 793 3831 duntur
812 3783 834 3829 io
853 3782 963 3845 sequenti
982 3781 1104 3834 Oratione.

72 3854 121 3901 riori
137 3863 185 3904 ete.
211 3852 412 3903 Omnibonibaee
430 3866 525 3915 qnoque
544 3859 582 3900 est
599 3864 652 3899 rer·
739 3848 762 3896 b.
781 3848 821 3897 Sic
838 3849 948 3909 Segusa,
966 3848 1063 3898 Gobler.
1082 3856 1105 3899 et
1123 3848 1295 3898 retentarat.

71 3920 115 3969 us:
131 3925 159 3972 st
176 3921 200 3970 si
214 3921 331 3985 propositi
348 3921 387 3970 eoi
403 3919 653 3983 protinettocriqood
705 3924 731 3964 nt
748 3922 772 3964 et
789 3916 851 3964 inlra
870 3916 959 3965 babent
982 3928 1041 3964 mss.
1067 3924 1091 3966 et
1109 3915 1175 3967 editi.
1208 3917 1238 3965 Αι
1256 3915 1295 3965 bte

70 3988 118 4038 ude
133 4003 205 4039 onore
221 3990 324 4051 ιιιιιιιι,
349 3995 370 4037 et
388 3989 506 4051 optatoru's
522 3988 561 4038 coi
578 3987 652 4035 ambi·
705 3984 778 4033 ceteri
797 3990 820 4033 et
837 3982 895 4032 editi
913 3976 945 4030 rb
963 3974 1161 4061 uaporem,
1183 3982 1236 4032 llos
1248 3983 1295 4032 Se-

69 4058 121 4105 tiou
137 4058 232 4106 rtednt
251 4063 296 4104 etr.
704 4065 770 4112 goer.
791 4058 815 4099 et
831 4049 922 4111 Anglie.
940 4044 1015 4115 παρὰ
1039 4049 1128 4098 ταῦτα
1144 4065 1168 4115 ῃ.
1203 4049 1295 4098 lbidem

98 4137 119 4172 e.
136 4123 244 4174 l’elelro.
257 4122 282 4173 5.
299 4114 392 4181 ἐπειδὴ
409 4118 572 4202 γέγραπται.
607 4122 653 4171 Ss-
704 4119 804 4179 Segosr.
823 4125 847 4166 et
864 4119 923 4179 llep.
939 4109 1007 4183 παρ’
1036 4110 1131 4187 ἕτερόν
1147 4129 1183 4164 τι.
1220 4115 1295 4164 llssil.

70 4204 131 4251 puer.
149 4190 208 4242 ibid.
226 4181 244 4250 ἢ
260 4183 307 4238 καὶ
324 4183 360 4238 τὰ
378 4185 454 4254 duro.
479 4189 531 4238 lton
549 4189 612 4238 idem
630 4195 655 4237 et
705 4192 728 4234 et
745 4184 868 4247 duplicari.
885 4175 954 4250 παρ’
974 4179 1075 4249 ἑτέρων
1092 4197 1126 4232 τι
1160 4183 1222 4232 Editi
1240 4181 1296 4231 alii·

71 4258 161 4309 Gebler.
179 4266 204 4308 et
220 4258 329 4308 Felelm.
344 4257 366 4306 l.
390 4248 553 4322 ἕνσιὶματον
570 4246 655 4302 αὐτοῦ
706 4267 752 4317 qne
769 4245 845 4318 παρὰ
864 4251 950 4300 ταῦτα
969 4244 984 4312 ἢ
1002 4248 1048 4299 καὶ
1065 4244 1159 4316 ἕτερόν
1176 4262 1212 4296 τι.

68 4320 218 4391 παρουσίαν
234 4323 285 4374 τοῦ
303 4321 437 4390 σωτῆρος.
471 4323 563 4373 ibidem
582 4322 654 4372 iidem
739 4322 754 4370 i.
773 4321 814 4370 Sir
831 4320 972 4383 Sepoeriam
992 4321 1084 4378 codex,
1110 4327 1135 4367 ιι
1153 4325 1176 4366 et
1194 4316 1296 4365 babetur

69 4400 90 4440 et
106 4394 160 4456 neg.
184 4409 213 4444 se
230 4393 305 4443 basil.
330 4399 356 4442 et
371 4391 494 4470 baptimo.
518 4381 534 4448 ἢ
553 4382 578 4439 ei
594 4382 652 4448 sair.
705 4389 786 4438 betur.
804 4388 891 4451 caps.
908 4402 969 4438 vers.
981 4386 1021 4438 34.
1057 4386 1154 4435 Editier
1168 4383 1208 4433 alii
1225 4381 1298 4432 omit-

70 4457 167 4513 lelelrn.
179 4460 204 4512 5.
222 4459 366 4529 σωτῆρος,
385 4471 425 4518 ειη
444 4451 508 4522 τῆνς
527 4457 652 4518 mendose,
706 4462 760 4506 tont
777 4452 867 4504 reiro.

1041 4533 1096 4586 17*
