2948 5092
491 250 601 305 onemo
616 251 637 295 1.
654 251 770 299 course
782 251 920 311 munes.
1250 241 1314 311 218
1358 312 1363 319 ,

83 394 220 478 „rimu
252 419 311 465 uns
332 420 406 465 sene
428 410 458 465 et
480 402 582 466 eedem
604 386 725 466 lueritd‘¹
769 400 851 464 Licet
872 402 952 466 enim
973 402 1073 473 verbis
1094 405 1230 486 Apostoli
1251 403 1401 477 nunniti.

82 505 159 567 bene
185 502 345 567 intellectis
373 502 447 567 duos
475 523 544 567 esse
574 504 734 584 sapientias
762 503 951 581 existimarit,
979 513 1079 569 umen
1108 527 1174 571 cum
1196 508 1314 587 dixerit,

82 604 276 687 sapientiam,
306 623 381 685 quoe
409 605 497 669 simul
518 625 585 669 oum
607 606 670 668 beu
693 605 810 679 existit,
839 608 1036 672 non-tactem
1060 629 1143 684 esse,
1172 629 1234 680 non
1254 611 1316 683 im

83 714 183 771 unum'
196 709 411 783 non-notum,
433 708 487 771 sed
509 708 587 771 abud
609 727 729 788 quoque
750 709 938 771 non-laetum
960 728 1027 773 cum
1048 710 1099 773 illo
1122 730 1192 774 esse
1213 712 1313 787 dedn-

82 809 166 873 rsrit.
210 809 287 873 Nam
309 808 390 890 quod
411 807 500 873 simul
521 809 635 884 existit,
668 829 730 871 non
759 809 846 873 simul
871 830 942 878 ,cum
964 811 1066 893 seipso
1089 813 1142 877 sed
1164 832 1231 877 eum
1253 813 1312 883 ulio

83 910 194 977 existit.
223 911 274 975 Vel
288 910 378 992 igitur
392 910 513 974 beterio
527 911 728 975 auscultantes
742 930 805 973 non
820 913 945 993 amplius
961 914 1155 995 interrogent,
1178 915 1315 989 Unumne

82 1012 122 1077 sit
141 1014 365 1087 non-,trorum
394 1031 432 1075 eu
453 1011 540 1077 duo?
568 1033 606 1075 ne
636 1021 785 1093 tumqunm
814 1014 993 1079 dissidentes
1023 1034 1091 1079 oum
1112 1035 1149 1080 eo
1171 1026 1313 1098 pugnent

81 1115 187 1179 dutsi
210 1114 240 1179 ei
260 1115 464 1190 adversentur,
487 1114 620 1177 eiusdem
641 1115 718 1178 libro
740 1115 827 1178 inniti
849 1115 997 1191 desinant,
1020 1135 1059 1180 ne
1079 1118 1253 1181 seinvicem
1266 1118 1313 1203 lg·

82 1225 222 1283 cenantes
239 1237 258 1280 c
280 1215 391 1299 seipsis
412 1224 517 1280 mutuo
540 1216 742 1281 conficientur.
785 1216 823 1279 Et
844 1218 917 1281 brec
930 1218 1050 1298 quidem
1064 1237 1157 1299 panon
1170 1219 1313 1293 adversus

83 1320 203 1383 illorum
222 1318 374 1383 inscitiam
396 1319 458 1381 siut
479 1319 565 1382 dieta.
611 1319 686 1394 Quis
709 1337 780 1381 vero
803 1320 833 1381 in
856 1318 1030 1383 sceleratam
1052 1339 1157 1383 eorum
1175 1321 1336 1389 estutinrn‘

83 1423 276 1485 vehementer
298 1421 372 1485 satis
393 1421 491 1484 invehi
512 1420 636 1502 possit?
681 1422 756 1494 Quis
779 1441 830 1484 eos
852 1422 893 1487 ite
915 1422 1230 1509 insanienteslmerito
1251 1440 1315 1487 non

83 1520 203 1585 oderit?
236 1521 310 1585 Cum
332 1523 412 1585 enim
434 1523 492 1585 iem
514 1541 575 1585 non
599 1523 638 1584 sit
660 1523 704 1586 eis
727 1524 874 1603 integrum
889 1524 937 1586 bis
954 1525 997 1587 uti
1019 1525 1156 1587 roribus:
1178 1524 1314 1595 1111111110Ι

83 1632 144 1699 est,
166 1641 232 1687 non
254 1623 308 1686 tuit
329 1634 488 1704 antequam
510 1618 895 1699 nosceretur,‘uocebulum
918 1627 1078 1691 non-lecti
1099 1628 1312 1707 excogitavere,
1320 1634 1403 1683 eet.

84 1736 114 1789 ut
133 1744 204 1789 mum
226 1725 305 1807 apud
327 1725 525 1806 simpliciores
546 1726 654 1789 Filium
677 1728 784 1789 iactum
808 1745 875 1789 esse
891 1728 1001 1802 dicunt,
1024 1728 1127 1791 eadem
1142 1746 1248 1790 rursus
1263 1727 1315 1801 illu
1389 1792 1393 1798 ,

83 1826 252 1908 significent
272 1826 423 1900 voeabula,
447 1846 554 1909 nempe
575 1827 618 1889 En
641 1827 733 1889 nibilo
757 1837 803 1890 est
824 1837 855 1890 et
875 1828 1033 1908 aliquando
1049 1847 1110 1892 non
1124 1829 1189 1893 luit.
1220 1829 1314 1893 Noru-

83 1947 139 2008 que
158 1928 334 1991 huiusmodi
357 1928 480 1990 vocibus
501 1948 550 1991 res
574 1931 667 1991 saeue
690 1938 720 1991 et
741 1941 856 1991 creatae
877 1928 1055 1994 indicantur.

272 2060 288 2090 0

166 2134 219 2197 33.
265 2130 344 2193 Sene
366 2130 392 2192 si
414 2131 479 2206 bis,
509 2150 583 2210 quae
605 2139 808 2212 propugnant,
838 2132 1036 2208 confiderent,
1067 2151 1102 2195 eu
1123 2133 1188 2214 ipsa
1210 2124 1316 2196 essent

84 2232 248 2307 retinenda,
271 2251 328 2294 nec
348 2233 443 2295 rarius
466 2253 542 2314 opus
565 2242 647 2295 esset
668 2234 780 2295 turmas
802 2252 967 2297 assumere.
1011 2234 1120 2297 Verum
1142 2234 1172 2296 id
1193 2234 1317 2299 minimo

86 2336 202 2409 volunt,
232 2352 325 2414 seque
348 2335 448 2396 omnia
471 2333 554 2396 facile
576 2353 668 2415 posse
690 2334 887 2409 arbitrentur,
915 2334 942 2397 si
969 2332 1088 2397 bneresi
1115 2335 1174 2399 boe
1194 2335 1317 2403 nomine

87 2445 226 2519 coopertu
248 2435 424 2497 vocabulum
445 2436 605 2498 non-lecti
635 2435 807 2498 obiecerint.
852 2436 910 2498 Sed
940 2436 1019 2498 enim
1048 2436 1120 2498 haee
1148 2437 1215 2517 ipsa
1236 2455 1317 2500 non·

86 2540 150 2601 loeti
172 2537 266 2600 dictio
289 2556 475 2617 nequequam
497 2538 532 2598 ad
554 2537 660 2599 Filium
682 2539 826 2612 refertur,
850 2537 988 2619 quicquid
1012 2537 1054 2599 illi
1077 2523 1179 2600 c'onua
1202 2537 1317 2617 obgnn·

87 2642 181 2717 uiant,
210 2640 265 2701 sed
287 2630 323 2701 ad
346 2659 395 2702 res
417 2642 525 2713 luctas3
554 2640 638 2702 ouius
668 2640 786 2720 quidem
816 2641 860 2701 rei
883 2640 953 2719 quid
975 2639 1073 2701 simile
1095 2633 1195 2701 videre
1218 2639 1318 2703 estin

88 2744 150 2806 istis
174 2741 299 2804 vocibus
323 2742 520 2822 Omnipotens
544 2752 573 2802 et
595 2742 739 2804 Dominus
763 2742 915 2803 virtutum.
959 2741 1032 2801 Nam
1059 2740 1086 2801 si
1107 2739 1196 2801 Pater
1217 2738 1319 2803 omnic

88 2864 138 2924 per
159 2844 291 2906 Verbum
314 2844 344 2904 in
368 2864 421 2906 sue
444 2853 592 2923 potestate
615 2845 712 2917 babet,
736 2844 895 2923 gubernat,
919 2851 949 2903 et
970 2841 1057 2921 regit,
1080 2841 1105 2903 si
1129 2841 1234 2902 eodem
1256 2840 1316 2905 Pa-

89 2948 138 3008 tris
162 2965 258 3026 regno
281 2946 393 3026 potitur
413 2947 506 3008 Filius
529 2946 727 3026 omnibusque
749 2946 874 3024 imperet
896 2952 929 3006 ut
943 2942 1073 3005 Verbum
1095 2950 1125 3003 et
1146 2943 1243 3021 imago
1259 2941 1317 3004 ea-

90 3049 156 3123 tn's3
178 3048 371 3113 menifestum
394 3058 450 3123 est,
473 3068 569 3128 neque
591 3049 648 3110 boe
663 3049 752 3109 modo
768 3047 872 3108 Filium
889 3046 966 3107 inter
981 3064 1030 3107 res
1047 3062 1151 3106 omnes
1167 3042 1317 3118 collocari,

90 3168 183 3230 neque
204 3149 299 3211 Deum
322 3158 445 3229 propter
468 3151 566 3230 ipsum
589 3150 832 3230 Omnipotentem
854 3156 884 3209 et
905 3146 1065 3208 bominum
1086 3144 1238 3233 appellari,
1264 3143 1320 3209 sou

89 3260 209 3332 propter
232 3271 283 3313 res
305 3271 359 3331 per
380 3251 486 3315 Filium
509 3254 615 3326 iectus,
644 3251 751 3331 quibus
778 3269 833 3330 per
855 3249 983 3311 Verbum
1013 3256 1043 3310 et
1064 3247 1189 3328 imperet
1211 3256 1240 3309 et
1262 3246 1319 3309 do-

91 3354 228 3416 minatur.
271 3352 413 3414 Similiter
434 3353 523 3432 igitur
544 3372 599 3414 nee
621 3372 678 3414 vor
700 3351 848 3414 nou-loeti
871 3352 907 3414 ed
922 3350 1028 3412 Filium
1051 3351 1189 3422 retertur,
1212 3347 1266 3410 sed
1282 3347 1321 3411 ed

91 3473 135 3516 res
157 3473 214 3536 per
236 3453 342 3515 libum
365 3456 471 3528 lectos,
505 3455 594 3535 idque
622 3474 683 3516 non
711 3454 871 3516 immerito.
915 3453 976 3514 Nec
1005 3452 1084 3515 enim
1111 3451 1190 3513 Deus
1219 3466 1321 3513 rerum

91 3608 191 3658 ielekm.
211 3607 236 3656 5.
253 3598 378 3670 γεννητά.
414 3609 515 3669 Seguer.
540 3609 638 3659 Gobler.
657 3616 680 3658 et
729 3607 773 3657 Alii
792 3614 816 3655 et
835 3606 891 3656 editi
912 3599 979 3653 ἀλλὰ
996 3598 1066 3672 πρὸς
1082 3597 1118 3651 τὰ
1134 3595 1252 3680 γενηνάυ
1268 3601 1322 3653 llox

91 3675 337 3726 ferendunum
356 3670 546 3741 σημαίνονται.
582 3676 680 3726 iidltiet
731 3672 1319 3738 5131111111.11νεί1.οιΑηςΙίΜαντοκρατωρ.

90 3746 125 3794 olii
145 3737 321 3807 opperiretur.
730 3743 793 3792 Editi
813 3751 836 3791 et
854 3742 894 3790 olii
912 3733 1112 3808 παννόκρατορ.
1151 3739 1321 3800 Ibidseguer.

119 3828 142 3861 e,
162 3813 204 3861 Sic
222 3811 364 3873 Segnerisn.
383 3811 480 3860 Gobler.
500 3820 524 3860 et
538 3811 642 3860 Felelm.
656 3812 678 3861 1.
730 3803 776 3857 καὶ
799 3804 898 3873 κύριος.
937 3810 1035 3859 Gobler.
1061 3816 1085 3856 et
1108 3807 1211 3859 Felelrm.
1233 3806 1253 3854 1.
1277 3798 1324 3854 oroi

91 3880 192 3930 ttediti
218 3880 300 3928 etalii
318 3871 491 3937 θελήσουσιν,
530 3880 603 3928 Paulo
623 3888 679 3943 post
730 3870 813 3945 κύριε.
851 3877 913 3927 Editi
925 3886 955 3926 et
973 3876 1014 3926 olii
1031 3869 1078 3923 καὶ
1095 3867 1127 3922 τὸ
1145 3865 1228 3941 κύριε.

92 3947 145 4007 lteg.
164 3945 373 4009 Basildnglleen.
387 3939 603 4014 upopriiirurret.
623 3948 678 4006 lieg.
766 3961 788 4008 g.
807 3945 847 3994 Sic
865 3945 1004 4006 Seguerinn.
1024 3943 1122 3994 Gobler.
1143 3949 1167 3990 et
1182 3941 1287 4015 Felclrm5
1298 3940 1322 3991 1.

91 4015 144 4064 ibid.
166 4009 197 4062 ιό
217 4005 369 4078 ἀγέννητον
386 4023 409 4063 et
427 4030 482 4064 mor
500 4013 549 4061 τοῦ
568 4004 679 4077 ἀγεννῆ·
731 4015 758 4063 dt
777 4014 833 4062 editi
852 4020 875 4061 et
892 4012 933 4061 ulii
951 4012 990 4062 bic
1008 4012 1099 4061 nddunt
1114 4002 1161 4056 καὶ
1176 4004 1320 4072 finiisset·

90 4096 145 4130 rou.
182 4083 245 4132 Editi
265 4097 321 4132 reto
340 4090 364 4131 et
381 4083 421 4131 elii
440 4073 574 4146 ἀγένητον
585 4092 607 4130 et
620 4075 681 4145 ripe·
734 4081 808 4130 Panlo
827 4089 883 4144 post
901 4095 958 4130 mss.
977 4073 1023 4127 καὶ
1040 4071 1072 4127 τὸ
1085 4069 1193 4143 κράτος.
1216 4075 1324 4125 ineditis

61 4143 196 4229 ypram·
217 4151 277 4268 lblid.
296 4143 595 4267 Sggufr35eipgdpsxei
613 4143 680 4267 αέτὸ
732 4143 877 4230 κξιῌεεεῐ.
913 4147 965 4198 dor
987 4148 1087 4209 Seguer.
1113 4135 1261 4207 ὦςλόγος,
1288 4132 1326 4195 ⁰55

91 4231 119 4265 10
147 4232 196 4266 1011
224 4234 270 4268 00·
326 4232 379 4267 ott.
403 4233 459 4267 tem
503 4234 605 4279 llsslcdll.
645 4234 680 4279 eg.
733 4230 820 4267 ἕίκων.

92 4288 186 4336 Gobter.
213 4286 320 4336 Felctm.
343 4284 365 4333 1.
385 4293 408 4335 et
426 4286 451 4335 5·
476 4275 543 4333 adri
569 4281 599 4333 τὸ
624 4283 681 4335 roi.
767 4282 958 4362 theguerien.
976 4264 1015 4329 ὦν
1031 4273 1077 4328 καὶ
1093 4276 1193 4342 κρατεῖ.
1222 4276 1286 4331 Editi
1302 4283 1329 4329 nt

90 4355 149 4405 [diri
166 4347 285 4419 καὶγὰρ
305 4342 373 4399 αὐτὸ
392 4351 473 4400 τοῦτο
492 4351 549 4402 τοῦ.
735 4353 775 4403 ulii
794 4365 834 4398 ων
849 4348 951 4414 κρατεῖ.
990 4348 1042 4397 blox
1060 4348 1116 4409 lieg.
1137 4353 1160 4394 et
1178 4345 1284 4395 Felebm.
1301 4345 1327 4396 b.

122 4424 138 4472 1.
163 4426 265 4485 Seguer.
289 4414 480 4499 yoyyiiouofr.
518 4422 577 4495 llud.
597 4421 684 4497 Regius
736 4412 894 4497 ἇχέννητον.
933 4416 996 4466 uniri
1014 4423 1038 4465 et
1056 4414 1095 4464 olii
1115 4405 1256 4494 ἀγένητον.
1279 4470 1319 4494 e.

89 4499 114 4541 ot
134 4490 241 4559 fdrlm.
260 4490 285 4541 5.
311 4484 379 4537 αλλα
403 4502 473 4556 προς
502 4503 536 4536 ια
558 4502 683 4554 peropto.
769 4503 785 4539 1.
804 4488 904 4551 Seguer.
915 4485 1012 4538 Gobler.
1023 4490 1047 4533 et
1056 4481 1161 4535 Felelrm.
1173 4481 1195 4533 1.
1206 4474 1234 4531 dt
1258 4493 1329 4532 utcu.
1420 4511 1426 4521 ·
