2948 5092
523 265 632 309 omaro
648 267 692 308 ιιι.
708 268 824 311 cuurm
837 269 973 314 munos.
1286 262 1350 324 595

119 421 283 494 postquam
306 413 501 475 deliberavit?
541 381 633 487 ‘erod
657 418 682 478 si
704 417 832 479 absurda
854 428 884 480 et
907 420 988 482 valde
1010 422 1102 484 futilis
1118 432 1165 484 eet
1178 425 1435 491 huiusmodirma.

123 517 277 593 quaestio,
293 514 356 578 'nec
377 516 435 577 ista
457 518 501 578 tas
524 528 570 578 est
593 519 715 579 omnino
738 520 847 594 dicere,
870 541 936 583 cum
959 524 1033 584 satis
1056 525 1096 586 sit
1115 525 1162 586 vel
1177 526 1276 589 solum
1289 546 1349 589 no·

123 635 197 678 men
219 616 273 678 [lei
301 618 419 691 audire,
453 627 486 678 ut
515 620 644 681 sciamus
667 630 696 681 et
717 621 930 701 intelligamus,
964 644 1031 686 cum
1054 645 1123 687 esse
1145 627 1195 705 qui
1217 638 1281 701 est,
1312 646 1352 691 an

123 736 190 778 uon
212 718 326 797 pariter
346 719 505 780 absurdum
528 729 590 793 est,
621 721 687 783 talia
709 722 753 792 de,
767 723 820 783 bei
844 724 937 784 Verbo
961 726 1091 804 cogitare
1112 724 1352 808 voluntatemque

127 830 159 878 et
189 818 343 881 arbitrium
372 821 459 881 nobis
489 821 661 883 obiectare?
705 823 856 903 Siquidem
885 827 957 887 satis
987 837 1033 888 cst
1065 829 1111 889 vel
1142 829 1239 891 solum
1261 829 1351 892 Verbi
1458 857 1462 861 ·

121 939 237 981 nomen
265 921 366 983 audire
395 924 430 983 ad
454 924 606 984 sciendum
630 933 660 985 et
680 925 920 1005 percipiendum,
942 928 1053 1001 Deum,
1083 932 1214 1008 quinon
1238 950 1273 992 er
1294 948 1351 993 va·

124 1022 242 1084 luntate
272 1025 387 1097 existit,
418 1044 474 1086 nec
504 1026 574 1087 item
597 1026 746 1088 voluntate
768 1028 822 1088 sed
844 1036 946 1091 natura
967 1032 1121 1110 proprium
1143 1030 1253 1091 babere
1274 1032 1351 1092 Ver«

123 1123 211 1184 bum.
254 1127 299 1184 ltn
327 1145 387 1186 non
416 1146 506 1206 porro
537 1147 656 1189 omnem
684 1120 829 1189 insaniam
852 1130 877 1191 is
901 1140 1038 1208 superat,
1071 1133 1121 1211 qui
1154 1133 1200 1193 vel
1231 1119 1351 1210 cogitet,

123 1224 222 1286 [teum
251 1226 432 1301 deliberare,
456 1231 640 1302 consultare,
664 1230 787 1309 eligere,
817 1250 908 1309 seque
936 1233 1034 1312 ipsum
1049 1234 1092 1323 ,ad
1115 1233 1274 1294 volendum
1294 1230 1351 1293 ad-

124 1327 260 1401 hortari,
289 1337 322 1391 ut
348 1349 408 1390 non
438 1331 504 1392 sine
527 1331 621 1392 Verbo
652 1340 681 1393 et
703 1331 852 1411 Sapientia
873 1333 928 1406 sit,
959 1334 1011 1394 sed
1034 1342 1067 1395 ut
1088 1333 1217 1395 Verbum
1240 1343 1270 1394 et
1291 1333 1350 1393 Sa·
1435 1384 1461 1420 ·.

124 1429 271 1508 pientiam
299 1431 429 1492 babeat?
472 1433 604 1510 Namque
631 1433 668 1493 de
696 1433 798 1512 seipso
822 1434 990 1496 consultare
1010 1435 1141 1506 videtur,
1171 1435 1280 1515 quide
1303 1453 1351 1506 eo,-
1456 1516 1461 1522 .

122 1531 207 1610 quod
235 1551 308 1592 suae
335 1542 458 1594 naturae
487 1535 639 1613 proprium
661 1542 724 1607 est,
753 1535 906 1596 deliberat
951 1536 1024 1597 Cum
1046 1536 1134 1615 igitur
1155 1535 1239 1598 ualde
1261 1536 1353 1615 impia

122 1635 169 1693 sit
190 1632 362 1718 huiusmodi
384 1637 541 1708 sententia,
564 1643 762 1713 congruenter
783 1635 886 1715 pietati
907 1637 1064 1697 dicendum
1086 1645 1143 1709 est,
1166 1656 1216 1698 res
1232 1636 1352 1716 quidem

126 1736 222 1796 iactas
246 1736 299 1796 llei
328 1738 481 1816 preposito
510 1746 540 1796 et
567 1737 717 1797 voluntate
746 1755 816 1798 esse
844 1746 1031 1815 procreatus,
1063 1737 1170 1798 Filium
1197 1756 1269 1797 vero
1289 1748 1360 1799 utin¹

123 1837 290 1898 voluntatis
320 1858 396 1917 opus
426 1858 495 1899 esse
524 1847 625 1900 utres
649 1847 779 1912 creatas,
806 1839 861 1900 sed
883 1843 988 1899 neturt
1010 1837 1164 1918 proprium
1187 1857 1256 1901 esse
1277 1837 1352 1929 sub·

123 1939 257 1999 stantiae
285 1941 386 2001 letum.
437 1940 509 2000 Cum
535 1941 616 2010 ,enim
646 1941 685 2000 sit
711 1943 866 2020 proprium
889 1941 985 2002 Patris
1009 1940 1155 2012 Verbum,
1189 1957 1250 2001 uon
1281 1939 1354 2001 sinit

124 2039 256 2117 aliquam
279 2050 346 2100 ante
369 2061 402 2101 se
426 2041 547 2132 cogitari
570 2042 760 2115 voluntatem,
782 2051 886 2120 utpote
908 2061 974 2104 cum
998 2042 1063 2120 ipse
1085 2042 1241 2103 sitvirens
1255 2040 1352 2101 Petris

121 2140 284 2201 consilium
305 2150 335 2203 et
356 2142 450 2202 virtus
475 2161 637 2222 eorumque
660 2145 792 2216 effector,
816 2162 890 2223 quae
905 2142 985 2204 Patri
1007 2143 1133 2222 placent,
1157 2141 1352 2221 quemadma-

127 2241 202 2301 dum
226 2242 262 2302 de
285 2262 317 2304 se
340 2243 403 2322 ipse
425 2244 456 2304 in
477 2244 647 2306 Proverbiis
669 2245 724 2306 ait:
755 2245 856 2307 Meum
883 2257 928 2307 eat
958 2245 1116 2306 consilium
1143 2247 1379 2319 ercomenon}

88 2397 93 2403 .
124 2361 193 2405 meo
215 2356 261 2404 est
281 2347 461 2424 prudentio,
493 2365 559 2407 mee
581 2357 624 2407 eat
645 2348 808 2424 fortitudo.
853 2346 892 2407 Ut
920 2346 998 2407 enim
1027 2354 1173 2424 quatenus
1202 2353 1247 2404 est
1276 2361 1351 2421 pru-
1459 2348 1466 2359 ⁰

130 2445 251 2518 (tentia,
275 2447 305 2506 in
328 2466 385 2524 qua
407 2447 506 2506 caelos
528 2448 727 2526 praeparavit,
750 2457 780 2509 et
803 2458 834 2509 ut
857 2449 942 2520 item,
973 2455 1119 2526 quatenus
1143 2453 1189 2505 est
1210 2444 1352 2506 tortitudo

127 2555 158 2607 et
188 2547 281 2608 virtus
313 2551 392 2621 (nam
417 2549 555 2611 cerutus
578 2549 636 2609 ne·
654 2553 755 2610 virtue
779 2550 822 2626 [et
841 2549 894 2609 Ilei
917 2547 1104 2627 sapientiai),
1133 2564 1211 2607 nunc
1231 2545 1353 2623 paulum

127 2648 243 2709 variato
264 2649 405 2727 loquendi
428 2650 516 2709 niodo
540 2649 626 2710 dixit:
650 2650 717 2711 Mea
739 2634 970 2730 eat⁸prudentie
993 2660 1019 2710 et
1034 2668 1100 2709 mea
1122 2632 1167 2710 erl
1181 2648 1352 2725 sortitudo;

125 2750 168 2811 ita
197 2769 263 2810 cum
295 2750 380 2810 dicit:
410 2751 508 2813 Meum
536 2763 582 2812 est
606 2752 778 2821 consilium,
809 2771 842 2811 se
864 2750 960 2812 Patris
982 2750 1084 2810 virens
1107 2767 1175 2809 esse
1196 2746 1353 2808 consilium
1381 2764 1385 2771 ·

128 2852 286 2929 significat,
310 2853 555 2930 quemadmodum
579 2854 665 2913 etiam
688 2852 866 2932 aPrcpbeta
890 2851 1057 2922 didicimus,
1081 2868 1148 2911 eum
1163 2849 1261 2928 magni
1277 2866 1353 2909 con-

127 2953 192 3014 silii
214 2954 349 3031 angelum
372 2955 453 3026 fieri,
482 2964 510 3014 et
531 2955 710 3015 voluntatem
732 2954 829 3015 Patris
851 2952 1029 3032 appellatum
1051 2970 1128 3013 esse.
1173 2949 1292 3011 Scilicet
1311 2950 1354 3011 ita

124 3074 182 3116 eos
204 3073 329 3134 aequum
354 3065 402 3116 est
422 3057 566 3128 retetlere,
590 3058 640 3135 qui
662 3057 790 3117 bumana
811 3056 848 3116 de
871 3056 932 3116 lieo
955 3054 1094 3132 cogitant.

216 3259 267 3320 64.
311 3258 412 3336 ltaque
443 3259 468 3318 si
496 3278 545 3319 res
574 3259 667 3319 iactae
694 3258 843 3319 voluntate
870 3276 904 3317 ac
931 3254 1088 3334 proposito
1117 3253 1251 3314 conditae
1273 3258 1354 3325 sunt,

134 3360 164 3420 si
187 3358 325 3419 universa
348 3369 444 3419 ereata
468 3369 571 3420 natura
592 3360 742 3421 voluntate
763 3363 836 3420 iacta
859 3367 921 3430 est,
950 3357 976 3418 si
1004 3357 1073 3417 item
1096 3355 1203 3416 Paulus
1226 3351 1355 3434 perlici

129 3460 314 3522 voluntatem
337 3471 459 3522 vocatus
482 3470 527 3521 est
547 3462 718 3540 Apostolus,
740 3461 768 3522 si
789 3461 916 3538 denique
937 3466 1040 3520 nostra
1061 3457 1175 3518 vocatio
1198 3455 1355 3535 proposito
1385 3513 1392 3527 ,

128 3573 163 3625 et
185 3563 336 3624 voluntate
359 3571 406 3623 est
428 3564 512 3634 tacta,
536 3564 634 3623 omnia
656 3572 755 3624 autem
776 3580 830 3641 per
844 3561 972 3624 Verbum
993 3562 1067 3621 iacta
1089 3566 1175 3632 sunt3
1197 3557 1276 3619 baud
1297 3557 1355 3618 du·

129 3663 182 3726 bie
215 3664 312 3743 ipsum
337 3665 463 3750 Verbum
492 3674 572 3725 extra
602 3685 705 3727 eorum
733 3682 890 3725 numerum
919 3672 981 3736 est,
1012 3681 1087 3740 quae
1110 3662 1259 3722 voluntate
1281 3660 1357 3720 lacta
1411 3707 1413 3712 .

131 3885 215 3935 Ceteri
243 3891 267 3931 et
293 3885 349 3934 editi
375 3876 434 3932 lou
465 3877 496 3930 τὸ
527 3876 721 3949 δημιουργημα
772 3892 796 3933 et
813 3884 912 3943 Sequer
931 3882 1043 3930 omittunt
1059 3875 1106 3927 καὶ
1122 3877 1188 3926 θεοῦ
1206 3872 1304 3941 σοφία.

127 3944 297 4015 ἒπιγεγονός.
360 3952 367 3964 “
806 3952 820 4000 i
839 3951 879 3998 stc
898 3950 959 4027 1113.ι
975 3949 997 3997 t.
1014 3948 1195 4023 elseguerieu.
1231 3943 1361 3995 ttatiiet

96 4006 103 4018 ’
166 4023 182 4068 1
202 4020 260 4081 lteg.
279 4020 301 4067 1.
319 4021 460 4078 sequerian.
485 4018 557 4066 anil.
577 4009 720 4080 ὢνλόγος.
773 4018 830 4066 editi
848 4007 1079 4080 αὐτὸςὸτῆςμε
1109 4007 1171 4072 ’.1ης
1208 4013 1283 4061 Panlo
1302 4017 1360 4090 poet

129 4089 177 4138 biii
203 4097 227 4136 et
253 4089 310 4136 editi
335 4080 373 4133 clv
397 4080 516 4148 ὃλόγος.
553 4086 604 4134 lior
624 4087 681 4146 lteg
700 4086 721 4134 1.
773 4086 833 4162 neg.
852 4085 880 4132 1.
898 4092 923 4133 et
945 4085 1109 4145 Sequeris
1087 4077 1214 4145 λέγχειν
1231 4093 1295 4132 τους
1312 4092 1360 4127 αν
1422 4119 1427 4123 .

128 4159 233 4217 Sequer-
252 4157 323 4206 Gobt.
342 4165 366 4204 et
383 4155 489 4204 Vetctm
503 4156 522 4203 l.
542 4148 596 4220 πρὸ
615 4146 721 4204 ἑαυτοῦ.
771 4145 908 4220 eoduma.

127 4225 214 4274 Ceteri
233 4232 257 4272 et
277 4224 333 4271 editi
352 4215 405 4287 πρὸ
424 4215 516 4271 abaco.
808 4224 829 4270 11.
849 4222 889 4271 Sic
906 4220 963 4280 neg.
981 4218 1003 4267 1
1028 4220 1128 4277 Seguer.
1152 4214 1242 4276 taglic.
1261 4214 1361 4265 Gobler.

166 4306 188 4352 g.
209 4292 348 4351 Sicltegi
361 4291 459 4350 Seguer.
471 4291 540 4340 Gcbl.
553 4289 722 4339 elfelelrm.l.
754 4297 797 4338 et
814 4288 918 4337 Felclm.
932 4288 954 4335 l
972 4294 998 4335 ut
1015 4295 1038 4334 et
1056 4285 1163 4333 Nunnius
1181 4284 1245 4343 legit.
1280 4279 1361 4333 Ceteri

127 4360 157 4410 ln
176 4360 232 4407 aliis
250 4366 274 4407 ct
292 4360 396 4407 editione
416 4358 531 4407 Commel.
549 4353 596 4404 καί
613 4359 688 4406 decet.
774 4366 853 4405 eutem
872 4363 895 4404 et
914 4356 986 4403 editio
1004 4353 1120 4403 Commel.
1139 4346 1251 4414 γέγονε
1269 4346 1362 4406 πάνια

166 4429 191 4476 b.
209 4429 250 4475 Sic
262 4428 317 4487 {teg
331 4427 352 4479 t,
369 4428 466 4486 Seguer
479 4427 574 4475 Gobler.
586 4435 608 4473 et
619 4425 723 4475 Fetetm.
775 4419 806 4473 δὲ
823 4415 869 4470 διὰ
887 4435 936 4471 του
925 4416 1036 4486 ,λόγου
1053 4416 1166 4483 γέγονεν
1176 4431 1273 4469 omisso
1284 4418 1363 4468 inter-

129 4497 157 4548 1.
192 4497 221 4546 n
238 4495 281 4545 alii
298 4503 322 4544 et
340 4494 398 4545 editi
414 4485 533 4554 ἐποίησε
568 4493 724 4556 uernam.
774 4492 870 4543 mediis.

1068 4548 1160 4621 'aea
1270 4535 1281 4546 ⁶
