2948 5092
203 261 266 325 202
600 241 1026 319 ε.ιτυιαιειιιυεοιιυιεοονι

117 441 194 487 εισι.
204 434 359 513 γυναῖκας
380 429 476 510 ’περί
497 426 564 490 τῶν
583 421 724 510 χρόνων,
756 419 842 489 οότω
865 427 1159 489 πυνθονέσθωσαν
1181 420 1237 489 καὶ
1257 426 1316 489 τοῦ
1339 420 1433 509 ἡλίου

205 530 367 612 περὶτοῦ
390 520 651 612 άπαυγάσματος
673 521 773 591 αῦτοῦ
796 527 850 591 καὶ
873 527 931 610 τῆς
953 527 1060 612 πηγῆς
1082 523 1241 610 περὶτοῦ
1265 524 1301 604 ἒξ
1322 520 1431 610 αὐτῆς,

118 629 262 697 nmi‘va
288 627 461 714 μάθωσιν,
498 622 550 693 ότι
577 632 633 693 καί
656 651 720 712 περ
749 624 829 693 ὄντα
855 625 1040 712 γεννήματα
1061 625 1166 693 ταῦτά
1188 626 1280 693 ιέστι
1303 629 1355 692 καί
1381 623 1431 693 άεί

206 729 266 798 σῦν
289 731 439 810 ἐκείνοις,
470 729 506 809 ἒξ
533 717 578 795 ῶν
599 735 657 795 καί
679 728 771 796 εἰσιν.
818 727 847 795 εί
869 729 906 795 δέ
927 727 982 794 καὶ
1003 727 1044 793 τὸ
1067 727 1167 816 φύσει
1187 731 1241 795 καί
1263 727 1303 794 τὸ
1327 724 1378 795 άεὶ
1402 730 1433 795 οἱ

205 835 354 898 τοιοῦτοι
381 841 488 918 γονεῒς
518 830 628 914 έχουσι
656 829 741 916 πρὸς
768 830 943 909 τὰτέκνα,
979 830 1069 896 διατί
1089 829 1147 897 τὸν
1169 821 1252 898 θεὸν
1275 830 1434 898 ἐλάττονα

205 937 272 1000 τῶν
294 937 451 1022 ογενητῶν
480 928 700 1011 ὑπονοοῦντες
727 926 765 998 οῦ
795 931 1023 1019 φανερώτερον
1052 932 1177 999 ἑαυτῶν
1198 931 1256 1020 τὴν
1280 927 1434 1017 ἀσέβειαν

206 1034 395 1120 ἐξάγουσιν,
429 1035 458 1102 εἰ
480 1036 516 1102 δέ
537 1038 635 1101 τοῦτο
657 1036 718 1119 μέν
740 1030 779 1099 οῦ
801 1035 968 1118 τολμῶσιν
991 1033 1025 1101 έκ
1048 1038 1192 1122 φανεροῦ
1215 1035 1330 1120 λέγειν,
1355 1029 1435 1117 δμο-

205 1138 353 1224 λογείται
386 1138 422 1203 δέ
456 1131 474 1201 ὁ
503 1135 574 1214 υίὸς
601 1135 645 1223 μὴ
676 1136 801 1214 έξωθεν
824 1130 912 1201 ι’ἀλλ’
938 1135 972 1202 έκ
993 1138 1052 1202 τοῦ
1075 1135 1203 1221 πατρὸς
1226 1131 1312 1204 εἶναι
1335 1135 1436 1222 φύσει

204 1244 362 1327 γέννηιια,
396 1233 491 1305 οῦδὲν
525 1238 561 1304 δὲ
590 1232 728 1303 οὐδὲτὸ
751 1236 930 1320 ἐμποδίζον
953 1236 1023 1304 ε’στλ
1045 1236 1102 1303 τὸν
1124 1235 1206 1304 θεόν
1229 1232 1280 1316 (οῦ
1303 1236 1365 1322 γάρ
1389 1233 1434 1316 ῶς

205 1338 389 1426 ἅνθρωπος
412 1336 430 1406 ὁ
452 1339 543 1417 θεός,
568 1332 652 1405 άλλὰ
673 1341 725 1404 καί
749 1340 851 1405 πλέον
874 1339 943 1405 ἐστί
958 1342 1017 1405 τοῦ
1031 1335 1136 1425 ἡλίου,
1159 1339 1286 1424 μᾶλλον
1302 1340 1339 1405 δὲ
1352 1337 1436 1417 θεός

205 1442 278 1510 ἔστι
298 1445 358 1508 τοῦ
379 1439 501 1528 ἡλίου)’
526 1441 624 1527 δῆλον
648 1436 701 1506 ὅτι
721 1438 776 1506 καὶ
799 1439 835 1519 έξ
855 1435 956 1506 αὐτοῦ
978 1443 1032 1506 καί
1055 1435 1108 1508 άεί
1130 1440 1202 1507 έστι
1217 1439 1435 1526 συνυπάρχειν

207 1539 226 1610 ὁ
254 1543 351 1629 λόγος
378 1547 425 1629 τῷ
448 1550 567 1629 πατρί,
601 1536 647 1608 δι’
673 1532 712 1607 οῦ
734 1541 776 1608 τὰ
798 1540 910 1608 πάντα
931 1537 1008 1609 ὀῦκ
1031 1539 1112 1609 όντα
1134 1543 1181 1621 είς
1202 1541 1241 1608 τὸ
1264 1538 1350 1609 εἶναι
1373 1568 1434 1609 πε-

204 1651 341 1731 ποίηκεν
364 1639 382 1709 δ
405 1643 523 1730 πατήρ.
569 1640 702 1727 ὅτιμὲν
725 1633 782 1710 οῦν
806 1640 824 1709 δ
846 1643 918 1722 υίὸς
940 1639 998 1710 οῦκ
1021 1643 1056 1724 ἒξ
1078 1639 1136 1711 οῦκ
1158 1643 1263 1711 ὄντων
1286 1639 1356 1710 ἀλλ’
1381 1640 1435 1710 άί-

206 1746 278 1826 διός
299 1773 335 1814 τε
356 1749 409 1813 καί
433 1746 467 1814 έκ
488 1750 547 1812 τοῦ
570 1745 698 1833 πατρός
720 1746 799 1825 έστι,
823 1749 876 1812 καί
901 1741 982 1812 αῦτὸ
997 1747 1036 1812 τὸ
1049 1742 1186 1833 πρᾶγμα
1202 1739 1356 1825 δείκνυσι,
1380 1749 1433 1811 καὶ

204 1843 224 1936 ἡ
248 1848 406 1937 ἐρώτησις
428 1848 464 1914 δέ
485 1852 552 1914 τῶν
573 1848 744 1933 αἱρετικῶν
766 1846 868 1933 ’πρὸς
890 1846 967 1927 τοὺς
988 1853 1104 1933 γονέας
1126 1849 1283 1932 διελέγχει
1304 1849 1362 1935 τὴν
1378 1874 1436 1913 κα-

176 1942 179 1947 *
205 1949 338 2017 κόνοιαν
369 1947 486 2016 αὐτῶν.
532 1950 676 2035 έγνωσαν
708 1949 769 2034 γάρ
802 1949 841 2015 τό
874 1949 957 2016 κατὰ
987 1950 1104 2038 φῦσιν,
1138 1950 1214 2016 *καί
1236 1949 1358 2016 λοιπὸν
1381 1953 1433 2016 καὶ

207 2055 285 2137 περί
307 2056 372 2118 τῶν
393 2051 518 2137 χρόνων
541 2047 761 2138 ᾐσχύνθησαν.

291 2160 341 2221 28.
379 2149 454 2219 Ὅτι
484 2155 519 2220 δέ
549 2149 586 2218 οῦ
616 2154 668 2220 δεῖ
695 2152 752 2240 τὴν
782 2156 840 2218 τοῦ
870 2157 953 2219 θεοῦ
976 2159 1125 2240 γέννησιν
1147 2152 1375 2238 παραβάλλειν
1397 2156 1436 2239 τῇ

206 2258 272 2319 τῶν
296 2249 487 2340 ἀνθρώπων
512 2253 610 2341 φύσει
632 2257 684 2320 καί
709 2236 853 2338 νομίζειν
874 2260 974 2341 μέρος
996 2249 1081 2322 εἶναι
1103 2258 1161 2320 τοῦ
1184 2257 1267 2320 θεοῦ
1290 2253 1347 2320 τὸν
1364 2252 1435 2319 υἱὸν

206 2351 307 2422 αὐτοῦ
338 2351 357 2442 ἢ
387 2352 472 2435 ὅλως
500 2382 533 2421 τι
554 2354 670 2433 πάθος
692 2363 864 2443 σημαίνειν
885 2355 943 2442 τὴν
965 2362 1130 2443 γέννησιν,
1160 2355 1356 2442 φθάσαντες
1377 2357 1437 2440 μέν

207 2458 345 2541 εἴπομεν
368 2457 403 2524 ἓν
423 2468 495 2535 τοῖς
518 2458 719 2544 ἔμπροσθεν,
743 2461 796 2524 καί
820 2462 876 2525 νῦν
892 2460 928 2525 δὲ
950 2458 1012 2525 ιιτά
1026 2454 1111 2524 αῦτά
1126 2483 1242 2545 φαμεν.
1272 2452 1329 2522 οῦκ
1346 2458 1436 2523 έστιν

207 2556 253 2639 ῶς
285 2558 468 2646 ἄνθρωπος
501 2555 519 2624 δ
550 2559 640 2639 θεός.
687 2559 867 2646 άνθρωποι
894 2563 955 2645 μέν
984 2560 1045 2647 γάρ
1067 2563 1266 2646 παθητικῶς
1286 2562 1434 2644 γεννῶσι,

207 2661 344 2749 ῥευστὴν
368 2662 494 2744 ἔχοντες
514 2662 588 2747 ἰτὴν
611 2662 712 2750 φύσιν
735 2666 788 2728 καί
802 2662 940 2748 χρόνους
955 2658 1170 2746 ἀναμένοντες
1186 2660 1242 2727 διὰ
1256 2661 1315 2747 τὴν
1331 2656 1436 2726 άσθέ·

207 2789 297 2830 νειαν
319 2768 376 2851 τῆς
400 2764 487 2843 ἰδίας
509 2764 649 2852 φύσεως,
675 2765 731 2832 ἐπὶ
754 2767 790 2831 δὲ
811 2769 894 2831 θεοῦ
917 2768 1014 2831 τοῦτο
1036 2766 1141 2850 λέγειν
1164 2759 1222 2829 οῦκ
1238 2763 1336 2830 ἔστιν.
1376 2756 1435 2827 ιοῦ

206 2863 267 2952 γὰρ
291 2864 324 2931 ίκ
345 2869 454 2950 μερῶν
477 2865 684 2951 συγκείμενός
707 2865 805 2946 ἔστιν,
829 2861 915 2932 άλλά
935 2869 989 2932 καί
1012 2861 1151 2952 άπαθὴς
1174 2860 1219 2930 ῶν
1234 2867 1288 2930 καί
1305 2861 1434 2942 ἁπλοῦς

208 2960 355 3044 άπαθῶς
383 2970 436 3032 καί
465 2962 649 3058 άμερίστως
677 2971 736 3033 τοῦ
760 2968 832 3033 υίοῦ
855 2967 964 3053 πατήρ
988 2967 1067 3034 ἔστι.
1113 2969 1166 3033 καί
1190 2966 1308 3031 τοῦτου
1331 2966 1434 3032 πάλιν

205 3071 289 3151 μέγα
311 3068 482 3152 τεκμήριον
504 3073 558 3134 καὶ
581 3064 753 3147 ἀπόδειξις
775 3069 809 3135 ἐκ
830 3072 896 3135 τῶν
918 3074 1023 3135 θείων
1045 3071 1190 3154 γραφῶν.
1222 3062 1240 3132 ό
1263 3066 1361 3153 λόγος
1375 3065 1435 3153 γὰρ

207 3162 242 3232 Ιδ
264 3172 323 3233 τοῦ
345 3173 429 3235 θεοῦ
452 3169 523 3247 υίός
546 3169 635 3236 ἐστιν
658 3165 772 3249 αι’τοῦ,
801 3169 858 3237 καὶ
880 3165 898 3234 δ
920 3170 993 3248 υίὸς
1014 3167 1111 3256 λόγος
1133 3168 1205 3236 ἐστὶ
1225 3171 1283 3234 τοῦ
1307 3167 1436 3254 πατρὸς

206 3271 260 3335 καί
284 3276 403 3357 σοφία·
427 3269 551 3354 Ιῃλδγος
573 3271 684 3336 δὲκαὶ
707 3279 813 3359 σοφία
834 3269 910 3339 οῦτε
931 3278 1053 3355 κτίσμα
1068 3269 1144 3338 οῦτε
1156 3275 1256 3355 μέρος
1271 3269 1344 3336 ἐστὶ
1358 3268 1435 3335 τοῦ·

206 3392 275 3449 του,
300 3360 339 3436 οὗ
360 3373 413 3436 καί
438 3370 509 3437 ἔστι
531 3369 635 3457 λόγος,
660 3370 737 3440 οῦτε
757 3373 841 3439 κατὰ
863 3372 980 3450 πάθος
995 3371 1067 3438 ἐστὶ
1078 3377 1235 3458 γέννημα·
1259 3365 1434 3458 ἀμφότερα

205 3473 284 3556 γοῦν
306 3467 325 3558 ἡ
348 3472 457 3559 γραφὴ
480 3471 695 3540 συνάπτουσα
709 3473 781 3541 υἱὸν
802 3475 882 3558 ιμὲν
892 3474 1029 3562 έφησέν,
1046 3473 1102 3540 ἵνα
1116 3470 1155 3538 τό
1171 3472 1271 3560 φύσει
1284 3472 1340 3539 καί
1356 3467 1437 3557 άλη-

206 3570 305 3638 θινὸν
327 3576 385 3657 τῆς
407 3568 522 3653 οῦσίας
543 3580 685 3663 γέννημα
707 3571 961 3662 εὐαγγελίσηται,
985 3575 1041 3641 ἵνα
1063 3575 1100 3641 δὲ
1120 3573 1165 3659 μή
1187 3598 1239 3652 τις
1259 3569 1437 3657 άνθρῶπι-

240 3775 262 3808 ε.
291 3762 346 3823 fleg.
371 3771 393 3811 et
412 3763 515 3813 Felckm.
535 3765 558 3814 5.
583 3758 645 3829 περὶ
663 3757 793 3829 τδνχρδ-
880 3780 901 3813 c.
919 3764 961 3814 Sic
978 3764 1078 3827 Seguer.
1096 3764 1185 3825 ειίὶες.
1218 3759 1435 3826 Εδίιίγεννητῶν.

204 3839 262 3874 νον.
301 3829 360 3878 lbid.
374 3831 473 3892 Segner.
493 3827 733 3879 πυνθανέσθωσαν
749 3826 795 3879 καί
845 3829 898 3880 Μαι
915 3831 1019 3881 ῈεΙεΙιιο.
1032 3831 1055 3881 2.
1074 3840 1098 3881 ει
1116 3831 1171 3880 ‘diti
1189 3821 1281 3878 σῦτῶν
1307 3823 1359 3887 τὴν
1376 3821 1436 3878 ἆσέ-

204 3892 254 3943 τοῦ
287 3889 362 3954 ἡλίου
391 3892 454 3963 περὶ
485 3897 534 3946 τοῦ
569 3889 698 3963 άπαυγάσ
721 3913 792 3952 αιος,
835 3899 929 3961 Jecur.
955 3899 1033 3949 Ceteri
1051 3913 1107 3948 mss.
1120 3892 1226 3946 ἑαυτῶν
1237 3890 1287 3957 ιὴν
1301 3887 1436 3960 ἀσέβειαν.

205 3962 345 4039 (ἰοίιίευὶιυ.
370 3973 393 4014 ει
412 3967 515 4015 Felckm.
534 3969 554 4016 l.
579 3967 795 4014 πυνθαντωσαν
846 3966 906 4016 lbid.
924 3968 1023 4028 Segm.
1043 3958 1222 4031 διιξάγουσιν.

203 4042 250 4077 και
265 4029 314 4077 τοῦ
334 4023 409 4090 ἡλίου
427 4046 445 4080 τι
466 4027 480 4080 ὁ
500 4032 548 4081 τοῦ
566 4025 790 4099 άπαυγάσματοε.
880 4034 902 4083 δ.
922 4033 962 4084 Sic
971 4035 1141 4093 senuerimus,
1152 4034 1250 4084 Gobler.
1260 4039 1284 4081 ει
1297 4031 1403 4081 Felckm.
1414 4033 1435 4080 l.

203 4097 265 4146 edin
285 4107 308 4148 ει
325 4099 366 4148 uhi
384 4112 420 4148 πυ
456 4099 572 4149 σθωσαν
594 4095 640 4149 καὶ
665 4095 794 4170 περὶτοῦ
844 4100 907 4151 editi
925 4115 981 4152 vero
999 4093 1066 4148 άλλὰ
1082 4098 1132 4148 τοῦ
1149 4095 1261 4169 πατρός.
1296 4099 1371 4148 Paulo
1399 4104 1436 4147 ost

204 4157 280 4225 ἡλίου
307 4161 354 4213 καὶ
384 4166 433 4216 τοῦ
468 4159 692 4234 άπαυγάσματος.
736 4170 794 4218 Item
845 4169 946 4233 Seguor.
965 4169 1061 4220 Gohler.
1081 4169 1251 4218 ειίείιί·ιυ.1Ι
1270 4158 1338 4214 ἀλλὰ
1355 4179 1375 4213 π
1405 4179 1437 4212 ιν

204 4233 262 4282 ibid.
281 4234 380 4296 Seguer.
406 4244 429 4284 οι
447 4237 544 4286 Gobler.
570 4230 616 4285 καί
639 4234 686 4295 τῆς
708 4234 796 4299 πηγῆς
846 4228 913 4286 ἔστί.
942 4237 1002 4287 lbid.
1022 4238 1121 4298 Segner·
1140 4244 1163 4285 et
1181 4237 1237 4298 fleg.
1256 4224 1434 4301 μᾶλλονδέδ

204 4295 268 4365 περὶ
291 4299 347 4350 τοῦ.
392 4303 453 4353 Εδίιί
484 4297 531 4350 καὶ
557 4301 605 4362 τῆς
633 4301 723 4368 πηγῆς
750 4297 796 4352 καὶ
846 4296 918 4357 θεός.
953 4303 1015 4354 Edit}
1032 4298 1137 4369 μᾶλλον
1154 4297 1184 4352 δὲ
1200 4296 1272 4355 θεός.

202 4361 266 4433 περὶ
283 4366 340 4417 τοῦ.
881 4386 902 4421 ε.
921 4372 962 4421 Sic
979 4374 1079 4435 Seguer.
1110 4371 1188 4420 ίῑείίἰ
1207 4378 1230 4419 et
1248 4369 1304 4419 editi
1322 4370 1436 4418 omittunt

239 4437 262 4485 b.
281 4437 323 4487 Sic
339 4437 439 4505 Segner.
474 4439 503 4489 At
520 4436 560 4488 ιΙῦ
578 4444 603 4488 et
620 4437 677 4488 editi
690 4427 732 4492 ἀεὶ
745 4431 796 4486 σῦν
847 4429 896 4487 οῦκ
913 4429 988 4490 ὄντα.
1025 4437 1233 4489 MoxFelekm.2.
1252 4445 1276 4486 et
1294 4424 1435 4486 ιδίιίῦτιδ

155 4536 164 4546 ..
204 4494 317 4557 έιιείνιιε
332 4495 416 4554 ίστίν.
845 4499 898 4572 μέν
915 4490 964 4555 οῦν
980 4499 1045 4559 υἱός.
1081 4506 1126 4556 Am
1145 4520 1204 4556 mss.
1223 4494 1268 4553 ὅτι
1282 4496 1338 4570 μέν
1353 4487 1434 4552 οὖνὸ
