2948 5092
463 254 574 301 curro
590 254 623 297 rr.
640 253 907 311 corruituros.
1123 245 1136 274 ³
1227 245 1291 313 ost

58 409 174 473 auditis
194 406 300 471 verbs:
322 404 481 488 Sapientia
502 405 671 487 “dimit
693 406 753 469 sibi
770 394 833 487 ipsi
845 408 964 471 domos
979 419 1008 472 et
1022 414 1123 475 eremit
1138 411 1381 479 columem

59 496 186 593 cepisse,
209 509 331 572 ἀοιιιιιιι
352 506 474 587 quidem
494 505 583 569 istam
605 505 759 588 slogorice
780 508 946 590 explicatis,
968 530 1072 573 vocem
1091 520 1191 574 nutem
1206 532 1296 577 orso-

58 618 105 676 m't
133 612 179 675 nti
208 611 288 674 inest
319 608 467 688 accipitis,
501 615 590 688 atoue
617 607 654 671 sd
681 609 928 688 significationem
956 622 1108 676 creaturae
1130 616 1295 679 transferre

57 714 135 776 nibil
155 710 312 775 dubitetis.
355 710 418 772 Neo
438 709 547 790 obquid
571 729 641 772 vero
661 712 739 792 opud
760 731 817 775 ros
837 713 923 787 velet,
946 714 1026 794 quod
1047 714 1097 777 illo
1117 727 1233 779 creator
1254 716 1296 781 sit

58 825 92 877 et
109 815 230 896 opiter,
252 812 393 893 {nihilque
413 811 583 874 formidinis
603 812 691 877 rolris
707 813 816 889 inlicit,
844 816 923 894 qrrod
945 815 1026 878 idom
1047 817 1131 879 solus
1153 817 1295 899 proprius

59 918 102 980 sit
120 917 221 980 Patris
242 916 333 989 letus,
356 914 410 975 sed
432 921 544 977 temore
565 914 654 977 veluti
676 917 797 979 nomine
818 926 923 979 contra
944 917 1027 980 illnm
1049 919 1120 981 dato
1141 920 1379 1001 pugnationns.
1460 931 1469 943 ‘

59 1019 212 1100 ulliusque
234 1017 274 1078 de
294 1033 332 1078 co
354 1033 443 1095 quom
465 1016 502 1076 de
523 1015 694 1078 hominibus
711 1017 841 1080 sentitis.
1261 1079 1266 1090 ,

144 1124 200 1184 47.
244 1118 376 1197 Namque
397 1117 456 1178 hoo
478 1137 513 1178 ex
535 1117 601 1197 ipso
622 1118 689 1179 loco
710 1119 895 1182 convincitur
915 1139 1031 1182 merum
1054 1102 1185 1209 vestrum
1207 1139 1292 1184 oom-

56 1226 202 1285 mcntum‘
219 1239 299 1294 esso,
322 1219 403 1300 quod
425 1219 585 1282 Dominum
607 1229 736 1283 meatum
758 1240 826 1284 essa
847 1223 1012 1285 affirmetis.
1048 1222 1167 1303 Quippe
1187 1223 1292 1287 Domi·

57 1344 120 1386 rurs
139 1323 254 1395 sciens,
276 1314 361 1384 snam
385 1331 519 1385 naturam
541 1341 611 1385 esse
632 1321 811 1402 unigenitam
833 1324 1010 1404 sapientiam
1026 1323 1183 1405 Patrisque
1199 1325 1294 1389 ictum

58 1436 90 1489 et
109 1427 201 1488 aliam
222 1443 241 1486 a
262 1424 347 1487 lactis
369 1433 400 1486 et
421 1444 457 1487 ex
478 1433 583 1485 natura
605 1426 713 1487 creatis
735 1426 839 1500 rebus,
860 1446 940 1490 nuno
961 1426 1186 1507 perhumaniter
1206 1427 1294 1492 um:

56 1529 214 1592 Dominus
242 1529 359 1589 srmoit
386 1545 432 1588 mc
461 1530 582 1588 initium
611 1531 733 1590 ciorum
754 1548 897 1602 marom,
925 1518 1009 1610 quasi
1032 1529 1145 1593 soilioct
1166 1529 1293 1593 discretz

59 1629 178 1703 „Peter
200 1646 312 1709 corpus
334 1628 408 1690 mibi
435 1627 575 1708 perfecit,
606 1637 636 1690 et
655 1647 705 1691 me
727 1630 764 1692 ad
782 1631 920 1693 homines
943 1650 1000 1712 pro
1020 1632 1176 1694 hominum
1197 1630 1295 1695 seluto

57 1731 232 1804 „cresrit.“
278 1729 535 1803 Quemadmodum
563 1729 659 1804 enim,
691 1750 759 1794 oum
785 1750 802 1794 a
830 1733 942 1796 loaone
975 1733 1128 1795 audimus:
1168 1730 1294 1797 terren

57 1852 131 1895 coro
159 1834 283 1912 scotum
308 1843 369 1905 cst,
398 1850 459 1893 noo
482 1839 578 1893 totum
600 1831 729 1896 Verbum
750 1851 867 1896 onmem
890 1854 976 1910 osse,
997 1835 1200 1898 'sedosrnem
1223 1843 1292 1896 tan·

56 1934 214 1996 tummodo
247 1922 388 1996 induisse
409 1935 577 2014 laetumque
598 1954 667 1997 esse
697 1936 848 2000 bominem
881 1935 1088 2017 intelligimus,
1121 1955 1189 1999 conr
1221 1936 1293 1999 item

58 2037 217 2100 audimusr
255 2036 395 2099 cbristus
413 2055 476 2116 pro
499 2038 586 2100 nobis
607 2039 710 2117 scotus
732 2051 780 2103 cst
799 2040 1007 2112 meledictum,
1038 2047 1083 2101 et:
1120 2039 1211 2112 Eum,
1240 2040 1294 2118 qui

59 2158 122 2202 noa
144 2148 277 2202 nocmot
301 2147 471 2218 peccatum,
501 2156 563 2218 pro
583 2139 673 2203 colb
692 2152 848 2221 peremisse
873 2144 962 2222 sccit,
996 2159 1059 2203 non
1087 2141 1175 2202 etiam
1197 2148 1294 2203 totum

59 2241 159 2321 ipsum
181 2239 374 2320 intelligimus
395 2240 582 2303 maledictum
604 2251 636 2304 et
655 2255 808 2322 pensatum
830 2244 940 2305 lactum
967 2263 1050 2318 esse,
1083 2244 1136 2306 sed
1158 2252 1294 2305 nostram

15 2409 19 2413 ,
59 2344 298 2406 maledictionem
329 2342 471 2404 duntaxat
503 2344 690 2425 suscepisse,
723 2353 756 2407 ut
788 2346 949 2425 Apostolus
978 2345 1026 2407 his
1054 2345 1156 2406 verbis
1189 2344 1292 2405 docet:

61 2445 193 2509 Redemit
215 2446 330 2524 nos-de
350 2445 569 2520 maledictione,
592 2454 755 2526 nostraque
777 2457 916 2527 portasse
934 2456 1062 2527 peccata,
1085 2454 1120 2508 ut
1134 2443 1174 2506 ait
1187 2444 1293 2518 lseim,

60 2558 146 2628 etque
168 2566 222 2621 ea,
254 2555 287 2608 ut
307 2546 410 2609 scribit
436 2547 560 2618 Petrus,
595 2567 724 2629 corpore
755 2555 788 2611 irs
809 2550 924 2629 lipsium
945 2549 1124 2618 sustulisse,
1157 2544 1294 2608 similitor

61 2670 130 2730 crgo
159 2650 188 2710 si
217 2667 320 2709 vocem
349 2655 465 2712 crcooit
485 2650 516 2711 in
537 2650 711 2712 Proverbiis
733 2650 931 2724 audierimus,
962 2668 1022 2710 non
1046 2656 1141 2710 totum
1163 2645 1293 2707 Verbum

61 2750 225 2818 oraturam
248 2769 328 2823 esse,
351 2751 404 2812 sed
427 2762 557 2814 creatum
580 2753 715 2815 induisse
737 2771 847 2831 corpus
863 2751 1086 2831 intelligendum
1102 2757 1157 2822 est,
1178 2748 1291 2809 Deum-

61 2873 114 2932 que
137 2871 196 2933 pro
216 2849 307 2913 nobis
328 2852 428 2931 ipsum
451 2872 580 2928 creasse,
604 2863 635 2916 et
655 2855 699 2916 illi
721 2863 853 2915 creatum
875 2871 986 2932 corpus
1009 2850 1105 2912 nostri
1125 2867 1225 2922 eausa,
1248 2847 1293 2911 uti
1381 2929 1382 2932 Ἴ

61 2956 205 3034 scriptum
233 2964 296 3026 est,
325 2954 505 3034 perfecisse,
535 2964 567 3017 ut
595 2957 625 3019 in
648 2956 714 3036 ipso
737 2955 877 3016 renovari
899 2954 999 3033 diique
1021 2952 1097 3014 effici
1118 2966 1292 3030 possemus.

61 3056 138 3129 Quid
160 3056 254 3136 igitur
274 3077 339 3129 vos,
363 3058 518 3131 ommni,
541 3060 615 3121 adeo
638 3059 750 3132 fefellit,
773 3068 806 3120 nt
827 3058 999 3120 Creatorem
1021 3063 1187 3119 creaturam
1209 3051 1292 3113 dioe-

58 3156 155 3221 retis?
198 3160 257 3220 Aut
284 3160 363 3221 unde
390 3179 499 3220 novum
527 3161 586 3222 boe
616 3169 816 3223 commentum
839 3160 925 3222 robis
948 3159 1022 3238 ipsis
1044 3153 1239 3235 comparastis
1259 3151 1294 3214 in

60 3278 155 3341 coque
191 3259 406 3341 triumphatis?
443 3261 605 3324 Proverbiis
633 3263 753 3343 quidem
783 3261 943 3325 dictionem
974 3263 1088 3322 crcooit
1108 3256 1234 3330 boboni,
1262 3263 1295 3318 st

89 3470 234 3552 [ἴδηαι.
261 3480 360 3531 Gobler.
383 3489 407 3531 st
430 3482 535 3532 l‘elclm.
562 3483 584 3531 l.
603 3475 653 3532 cix
737 3483 753 3532 l.
772 3484 813 3533 Sic
830 3483 929 3544 Sernes.
949 3481 1046 3532 Gobler.
1060 3479 1165 3529 Fclcbm.
1186 3477 1209 3527 l.
1227 3483 1251 3526 st
1267 3475 1293 3528 l.

54 3539 133 3596 nito.
702 3555 730 3601 lt
748 3552 788 3601 alii
802 3560 825 3601 ot
843 3552 901 3600 editi
919 3540 1087 3614 ἀκούσωμεν.
1112 3545 1251 3599 Goblcrlan.
1269 3552 1293 3596 tl

89 3632 112 3678 g.
133 3616 236 3677 Segoer.
262 3606 405 3668 ἀκούοντες
422 3611 452 3665 δὲ
471 3607 514 3664 ὅτι
527 3610 650 3681 χριστός.
701 3619 807 3668 Felclrm.
829 3618 850 3667 1.
869 3619 925 3667 ibid.
945 3610 970 3666 εἰ
987 3608 1129 3681 ἀκούομεν,
1155 3612 1296 3728 1401ξοῖ,

53 3685 209 3746 Editirtslii
229 3674 375 3737 ἀκούοντές
391 3698 428 3741 ss,
445 3681 567 3750 χριστός.
598 3687 651 3737 lion
701 3687 757 3744 lien.
783 3687 882 3737 Gobler.
908 3686 1011 3735 Felclm.
1032 3684 1054 3732 l.
1074 3683 1097 3733 4.
1116 3691 1141 3732 et
1158 3682 1182 3731 5.
1201 3695 1234 3728 co

51 3751 148 3812 Anglii„
167 3744 218 3798 τὸν
233 3746 271 3813 μὴ
291 3744 523 3819 descripserim.
700 3749 803 3820 κτίσμα
827 3752 860 3820 τῇ
884 3747 967 3818 quoru
990 3743 1054 3799 ὅλον
1076 3749 1157 3816 νοεῖν.
1199 3749 1249 3826 rut
1268 3755 1294 3799 et

89 3821 113 3867 Ιι.
135 3818 176 3867 Sic
194 3820 293 3880 Segner.
314 3822 368 3882 urg.
388 3822 486 3871 Gobler.
506 3822 610 3871 Felclrm.
626 3823 649 3872 l.
701 3822 775 3871 editio
794 3821 912 3871 Commel.
933 3812 1020 3872 oberte
1036 3815 1138 3884 κτίσμα
1157 3813 1189 3882 τῇ
1207 3824 1293 3881 puoto

51 3894 82 3936 At
107 3886 150 3933 abt
175 3895 199 3935 et
223 3888 280 3936 editi
305 3881 355 3947 τὴν
377 3880 439 3935 καθ’
466 3882 552 3953 ἡμῶν.
598 3891 648 3940 ttox
703 3880 768 3937 ὅλον
784 3889 849 3938 νοεῖ.

51 3954 156 4006 Gobler.
181 3963 205 4003 et
224 3955 331 4004 Frielm.
351 3956 372 4005 l.
391 3950 428 4010 ὥς
445 3952 532 4022 φησὶν
550 3949 565 4004 ὁ
584 3949 650 4005 ἀπό·
738 3973 770 4007 m.
790 3960 830 4006 Sic
849 3959 948 4017 Senum.
968 3964 993 4004 nt
1011 3964 1033 4002 et
1044 3954 1153 4004 Nunnius
1171 3952 1237 4028 still·
1264 3951 1293 4000 lt

52 4017 163 4073 στολος.
493 4050 499 4062 ·
703 4025 743 4074 alii
769 4034 792 4074 er
811 4025 868 4073 odiri
888 4016 902 4070 ὅ
920 4016 985 4075 θεὸς
1008 4014 1047 4075 sis
1070 4014 1156 4103 ἡμᾶς,
1181 4031 1214 4065 1⁰
1237 4029 1292 4065 2¹²·

87 4091 104 4139 i.
124 4089 226 4151 Segner.
246 4097 271 4139 ct
288 4089 345 4152 lies.
363 4082 444 4156 ifcyo
464 4084 540 4145 donc.
703 4087 770 4141 σιὸν
788 4083 872 4156 αὐτῷ,
892 4093 982 4153 uirgato
1001 4098 1057 4154 post
1075 4087 1154 4153 ημᾶς.

87 4159 112 4207 k.
131 4156 274 4218 Sessorium
299 4159 399 4208 Gobler.
418 4160 523 4210 Fcclm.
544 4161 566 4209 l.
585 4170 609 4210 ct
626 4161 651 4211 4.
737 4176 759 4209 n.
778 4162 810 4209 Sr
828 4175 879 4210 uer.
898 4151 914 4218 ἢ
932 4151 1006 4206 πότε.
1036 4159 1134 4207 Gobler.
1153 4151 1292 4204 etl'elclm.

50 4217 212 4287 ἔράσιαξεν.
241 4226 303 4274 Editi
318 4219 562 4290 etetiilfidomom.
589 4229 650 4278 lbid.
704 4229 725 4277 l.
745 4219 769 4276 ri
786 4240 862 4276 nors.
889 4228 947 4289 Reg.
964 4219 1011 4273 arci
1026 4217 1122 4274 utam.
1149 4221 1201 4270 llor
1219 4222 1293 4280 Seru.

50 4284 189 4355 Segessd
213 4288 318 4357 Πέτρος
334 4287 465 4363 ἔγραψεν.
503 4297 607 4345 Fetrbm.
625 4296 650 4346 4.
701 4289 807 4351 καινὸν,
828 4304 854 4344 nt
873 4295 1042 4358 legitvqooqns
1060 4293 1175 4342 Nunnius.
1210 4286 1293 4337 Aliiat

51 4353 145 4410 onte
210 4353 345 4428 ἔγραφεν.
381 4365 481 4415 Gobler.
501 4366 606 4415 Felclm.
626 4365 648 4413 1.
703 4365 775 4414 editio
795 4364 912 4413 Commel.
929 4356 1016 4411 κενόν.

50 4440 76 4478 et
93 4431 120 4480 5.
141 4372 281 4495 pnsum
303 4425 401 4498 φησίν.
436 4433 501 4482 ertu
526 4442 550 4482 et
574 4423 650 4483 aliid
737 4448 760 4482 o.
779 4433 878 4493 Sernes.
897 4426 1006 4495 λέγουσι
1022 4422 1075 4494 μὲν
1091 4419 1204 4476 ἔκτισεν.
1231 4422 1295 4474 Editi

48 4493 161 4566 Πέτρος
177 4486 261 4548 εἶπεν.
705 4508 729 4551 et
746 4492 786 4550 elii
802 4495 913 4565 tepora·
933 4492 964 4546 ri
982 4488 1094 4546 ἔκτισεν.

86 4588 220 4630 Δτιιιιιιι
233 4597 286 4630 orr.
300 4597 373 4630 nosn.
386 4598 437 4630 snt.
1056 4578 1089 4630 26
