2948 5092
461 290 749 338 oumorrccourrr
764 292 899 338 muros.
1218 268 1289 347 30¹2,

66 440 140 504 iuno
168 441 219 504 hir
247 439 474 504 obmurmurant
500 440 614 504 verbis:
649 442 742 522 lgitur
769 443 829 505 duo
857 446 1035 507 *nou-laeta
1067 445 1181 522 ‹licitis3
1214 460 1370 521 cumerrrr

61 550 152 605 autem
171 541 231 625 ipsi
253 542 337 605 aiunt
357 545 541 606 uon-tactam
564 545 629 607 eius
652 563 722 606 esse
744 545 935 624 sapientiam,
964 565 1026 607 nou
1054 547 1154 610 rident
1180 557 1285 631 contra

60 645 175 725 seipsos
198 661 306 706 ranam
325 644 403 707 banc
422 645 555 709 iactitare
587 644 828 709 accusationem?
871 646 1030 709 Enimvero
1052 666 1089 710 au
1112 667 1172 711 non
1195 650 1283 734 etiam

57 746 137 809 rrlde
166 746 259 809 stulta
289 754 335 808 est
363 747 437 809 baec
464 747 584 809 illorum
605 747 770 821 sententia,
799 765 906 828 nempe
927 751 1113 812 non-loctam
1134 740 1213 814 illam
1232 771 1284 815 sa·

51 848 198 928 pientim
221 847 368 928 simulque
389 867 456 911 cum
478 848 540 909 ileo
563 849 739 911 existentem
760 848 866 929 ipsum
882 868 952 912 esse
969 850 1087 913 ileum?
1108 851 1182 914 Nam
1203 853 1290 935 quoti

57 949 145 1012 simul
167 948 279 1022 existit,
300 967 362 1010 nou
385 967 497 1023 secum,
521 950 576 1011 sed
597 968 666 1012 cum
687 949 787 1031 aliquo
810 950 898 1012 simul
920 951 1029 1025 existit,
1052 959 1086 1014 ut
1104 953 1141 1015 de
1155 954 1284 1034 llomiuo

55 1058 179 1113 narrant
204 1050 425 1130 Emngelistse,
454 1069 521 1113 eum
549 1070 658 1131 nempe
689 1051 779 1114 simul
811 1070 876 1114 cum
903 1051 1055 1132 discipulis
1077 1054 1179 1136 luisse.
1223 1054 1286 1119 Nec

54 1152 131 1214 enim
166 1169 287 1225 accrum,
321 1152 375 1214 scd
404 1152 646 1233 cumdisoipulir
669 1153 757 1216 simul
779 1160 851 1216 erat.
894 1153 959 1215 Nisi
980 1155 1059 1216 forte
1078 1154 1174 1217 ileum
1193 1155 1286 1218 velint

56 1252 153 1316 licere
175 1253 386 1334 compositum,
409 1273 536 1334 eumque
557 1253 733 1334 permixtam
755 1255 864 1317 babere
883 1255 1056 1336 sapientiam
1079 1256 1125 1318 rel
1147 1256 1285 1336 quaesit

56 1373 123 1417 roae
146 1361 272 1416 naturae
293 1353 551 1436 complementum,
574 1375 649 1436 quae
670 1357 733 1436 ipsa
755 1373 873 1436 quoque
894 1358 1050 1419 non-lacta
1072 1358 1123 1434 sit,
1145 1376 1233 1438 quam
1254 1365 1285 1421 ct

57 1457 201 1520 niumm
222 1457 325 1519 mundi
346 1458 528 1532 creatricem,
553 1466 586 1519 ut
604 1457 711 1520 Filium
732 1476 831 1520 rerum
853 1457 1003 1520 creatione
1025 1458 1164 1538 spolient
1207 1459 1286 1522 Nibil

59 1559 134 1627 enim
156 1576 221 1620 non
242 1567 373 1634 movent,
396 1566 430 1621 ut
451 1578 489 1621 ue
514 1558 551 1621 de
573 1559 700 1621 Domino
724 1559 886 1622 seeundum
908 1559 1062 1623 veritatem
1084 1562 1222 1625 sentiant.

137 1761 192 1826 39.
238 1761 305 1835 Quo
327 1761 459 1823 enimin
482 1762 549 1824 loco
571 1761 686 1823 (livinae
701 1760 872 1842 Scripturas
892 1771 1080 1842 repererunt,
1101 1762 1148 1826 rel
1169 1776 1284 1844 surro-

61 1879 121 1923 mm
144 1861 319 1935 andierunt,
353 1863 433 1925 aliud
454 1863 576 1925 verbum
599 1863 721 1925 aliamve
743 1880 812 1925 essa
834 1862 1009 1943 sapientiam
1030 1873 1151 1944 praeter
1170 1865 1285 1929 huncor

61 1961 179 2037 ilium,
201 1973 235 2026 ut
257 1964 314 2025 ista
335 1963 393 2026 sibi
414 1963 605 2044 contingant?
639 1964 789 2045 Scriptum
811 1965 930 2043 quidam
953 1973 1017 2028 est:
1048 1965 1201 2049 Numquid
1221 1986 1287 2031 nors

63 2067 148 2129 mbo
168 2084 235 2128 orec
258 2075 331 2127 runt
351 2070 442 2146 puori
460 2070 537 2145 ipsis
559 2079 590 2132 et
611 2070 701 2148 quusi
721 2069 837 2129 recurris
865 2067 999 2129 incidens
1024 2068 1172 2148 petram?
1201 2077 1232 2131 et
1252 2069 1285 2131 in
1318 2098 1321 2107 =

64 2163 239 2229 Proverbiis:
263 2166 382 2230 Docebo
397 2187 451 2230 oor
473 2168 567 2230 oeric
588 2186 662 2231 mec.
696 2167 805 2230 Verum
827 2167 1075 2248 haeopraecepta
1098 2177 1127 2231 et
1149 2169 1286 2233 mandata
1402 2229 1406 2237 .

65 2278 134 2343 runt,
157 2287 234 2349 quae
256 2287 311 2348 per
331 2269 487 2349 proprium
508 2287 542 2330 ao
564 2268 662 2330 solum
683 2287 785 2330 rerum
801 2267 931 2331 Verbum
945 2267 1025 2331 ilaus
1041 2269 1159 2332 Sanctis
1182 2272 1282 2345 edixit,

65 2367 223 2450 dequibus
247 2371 292 2432 sic
313 2370 444 2450 loquitur
469 2370 642 2432 Psalmista:
680 2370 722 2432 Ab
753 2373 836 2461 omni
855 2375 906 2434 cr'u
927 2371 1008 2434 mulo
1027 2373 1176 2453 prelibati
1192 2375 1284 2455 pedor

65 2487 151 2543 uror,
178 2483 217 2534 rrt
244 2474 411 2535 custodium
439 2474 532 2536 verbu
561 2482 625 2535 teu.
671 2471 755 2545 Quae
784 2472 902 2552 quidem
931 2472 1021 2535 rerba
1042 2473 1096 2535 alia
1120 2493 1136 2535 a
1158 2494 1192 2536 se
1215 2493 1284 2536 esse
1340 2478 1345 2486 '

64 2570 119 2649 ipse
141 2572 278 2634 Salvator
300 2574 347 2635 bis
370 2575 455 2636 dictis
479 2575 593 2636 docuit:
640 2573 756 2646 Verbo,
778 2594 853 2656 quoe
881 2593 933 2654 epo
957 2575 1076 2638 locetur
1099 2576 1283 2645 ostensolia.

63 2671 113 2736 llec
134 2675 215 2736 euim
238 2676 409 2738 huiusmodi
431 2676 519 2737 verba
541 2678 619 2738 selus
642 2684 713 2737 suut
734 2684 785 2737 eut
805 2675 875 2752 lilii,
898 2693 996 2755 neque
1018 2683 1064 2737 tot
1085 2688 1154 2738 sunt
1175 2693 1282 2737 creau-

63 2775 92 2836 tia
114 2777 216 2851 verba,
238 2796 335 2858 neque
355 2787 403 2840 tot
424 2778 476 2838 bei
500 2778 658 2857 imagines,
681 2795 777 2855 neque
800 2785 846 2838 tot
867 2786 937 2838 suut
957 2794 1013 2857 pro
1036 2776 1123 2838 uobis
1145 2776 1369 2840 bominerrror.

61 2876 131 2952 lecti,
154 2897 251 2957 neque
273 2880 358 2959 quasi
381 2899 416 2942 er
432 2880 543 2945 multis,
555 2880 663 2966 talibus
679 2897 771 2941 unum
786 2886 843 2951 est,
866 2877 947 2957 quod
962 2877 1126 2939 secundum
1141 2878 1285 2941 loannem
1320 2888 1322 2890 ’

60 2996 121 3039 nro
146 2981 256 3041 lactum
278 2991 333 3055 est,
356 2983 409 3043 sed
432 2983 469 3044 de
491 3001 526 3044 eo
550 2991 582 3044 ut
605 2982 642 3043 de
664 2980 730 3042 solo
745 2979 798 3041 liei
815 2978 911 3040 Verbo
930 2978 1072 3040 alonune
1094 2979 1207 3042 dictum
1222 2988 1283 3042 est:
1354 3006 1369 3047 ·;

60 3078 184 3143 Verbum
215 3101 287 3144 coro
308 3085 432 3162 'suctum
454 3094 498 3146 ert
519 3086 549 3145 it
571 3087 673 3147 omnio
691 3100 751 3163 per
771 3085 870 3162 iprum
892 3081 976 3159 suctu
998 3091 1080 3142 aaut.
1124 3081 1226 3161 ltaque
1247 3082 1285 3144 (le

33 3174 118 3243 'solo
148 3182 209 3243 boc
236 3183 364 3244 Domino
395 3193 501 3246 nostro
530 3185 598 3246 lesu
628 3184 748 3246 Christo
778 3189 808 3244 cl
829 3182 865 3243 de
887 3181 952 3243 eius
975 3201 1041 3243 cum
1062 3182 1151 3244 Patre
1172 3183 1285 3245 unitate
1379 3237 1383 3245 .

56 3291 81 3343 et
102 3284 218 3363 scripta
239 3294 310 3346 sunt
332 3293 362 3346 et
384 3286 559 3348 exhibentur
580 3285 761 3347 testimonia.
806 3284 875 3363 lpse
896 3283 976 3344 euim
990 3284 1078 3345 Pater
1101 3303 1192 3345 unum
1215 3301 1285 3346 esse

53 3383 161 3446 lilium
183 3385 321 3461 declarat,
345 3389 425 3466 quod
447 3389 524 3449 idem
547 3388 677 3450 didicere
699 3387 754 3447 riri
769 3384 874 3457 sancti,
898 3386 949 3465 qui
966 3404 1056 3446 unum
1071 3384 1199 3446 Verbum
1215 3402 1286 3447 esse

53 3485 213 3566 ipsumque
235 3507 303 3551 esse
325 3489 508 3568 unigenitum
531 3490 698 3564 affirmant3
729 3488 760 3550 id
782 3488 881 3568 ipsum
904 3506 1021 3567 quoque
1043 3487 1172 3566 probant
1193 3504 1286 3568 opera
1325 3561 1328 3565 ,

121 3706 138 3739 *
161 3710 207 3769 l'el,
228 3712 250 3757 rr'
268 3710 323 3758 aliis
340 3712 414 3773 mucis
433 3711 529 3770 arridet,
549 3710 653 3771 ingenita
672 3716 693 3759 et
710 3724 764 3759 mor,
782 3707 912 3769 ingenitam
932 3723 959 3757 uc
977 3709 1093 3770 deincepr.

86 3860 107 3893 t.
127 3844 236 3892 i'rlclrm.
255 3843 279 3893 4.
299 3837 324 3891 sl
340 3838 394 3910 μὲν
410 3838 472 3908 ἆρὰ,
729 3843 747 3892 l.
764 3843 864 3905 Segoer.
882 3843 939 3904 lieg.
957 3841 1046 3903 logiis.
1063 3841 1161 3919 (ἴσως.
1180 3841 1285 3892 Falckm.

84 3913 109 3959 el.
134 3911 276 3972 Segurrian.
296 3915 394 3962 Gobler.
414 3913 516 3962 Felolrm.
538 3912 559 3960 l.
578 3913 642 3963 etl.
697 3902 902 3973 1.ert.s'tsys.
940 3909 1001 3958 Editi
1020 3916 1042 3957 el
1061 3910 1100 3957 elii
1120 3921 1215 3971 ειρηκε.
1275 3923 1278 3930 “

50 3970 195 4042 ἇγίνητον.
223 3979 286 4028 Elui
304 3988 328 4029 et
345 3981 386 4029 olii
405 3970 561 4044 ἀγέννητον.
593 3981 643 4030 llor
730 3994 752 4056 [ι.
776 3981 878 4034 Seurrer.
902 3976 999 4028 Gobler.
1024 3985 1047 4024 at
1070 3976 1176 4025 Felcim.
1197 3971 1286 4024 1.τοῦ

50 4048 195 4108 seruerim.
221 4048 319 4096 Goblrr.
344 4056 366 4095 er
391 4048 495 4097 Felcim.
516 4049 536 4097 l.
557 4039 643 4099 abrai.
696 4039 758 4100 ivor
775 4043 849 4094 θεοῦ.
885 4045 931 4094 Alii
949 4051 973 4093 el
991 4043 1048 4092 erliti
1066 4041 1115 4090 rori
1134 4041 1209 4091 θεοῦ.
1271 4067 1273 4072 ·

51 4115 133 4164 Editio
158 4117 278 4164 Commel.
298 4105 390 4174 αὐτήν.
426 4117 487 4165 tuit.
507 4118 603 4168 Gobler.
622 4126 645 4167 et
731 4116 754 4163 b.
773 4115 814 4165 Sic
831 4114 931 4174 Segcer.
950 4112 1047 4161 Gobler.
1067 4110 1213 4187 f‘¹⁰¹‘¹¹''.¹·
1226 4116 1250 4158 rt
1262 4107 1286 4158 4.

51 4184 158 4232 ielcim.
173 4184 201 4232 1.
221 4175 418 4246 corruriyrour.
495 4223 503 4231 .
696 4184 726 4230 tt
743 4184 815 4231 reteri
834 4190 858 4230 et
876 4182 932 4230 editi
951 4173 1013 4246 περὶ
1029 4190 1128 4225 τουτου
1143 4189 1239 4241 μονον.
1274 4210 1280 4221 ,

84 4264 107 4300 c.
127 4255 168 4299 Src
186 4253 287 4311 Segnrr.
305 4253 402 4301 Gcbler.
414 4251 520 4300 Frlclm.
540 4252 561 4300 1.
580 4258 604 4300 rt
620 4251 644 4301 l.
732 4251 748 4298 i.
766 4250 806 4298 Sic
823 4250 924 4310 Segoer.
943 4249 999 4309 liess.
1019 4246 1091 4294 basil.
1106 4245 1197 4304 lnglic.
1216 4242 1287 4321 (lobit

50 4318 79 4367 Ar
97 4318 137 4367 rili
154 4319 383 4367 ere-uncommst.
402 4322 515 4368 omittunt
533 4310 549 4378 ἢ
567 4315 647 4375 nilo}
698 4317 805 4366 Felclrm.
832 4317 853 4366 i.
878 4316 902 4365 b.
928 4324 951 4365 et
969 4315 993 4364 5.
1028 4315 1071 4362 utri
1090 4319 1169 4360 autem
1188 4319 1211 4359 et
1229 4311 1287 4359 erlrtr

48 4377 163 4433 trium
185 4382 299 4450 πέτραν.
338 4387 398 4435 lbirl.
422 4388 521 4447 sepner.
547 4389 645 4437 Gobler.
696 4383 841 4449 μαθητῶν.
878 4385 931 4433 llor
954 4385 1053 4442 Seguer.
1078 4371 1141 4425 scits
1165 4370 1234 4443 ἔργα
1253 4373 1287 4456 rr'f

50 4454 158 4503 fetrum.
185 4455 207 4503 l.
233 4463 256 4502 et
273 4453 297 4503 4.
335 4446 437 4511 διδάξω
456 4448 486 4503 δὲ
503 4446 582 4523 ὑμᾶς.
619 4455 646 4503 lu
698 4443 733 4530 rit:
754 4444 845 4503 αὐτοῦ.
881 4451 927 4501 blii
951 4457 976 4500 rt
997 4448 1055 4498 editi
1078 4440 1142 4495 κάτε
1164 4439 1234 4513 ἔργα
1250 4439 1284 4494 δι,

48 4519 106 4572 aliis
122 4531 148 4572 et
164 4522 240 4572 editio
256 4522 328 4571 deest
342 4515 380 4571 tr.
451 4548 456 4557 ·
699 4517 799 4570 aurei:
828 4557 832 4564 .
1040 4549 1043 4555 .
1161 4542 1181 4561 .-
1231 4555 1234 4559 .
