2948 5092
460 251 566 294 enarro
582 251 625 294 nr.
642 252 757 294 conam
770 251 905 297 ammos.
1225 243 1287 304 573

60 407 212 488 proficere
245 423 304 465 non
339 404 482 482 significet
513 403 609 481 ipsam
642 402 829 480 Sapientiam·
855 406 1015 483 proficere,
1047 408 1099 468 sed
1131 384 1373 470 humanamreor.

62 520 179 572 tarnum
202 518 334 569 staturam
359 507 387 566 in
412 526 443 565 ea
467 507 621 584 proficere.
658 505 809 583 Siquidem
832 506 917 568 iestis
937 510 1118 589 proficiebat
1140 516 1289 590 sapientia

62 627 95 675 et
121 616 238 693 pretia,
263 610 307 669 vel
342 609 459 687 potine,
489 616 521 667 ut
550 608 685 686 apposite
714 607 801 682 simul
831 616 860 668 et
882 628 949 670 vere
972 610 1140 689 loquamur,
1170 612 1287 690 ipsein

63 716 169 793 seipso
192 710 374 790 proficiebat.
418 709 491 768 Nam
513 692 669 787 Sdpr'entio
692 711 863 789 aedificavit
885 712 943 772 sibi
957 714 1083 783 domum,
1106 715 1232 792 iecitque
1254 723 1288 776 ut

63 815 227 876 demusin
250 813 350 891 seipsa
371 813 537 890 proficeret.
654 818 657 823 '

152 924 203 982 53.
249 918 385 977 Ceterum
408 932 551 992 quaenam
574 912 620 972 iba
643 921 688 972 est
709 914 898 992 progressio,
921 918 1018 995 equam,
1041 917 1083 976 uti
1106 935 1195 996 supra
1218 918 1287 990 dixi,

63 1020 158 1097 gratia
181 1026 210 1077 et
232 1017 368 1078 divinitas
391 1015 599 1075 bominibusa
622 1015 770 1093 Sapientia
799 1015 960 1095 impartita,
990 1019 1140 1079 destructo
1169 1019 1199 1078 iu
1223 1020 1287 1101 iliis

62 1128 186 1199 peccato
210 1127 240 1181 et
261 1119 450 1196 corruptione
472 1125 595 1196 propter
616 1117 748 1194 ipsorum
772 1136 837 1177 cum
853 1137 939 1179 carne
955 1119 1042 1179 Verbi
1065 1119 1288 1181 similitudinem

63 1232 96 1284 et
124 1220 355 1300 cognationem?
392 1221 434 1281 lta
468 1219 545 1280 enirn
579 1237 704 1297 corpore
736 1229 831 1281 aetate
859 1229 1009 1281 crescente
1037 1223 1068 1281 in
1096 1221 1146 1282 illo
1169 1240 1287 1300 quoque

63 1324 217 1386 crescebat
232 1324 326 1384 maior
341 1322 501 1383 divinitatis
518 1322 682 1400 explicatio,
699 1322 895 1400 omnibusque
910 1324 1129 1395 ostendebatur,
1145 1325 1286 1402 templum

61 1427 118 1488 Dei
146 1427 243 1504 ipsum
273 1432 361 1485 esse·
371 1434 400 1485 et
427 1424 519 1485 Deum
548 1444 613 1485 esse
642 1424 831 1503 incorpore.
876 1426 963 1497 Quod
986 1426 1012 1487 si
1033 1426 1122 1487 rixari
1145 1426 1234 1487 velint
1254 1426 1286 1486 in

61 1549 111 1601 eo,
135 1529 216 1606 quod
242 1528 367 1589 Verbum
389 1545 461 1587 curo
484 1529 600 1605 fectum
620 1525 703 1587 lesus
727 1526 765 1586 sit
792 1528 970 1605 appellatus,
1001 1528 1037 1588 ad
1067 1534 1192 1607 eumque
1214 1528 1369 1592 illuderer.

61 1631 175 1691 dictum
204 1630 385 1709 proficiebat
413 1631 557 1700 reserant,
591 1627 712 1688 audiant
737 1647 833 1706 neque
862 1648 897 1690 ea
924 1648 957 1690 re
980 1630 1113 1690 imminui
1134 1637 1286 1708 paternam

60 1733 175 1804 lucem,
206 1751 280 1810 (quac
303 1731 394 1792 Filius
416 1731 480 1808 ipse
503 1739 557 1789 est.
601 1730 709 1790 Verum
731 1729 760 1790 id
782 1712 887 1793 rursus
910 1732 1055 1802 ostendit,
1078 1731 1205 1792 Verbum
1227 1732 1285 1791 bo·

60 1835 174 1896 minem
198 1853 266 1894 esse
288 1834 394 1893 iactum
417 1851 576 1910 veramque
598 1851 715 1894 caruem
737 1833 887 1894 babuisse.
923 1834 1015 1907 Unde,
1038 1833 1287 1912 quemadmodum

60 1937 192 1998 dminus
215 1954 281 1996 eum
304 1954 390 1995 carne
412 1953 537 2013 passum
560 1953 643 2007 esse,
674 1953 762 1996 carue
792 1936 952 2008 esuriisse,
981 1952 1067 1997 carne
1098 1911 1294 2013 defatigatum

60 2058 142 2111 esse,
164 2038 204 2097 ita
227 2045 257 2097 et
278 2036 384 2097 merito
409 2036 526 2115 quidem
549 2038 696 2113 affirmare
711 2036 779 2098 licet
794 2056 860 2097 eum
877 2055 965 2098 carne
979 2036 1153 2115 proiecisse.
1185 2038 1288 2116 Neque

61 2142 143 2202 enim
165 2140 212 2202 illa
235 2140 477 2218 qualemcumque
499 2139 626 2200 diximus
649 2140 826 2217 progressio
844 2138 947 2216 siebat,
976 2138 1061 2217 quasi
1084 2139 1210 2200 Verbum
1233 2157 1287 2198 ex·

58 2244 212 2303 trinsecus
236 2240 387 2312 existeret,
412 2241 464 2300 sed
487 2241 516 2300 in
538 2240 588 2301 illo
611 2249 674 2302 erat
695 2249 725 2300 et
747 2241 812 2302 eius
836 2240 942 2302 dicitur
964 2259 1033 2302 οπο
1056 2241 1232 2319 proficiens,
1253 2247 1288 2301 ut

59 2345 175 2406 scilicet
203 2343 356 2405 bominum
383 2361 562 2423 progressus
592 2324 715 2421 propter
745 2343 879 2422 ipsorum
908 2362 974 2404 oum
995 2343 1092 2404 Verbo
1111 2342 1286 2402 ‘societatem

59 2446 178 2507 stabitis
207 2455 313 2524 posset
341 2463 541 2524 perseverare.
584 2445 646 2506 Nec
667 2463 738 2522 ergo
762 2444 889 2506 Verbum
916 2444 1104 2524 proficiebat,
1134 2462 1189 2505 nec
1218 2460 1286 2504 caro

58 2555 125 2608 erat
147 2547 315 2625 Sapientia,
345 2546 397 2608 sed
427 2565 495 2608 caro
525 2547 599 2607 iacta
620 2554 673 2614 ,est
694 2546 860 2624 Sapientiae
889 2566 1007 2624 eorpus.
1053 2544 1214 2618 Quocirca,
1243 2543 1288 2605 uti

58 2649 229 2720 docuimus
252 2666 313 2708 non
336 2647 485 2726 Sapientia
507 2656 651 2726 quatenus
669 2656 715 2708 est
730 2648 877 2726 Sapientia
899 2649 1039 2728 ipseper
1061 2647 1189 2725 seipsam
1212 2663 1286 2723 pro-

58 2750 188 2823 feriebat,
213 2750 267 2811 sed
291 2749 354 2810 sola
377 2749 544 2810 humanitas
561 2748 590 2809 in
606 2749 754 2827 Sapientia
770 2748 950 2828 proficiebat,
974 2749 1131 2810 humanam
1146 2741 1286 2827 paulatim

58 2852 275 2914 transcendens
307 2860 460 2922 naturam,
495 2851 591 2911 divina
623 2850 738 2912 reddita
770 2851 926 2930 ipsiusque
954 2850 1121 2930 Sapientiae
1152 2850 1227 2910 facta
1257 2855 1288 2909 et

59 2955 203 3043 omnibus
226 2971 371 3032 apparens
393 2953 639 3028 instrumentum,
666 2972 725 3031 quo
752 2954 788 3013 ad
810 2954 953 3032 agendum
976 2961 1006 3015 et
1027 2952 1198 3014 educendum
1220 2951 1286 3028 ipsa

58 3065 197 3119 uteretur
226 3055 371 3117 divinitas.
415 3055 491 3116 Hinc
521 3074 706 3134 nequaquam
734 3054 821 3115 dixit:
854 3054 982 3116 Verbum
1009 3053 1196 3133 proficiebat,
1231 3051 1286 3113 sed

59 3160 164 3230 lesus,
198 3157 279 3236 quod
309 3157 428 3236 quidem
449 3176 558 3221 nomen
581 3157 724 3218 Dominus
747 3159 839 3219 sactus
861 3158 952 3218 homo
974 3155 1100 3235 accepit3
1132 3154 1171 3216 ita
1193 3163 1227 3216 ut
1247 3153 1285 3215 ad

59 3263 221 3324 humanam
250 3269 383 3322 naturam
412 3278 592 3339 progressus
623 3259 673 3322 ille
700 3260 845 3339 pertineat
872 3278 908 3322 eo
935 3278 993 3339 quo
1014 3277 1105 3337 supra
1126 3256 1285 3337 explicavi·

58 3382 127 3426 mus
151 3361 251 3425 modo.

95 3552 111 3599 i.
131 3550 172 3597 Sic
192 3564 249 3598 mss.
284 3550 310 3597 io
329 3549 433 3597 editione
453 3557 531 3598 autem
551 3550 644 3598 Comm.
731 3551 753 3599 b.
773 3543 828 3611 Reg.
849 3549 870 3597 l.
890 3556 914 3598 et
931 3548 1070 3610 Segnerian.
1089 3540 1135 3594 did
1152 3539 1227 3596 τοῦθ’
1249 3541 1286 3602 ὥς

58 3620 129 3668 deest
147 3608 198 3664 ὅτι.
234 3618 284 3666 ttox
309 3617 364 3677 neg.
386 3617 406 3664 i.
431 3619 529 3677 Sequer.
549 3620 645 3667 Gobier.
696 3617 837 3683 προεῖπον,

58 3697 82 3736 et
105 3687 213 3735 Fetrtm.
234 3685 253 3734 l.
281 3677 398 3747 ἱφόρεσε
425 3680 519 3750 σάρκα.
554 3687 598 3734 nni
623 3693 647 3733 et
732 3687 745 3735 i.
764 3688 804 3734 Sic
822 3693 921 3748 uterque
944 3684 1000 3744 neg.
1024 3683 1125 3745 Seguer.
1144 3684 1217 3733 Bosii.
1236 3683 1284 3732 dn-

58 3756 132 3805 editro
152 3754 269 3803 Commei.
288 3745 386 3818 ἐφόρει
403 3746 498 3816 σάρκα,
696 3754 749 3814 qiie.
770 3753 868 3803 Gobier.
886 3762 909 3801 et
927 3752 1031 3800 Fercem.
1045 3751 1066 3799 1.
1102 3757 1129 3800 tt
1147 3753 1170 3799 in
1188 3752 1242 3800 diis
1260 3759 1285 3801 et

696 3822 766 3869 editis
777 3822 844 3869 deest
853 3812 910 3877 τήν.
942 3819 992 3868 bion
1004 3828 1058 3882 post
1072 3809 1193 3884 ὄργανον
1202 3810 1286 3877 αὐτοῖς·

696 3888 751 3948 tang.
773 3887 794 3936 i.
822 3896 845 3937 et
868 3890 967 3947 Sequor.
990 3890 1102 3936 omittunt
1123 3880 1279 3950 γινόμενον,

696 3956 759 4018 quod
785 3956 823 4003 bic
847 3955 887 4003 aiii
912 3963 935 4004 et
952 3954 1010 4003 editi
1029 3954 1131 4011 tabem,
1158 3956 1201 4004 ned
1221 3955 1282 4003 inira

695 4031 857 4085 transponunt
880 4031 936 4086 post
957 4014 1093 4088 ἔκλαμψιν
1111 4013 1210 4080 αὐτῆς,
1236 4022 1283 4071 ibi-

697 4092 800 4154 demque
827 4091 916 4140 babent
940 4085 985 4137 eei
1008 4083 1180 4156 φαινόμενον
1201 4087 1283 4146 πᾶσι,

697 4160 737 4208 nbi
756 4160 797 4208 aiii
816 4168 839 4207 et
857 4160 913 4209 editi
933 4158 1036 4224 φαῖνον
1048 4151 1079 4206 ἐν
1095 4156 1171 4207 πᾶσι.

732 4228 754 4276 k.
772 4229 813 4277 Sic
829 4228 887 4288 nee,
906 4228 929 4277 1,
956 4229 1055 4277 Gobier.
1083 4235 1106 4273 et
1132 4225 1237 4277 Fnickttt.
1259 4225 1284 4276 ii.

742 4297 815 4345 ceteri
833 4303 858 4345 et
874 4296 932 4345 editi
949 4287 1014 4344 etti·
1029 4285 1139 4358 Ἰησοῦς.

731 4363 747 4412 Ι.
766 4365 823 4425 Reg.
843 4364 866 4412 l.
891 4373 916 4413 et
938 4364 1038 4424 Sequor.
1062 4353 1150 4425 &nep
1173 4354 1220 4410 καὶ
1243 4352 1284 4412 dr.

91 3871 114 3915 p.
136 3855 239 3917 Uterque
258 3855 353 3916 Regius,
377 3855 475 3916 Seguer.
500 3853 597 3903 Gobier.
623 3863 646 3901 et

55 3925 163 3974 Fetcirm.
185 3922 205 3970 l.
225 3923 315 3971 addunt
332 3915 392 3978 καί,
419 3922 483 3987 quod
507 3922 531 3969 in
550 3921 603 3968 eiiis
622 3930 645 3970 et

57 3993 129 4041 aditis
148 3991 225 4038 deest.
260 3991 350 4039 ibidem
375 3991 431 4052 fleg.
452 3990 473 4038 i.
498 3995 520 4036 et
544 3989 644 4050 Seguer.

55 4054 183 4109 turinnes
200 4065 224 4106 et
240 4049 342 4106 exenta.
379 4059 436 4107 item
462 4057 533 4106 iidem
553 4065 576 4105 et
595 4058 645 4107 Go-

56 4129 160 4178 bieriao.
179 4141 207 4175 ec
225 4120 420 4175 retuterunt
437 4123 518 4172 τοῦτο
537 4115 646 4180 εἰκότως

57 4190 93 4243 ἂν
109 4191 228 4260 λέγοιτο,
247 4187 327 4262 σαρκὶ
344 4190 517 4259 προέκοπτεν,
556 4192 645 4242 ibidem

56 4273 160 4328 uterque
185 4263 242 4323 Reg-
261 4265 361 4322 Sequor.
380 4273 403 4311 et
421 4263 491 4310 basil.
512 4254 574 4318 obrid
591 4254 645 4325 γὰρ
696 4297 725 4345 m

57 4324 121 4381 οὐδὲ
138 4323 249 4388 ἔξωθεν.
292 4331 389 4384 Gobier.
414 4331 518 4379 Veicbm.
540 4332 560 4379 l.
580 4339 603 4379 et
621 4330 645 4378 5.

56 4391 121 4449 etat
142 4392 176 4479 p*
223 4390 333 4454 ἔξωθεν.
371 4398 447 4448 Editio
472 4397 588 4449 Commet.
614 4387 646 4444 od

54 4463 111 4538 γὰρ
129 4411 198 4518 vagg
211 4457 320 4525 ἔξωθεν.
696 4431 958 4553 fflarkessaiebm.
977 4432 998 4481 l.
1017 4421 1105 4494 ὅπερ
1121 4423 1161 4480 bt
1193 4429 1239 4480 dlii
1255 4436 1282 4480 et
