2948 5092
47 272 90 339 38
443 282 883 329 ⁸.mmsunc=¹mucon

6 460 37 503 ιι.
46 436 187 514 κόλποις
214 437 272 500 τού
300 432 427 556 πατρός
450 430 535 510 ἔστι,
564 429 667 514 μόνον
688 455 726 498 τε
747 427 849 497 αὐτόν
871 430 945 511 έξζ
929 432 1047 497 εαυτοῦ
1069 426 1280 498 δείκνυσιν”
1258 456 1280 499 ο

47 535 158 623 πατὴρ
181 536 297 620 λέγων·
327 523 424 612 οὗτός
444 526 574 599 ἔστιν’
557 555 575 597 ο
596 530 669 610 νλός
689 555 755 617 μον
779 528 798 598 ό
821 525 1008 657 ἀγαπητός,
1031 520 1118 598 ἐν’
1088 556 1117 618 ῳ
1139 526 1280 656 ηὐδόκη-

46 639 136 718 σα“)·
158 636 254 723 λόγος
276 636 313 703 δέ
334 634 423 703 ἐστιν
446 622 543 712 οὗτος
564 635 623 699 τοῦ
644 632 783 721 πατρός,
807 621 955 721 ένῷτδ
975 626 1114 713 ἀπαθές
1127 628 1220 700 κρέ’
1199 658 1276 718 αμτ·

46 740 102 826 ρδς
122 738 183 805 τοῦ
203 735 332 823 πατρὸς
353 745 441 803 νοεῖν
464 732 619 802 δυνατόν
649 733 803 820 λόγος
767 760 830 860 γαρ
851 730 929 803 οάδδ
951 731 971 801 ό
991 738 1060 802 τῶν
1081 729 1274 821 ἀνθρώπων

45 838 131 907 κατὰ
151 838 268 918 πόθος
287 841 342 905 καλ
363 843 463 925 μέρος
484 837 646 921 γεννᾶται,
669 835 786 925 μήτιγε
808 832 827 902 6
849 839 909 905 τού
930 839 1026 905 θεοῦ.
1064 834 1122 904 διὸ
1143 839 1199 904 καλ
1219 860 1272 905 κα·

45 940 183 1021 θίζεται
202 940 262 1026 μέν
283 934 384 1019 αὐτὸς
405 938 438 1005 έν
461 938 553 1025 δεξιᾷ
574 940 632 1003 τοῦ
655 937 784 1025 πατρὸς
807 934 852 1018 ώς
867 938 979 1024 λόγος·
1002 938 1089 1005 ἔνθα
1108 935 1173 1024 γάρ
1189 937 1270 1005 ἔστιν

46 1036 65 1107 6
88 1042 209 1131 πατήρ,
233 1042 301 1110 έκεί
321 1046 375 1109 καί
399 1035 418 1107 6
438 1038 556 1106 τοότον
579 1037 675 1122 λόγος
699 1038 804 1107 ἐστίν·
827 1036 922 1128 ἧμείς
939 1040 977 1108 δέ
990 1038 1155 1129 οτῆκομεν
1168 1036 1270 1127 κρινό·

44 1164 141 1227 μενοι
170 1138 248 1227 παρ’
272 1136 378 1229 αύτῷ.
402 1136 448 1219 ιύς
469 1137 654 1224 ποιήματα·
683 1144 737 1207 καί
760 1150 993 1228 προςκννεῑται
1012 1140 1074 1227 μέν
1096 1135 1200 1221 αδτὸς
1220 1138 1269 1209 διδ

45 1242 85 1309 ιδ
114 1236 201 1312 εἶναι
229 1240 328 1311 αύιὸν
357 1240 429 1307 υίὸν
456 1243 514 1305 τοῦ
538 1245 761 1328 προςκννιγτοῦ
783 1241 925 1330 πατρός
954 1236 1051 1331 ἡμεῖς
1073 1242 1114 1310 δέ
1134 1260 1271 1365 προςιινὶ

46 1368 93 1411 ιοι
97 1367 182 1425 μιν
206 1372 235 1412 κι
238 1368 316 1428 ρων
338 1344 391 1409 καλ
412 1339 495 1407 θεὸν
518 1337 618 1407 αὐτὸν
639 1337 911 1430 ·όμολογοῦντες,
941 1341 1054 1410 διὰ
1019 1366 1060 1410 το
1083 1337 1212 1411 εἶναι’
1192 1345 1269 1431 ιγμός

46 1450 211 1525 κιίσμαια
233 1447 284 1512 καλ
308 1440 428 1522 ἀλλους
449 1466 519 1531 παρ
518 1438 684 1511 ’έκεῖνσν

134 1550 182 1609 12.
232 1542 365 1611 Τούτων
388 1539 478 1611 66‘
445 1539 550 1623 ούτως
572 1542 685 1626 όντων,
709 1552 874 1615 σκοπείτω
897 1543 1018 1612 λοιπόν
1040 1541 1269 1632 όβοολόμενσς

45 1638 171 1715 αύιιόν.
196 1650 249 1713 καί
273 1650 422 1733 γινέσθω
443 1671 495 1726 τις
516 1643 637 1727 αύτούς
659 1647 840 1736 ἐντρέπων,
864 1646 894 1714 ελ
914 1644 955 1714 τό
977 1645 1012 1714 έκ
1032 1650 1094 1713 τοῦ
1117 1650 1205 1716 θεοῦ
1222 1649 1269 1717 καλ

47 1744 134 1813 λ’διον
158 1770 200 1811 αι
202 1772 260 1813 τοο
281 1753 423 1835 γέννημα
443 1748 596 1831 θέμις’
567 1754 674 1817 ειπεῖν
697 1749 733 1830 έξ
754 1744 811 1815 ούκ
834 1745 948 1828 όντων,
970 1774 991 1834 ιγ
976 1741 1115 1835 λόγον
1139 1744 1270 1839 ἕχεικᾷι

47 1844 93 1917 ιίι·
116 1842 300 1937 ένλόμιγσίν
322 1872 412 1929 τινος
434 1845 520 1929 ὅλως
541 1846 706 1932 ἔλθεῖι,“
687 1875 740 1917 οτι
761 1850 800 1917 τὸ
822 1849 856 1917 ἐκ
878 1873 937 1916 του
920 1850 1036 1917 θεοῦ
1053 1848 1270 1943 ἓπισνμβέγίιγ

47 1972 99 2017 κεν
128 1942 234 2033 αύιιγλ,
259 1952 314 2017 ἰνα
334 1953 388 2018 καλ
410 1950 632 2074 τολμήσας”
600 1978 688 2040 ειπγγ,
714 1949 768 2019 ότι
789 1946 846 2018 οὔκ
868 1951 958 2018 ἔστιν
979 1944 1073 2018 ἀεί’
1055 1974 1074 2017 ο
1096 1951 1180 2032 νίός.
1223 1952 1278 2061 κιρ)

46 2050 107 2139 γὰρ
130 2046 164 2113 ίν
186 2051 293 2175 τοότιγν
315 2051 475 2120 πόλιν
439 2079 500 2132 τας
521 2050 712 2138 ἀνθρώπιον
735 2053 823 2121 ἒννοέ
810 2060 877 2133 έας
873 2048 1091 2140 όπερεξῖγλθε
1104 2048 1242 2121 καίοντ’

47 2150 285 2239 ιιι·ιι)ίίγίιγκεν“
267 2180 288 2241 η
309 2158 367 2222 τοῦ
391 2157 464 2222 οἱοῦ
487 2162 642 2242 γέννησις.
687 2152 783 2242 ἡμεῖς
802 2156 863 2239 μέν
884 2153 945 2240 γὰρ
962 2155 1029 2220 τῶν
1046 2152 1144 2221 ἰδίων
1157 2160 1271 2225 τέκνω

49 2256 82 2321 ίι·
109 2250 216 2340 χρόνῳ
245 2256 410 2341 γινόμεθα
439 2263 594 2344 πατέρες,
626 2257 700 2324 ἐπεὶ
722 2260 776 2324 καί
799 2250 893 2323 αότολ
917 2250 976 2322 οόκ
999 2251 1092 2332 ὄντες
1114 2256 1270 2379 πρότερον

49 2352 184 2440 λῗσιιρον
212 2357 404 2444 γεγόναμεν·
437 2354 455 2423 6
484 2359 520 2425 66
547 2357 630 2437 θεὸς
658 2352 766 2425 ἀεὶ
738 2385 784 2425 ων
812 2354 863 2425 ἀεί
885 2358 943 2423 τοῦ
965 2356 1039 2422 6606
1060 2356 1176 2479 πατήρ
1198 2358 1269 2427 ἐστι.

48 2458 100 2527 καλ
134 2458 200 2523 των
233 2456 344 2543 6166‘
326 2486 345 2548 6
378 2460 547 2545 γένεσις’
533 2485 567 2525 εκ
594 2462 660 2525 τῶν
688 2454 861 2545 ὁμοίως
841 2484 945 2526 οντων
976 2458 1042 2541 έγει
1067 2456 1130 2547 ιὴν
1150 2465 1269 2529 πίστιν

49 2558 164 2647 λιιιιδλγ
193 2559 229 2627 δέ
257 2556 366 2639 οὐδεὶς
388 2556 459 2628 οἶδε
479 2559 536 2626 τόν
559 2559 630 2626 υἱὸν
655 2560 744 2627 εἰ
704 2587 749 2649 μιγ
773 2557 791 2627 ό
813 2558 939 2649 πατήρ,
969 2554 1046 2627 οιδὲ
1067 2557 1128 2627 τόν
1149 2550 1272 2651 aar&

51 2686 100 2737 ιιι·
121 2660 332 2747 ἐπιγινώσκει
355 2661 444 2729 εί
404 2688 448 2748 μη
472 2657 490 2726 ό
514 2661 592 2740 οἶός,
617 2664 669 2727 καὶ
693 2651 785 2749 666
763 2689 802 2730 αν
826 2656 930 2741 όυλός
945 2655 1201 2751 ἀποκαλόψγγ’)·
1222 2656 1272 2731 διδ

51 2765 147 2831 τοῦτο
176 2763 210 2829 06
237 2761 342 2851 ἅγιοι,
375 2759 428 2841 οἷς
455 2758 715 2847 ἀπεκάλοψεν’
698 2787 716 2828 ο
744 2763 831 2843 υἱός,
866 2762 977 2830 εἰκόνα
997 2761 1073 2830 τινὰ
1095 2762 1272 2833 δεδώκασιν

50 2864 126 2953 ι’γμῒν
150 2864 184 2932 έκ
205 2869 273 2932 τῶν
297 2862 471 2987 ὁρωμένων
493 2862 691 2949 λέγοντες·
681 2861 718 2945 ός
740 2860 785 2931 ών
809 2859 1013 2951 ἀπαύγασμα
1037 2866 1096 2951 τῆς
1112 2846 1270 2955 δόξηςκαλ

48 2966 210 3094 γαρακτὴρ
232 2970 290 3051 τῆς
311 2962 528 3044 ὑποστάσεως
550 2958 699 3045 αὐτοῦ’)
721 2968 774 3031 καί
798 2961 954 3032 πάλιν·’
942 2962 995 3032 ότι
1009 2965 1105 3085 παρά
1120 2989 1174 3034 σοι
1164 2966 1271 3061 πιγγδ

50 3070 149 3157 ζωῆς,
180 3067 214 3134 έν
235 3070 282 3155 τῷ
306 3073 395 3155 φωτί
416 3090 477 3133 σου
500 3061 662 3151 ὀψόμεθα
684 3070 756 3154 ιγνῶς
765 3070 802 3145 1)·
832 3062 888 3134 ότε
909 3066 965 3133 καὶ
985 3065 1201 3155 μεμφόμενος
1220 3066 1271 3137 τδν

48 3168 172 3259 ’ίσραύγλ
195 3164 213 3233 ό
236 3166 332 3254 λόγος
355 3174 472 3254 φησίν·
495 3166 721 3253 οἐγκατέλιπες
741 3166 800 3254 τὴν
815 3167 922 3256 πιγγύγν
937 3170 995 3256 τῆς
1010 3172 1182 3257 σοφίας“)·
1197 3166 1278 3257 αύτιγ.

50 3274 86 3337 δέ
108 3272 198 3339 ἐστιν
219 3264 243 3391 6
262 3268 350 3355 πηγὴ
373 3262 393 3357 6
416 3269 571 3354 λέγουσα·
600 3269 637 3354 έμ
641 3271 656 3336 6
685 3269 899 3354 ἐγκατέλιπον
924 3267 1033 3358 πηγὴν
1054 3266 1179 3351 όδατος
1200 3272 1273 3355 ζῶ-

48 3376 143 3455 606⁰).
187 3370 245 3438 καὶ
264 3368 381 3457 μικρὸν
401 3376 461 3455 μέν
485 3369 610 3437 έστι
577 3395 616 3436 το
638 3369 849 3459 παράδειγμα
869 3396 926 3438 και
917 3370 1015 3439 λίαν
1029 3364 1180 3465 ἀμυδρὸν
1193 3372 1273 3461 πρός

49 3474 88 3541 ιδ
111 3472 342 3557 ποθούμενον·
373 3471 511 3538 δυνατὸν
535 3467 614 3539 66⁰
594 3496 684 3556 ομως
706 3466 802 3552 ἰξ’
763 3475 864 3539 αντοῦ
886 3473 1053 3541 πλέον·
1008 3496 1072 3569 ,ρης
1092 3468 1273 3567 ἀνθρώπω

50 3573 183 3665 ιγύσεως
208 3582 397 3653 κατανοεῖν,
426 3571 483 3639 καὶ
509 3571 555 3661 μὴ
577 3574 760 3658 νομίζειν
744 3597 819 3662 ισνγν
839 3572 900 3662 τὴν
920 3568 1015 3663 ἡμῶν
1035 3566 1124 3643 εἶναι
1144 3600 1202 3643 και
1191 3562 1274 3663 τὴν

49 3679 109 3743 ιοῦ
131 3674 204 3742 αλού
226 3679 384 3761 γέννησιν.
418 3681 469 3752 τίς
491 3673 552 3761 γὰρ
576 3669 785 3761 δόναταικᾳν
797 3677 1010 3795 λογίσασθαι,
1032 3701 1099 3798 μη
1065 3670 1182 3744 ελναί
1194 3686 1275 3745 mm

50 3771 130 3843 ιδ’
112 3774 330 3861 απαύγασμα,
354 3776 410 3841 ἵνα
431 3800 487 3842 και
478 3773 723 3863 τολμήσας
698 3778 792 3864 είπγγ,
815 3775 860 3863 μὴ
885 3771 1011 3843 εἶναι’
992 3775 1044 3844 αεὶ
1065 3775 1124 3843 τὸν
1146 3766 1274 3858 οίον,
1253 3800 1272 3863 ιγ

52 3876 105 3945 ’ότι
134 3870 191 3944 οὐκ
219 3866 259 3965 ἦν
288 3873 306 3942 6
334 3874 406 3954 υἱός
432 3876 514 3964 πρὶν
541 3880 703 3965 γεννηθῇ;
734 3871 756 3964 6
777 3885 829 3956 τίς
851 3877 962 3956 ἱκανὸς
983 3878 1106 3945 διελεῖν
1127 3872 1274 3946 ἀπὸτοῦ

51 3977 145 4065 ἡλίου
166 3977 205 4044 τὸ
228 3973 440 4064 ἀπαύγασμα,
463 3974 485 4066 6
505 3978 564 4067 τὴν
586 3978 692 4066 πηγὶγν
714 3978 892 4066 ἐπινοῆοαί
913 4002 997 4046 ποτε
1017 3980 1076 4066 τῆς
1098 3979 1184 4066 ζωῆς
1205 3979 1274 4067 666-

49 4104 122 4165 μον,
147 4081 203 4147 ἵνα
223 4079 278 4145 καὶ
299 4079 415 4164 μανεὶς
437 4079 526 4166 είπγγ,
550 4079 586 4159 ἐξ
607 4074 664 4145 οὐκ
688 4078 791 4146 όντων
815 4079 904 4146 έστὶν
920 4076 938 4145 6
954 4079 1026 4159 υίὸς
1041 4075 1059 4145 6
1075 4082 1194 4166 λέγων·
1215 4076 1280 4247 676

52 4180 120 4266 είμι
141 4177 161 4268 6
185 4180 290 4267 ζωή),
317 4175 337 4268 6
358 4175 532 4264 ἀλλότριος
554 4183 611 4266 τῆς
632 4185 691 4247 τοῦ
714 4179 842 4268 πατρὸς
865 4176 979 4260 ούσίας
1002 4177 1020 4247 6
1042 4183 1164 4269 λέγων·
1189 4177 1259 4267 όέμ

121 4441 144 4497 1)
162 4439 245 4491 unuh.
265 4438 289 4497 3,
312 4439 349 4488 17.
436 4438 462 4497 2)
480 4438 562 4489 Μιῑίὴ.
582 4440 622 4497 n,
640 4439 682 4489 27
725 4439 786 4499 3)
805 4440 876 4489 flebr.
899 4440 920 4497 Ι,
938 4437 961 4487 3.
1045 4439 1072 4497 4)
1091 4438 1154 4488 δτι).
1173 4432 1278 4505 36136

50 4503 139 4572 ml,
159 4508 197 4557 10.
267 4506 294 4572 5)
312 4506 366 4557 Bur.
385 4505 409 4568 θ,
431 4506 470 4556 22
539 4506 566 4568 6)
583 4507 670 4557 Ieron
689 4505 714 4567 2,
735 4505 774 4557 13.
845 4506 870 4565 7)
887 4507 953 4556 Ιονο
975 4505 1013 4565 14,
1031 4504 1056 4554 6.
