2948 5092
455 216 564 270 omero
581 226 600 268 r.
618 225 732 270 courm
747 226 883 294 rennos.
1216 215 1294 280 249'

45 379 98 440 ilie
122 375 287 439 secuudum
309 376 468 438 humanam
491 383 624 436 naturam
648 376 716 456 uugi
739 377 856 451 dieitur,
879 396 936 438 nos
959 385 1079 454 sumus,
1102 381 1151 459 qui
1175 381 1205 442 in
1227 380 1366 444 illoeue
1465 386 1471 392 ’

46 479 206 559 ungium
229 496 296 539 mm
318 477 389 539 item
411 477 586 557 baptizatur,
610 495 666 537 nos
689 476 718 538 in
742 497 778 539 eo
794 479 985 559 baptizamur.
1029 481 1071 542 Dc
1087 482 1194 560 quibus
1210 484 1277 544 om'-

46 580 140 641 nibus
163 579 229 660 ipse
252 578 386 640 Salvator
406 578 514 640 ciarirm
538 578 582 638 sic
601 577 680 640 Patri
701 578 847 658 loquitur:
881 581 920 644 Et
941 599 993 660 eqo
1015 582 1161 661 plurium,
1190 602 1280 665 quom

47 685 163 745 dedisti
183 681 257 742 mibi
262 728 270 752 ,
302 680 371 742 dedi
389 679 468 750 iddio,
489 681 738 759 attenuatum,
762 683 1008 761 quemadmodum
1030 701 1085 744 ooo
1107 703 1203 745 uriom
1224 703 1281 748 su-

46 803 129 844 nus.
175 782 304 861 Propter
323 799 380 842 noa
402 779 493 868 igitur
515 779 602 841 etiam
623 781 792 859 postulabat
806 782 940 861 gloriam,
963 782 1069 862 iliaque
1084 784 1170 845 verba
1193 804 1281 849 occe-

44 890 110 964 pr't,
135 884 277 954 docrevit,
301 881 450 945 exultauit
471 880 546 943 dieta
569 890 653 955 suut,
676 890 709 942 ut
730 882 844 944 seilicet
865 901 920 944 nos
943 884 1166 962 acciperemus,
1190 886 1278 949 nobis

47 986 187 1055 donaret,
211 993 297 1062 atque
319 983 350 1044 in
371 982 429 1044 iiio·
444 983 649 1056 exaltaremur,
671 984 916 1062 quemadmodum
937 1003 970 1046 se
992 987 1056 1065 ipse
1072 1005 1190 1066 quoque
1206 1007 1277 1049 san-

47 1086 166 1159 ctificat,
190 1092 223 1145 ut
244 1102 301 1146 nos
324 1084 354 1146 in
377 1104 413 1146 eo
435 1085 660 1145 sanctificemur.

135 1390 190 1451 49.
235 1386 324 1460 Quod
345 1387 373 1448 si
394 1386 467 1448 haee
488 1385 597 1464 Psalmi
619 1384 723 1446 verba:
751 1386 870 1450 Idcirco
892 1391 985 1450 ondit
1007 1399 1056 1464 tc,
1073 1390 1171 1461 beor,
1196 1391 1279 1453 Deua

51 1504 134 1564 tuoe,
158 1489 190 1550 in
213 1507 300 1551 suum
323 1506 445 1550 sensum
469 1488 645 1566 detorquere
667 1487 856 1560 contendant,
880 1488 1043 1568 intelligant
1060 1491 1278 1570 seripturarum

51 1591 183 1672 imperiti
205 1590 438 1669 inventoresque
461 1589 637 1669 impietatis,
666 1606 772 1650 rursus
800 1608 873 1651 voce
902 1590 949 1650 iila
972 1591 1091 1653 Idcirco
1113 1610 1174 1653 non
1197 1611 1278 1655 mer-

52 1694 154 1755 cedem
177 1692 296 1754 virtutis
318 1692 365 1753 vel
386 1692 535 1753 actionum
557 1690 644 1773 Verbi
668 1691 835 1770 significari,
863 1691 916 1752 sed
938 1711 1056 1754 eausam
1079 1693 1199 1755 eiusad
1223 1712 1280 1756 nos

54 1795 196 1857 adventus
222 1794 434 1874 unctionisque
464 1793 608 1872 Spiritus,
641 1811 715 1871 quae
742 1811 796 1872 pro
825 1792 912 1854 nobis
942 1794 972 1854 in
1001 1794 1052 1855 iiio
1073 1796 1280 1883 peragebatur.

56 1894 215 1956 Nee·cnim
237 1894 327 1956 dixit:
351 1895 492 1970 „idcireo
514 1895 600 1955 unxit
622 1902 661 1967 te,
684 1903 717 1955 ut
739 1895 826 1954 fieres
849 1895 938 1968 Deus,
963 1896 1008 1956 vel
1030 1915 1093 1969 rex,
1116 1897 1162 1957 vei
1178 1897 1280 1971 Filius,

60 1997 129 2069 „vel
150 1995 326 2069 Verbum;“
355 1996 384 2058 id
415 1996 494 2057 enim
523 2005 608 2058 autea
631 2004 695 2056 erat
717 2003 746 2056 et
768 2014 885 2075 semper
907 2005 971 2066 ost.
1000 1997 1042 2057 uti
1073 1998 1281 2077 probavimus3

61 2098 108 2157 sed
128 2097 245 2177 potius:
269 2097 366 2171 „Quia
389 2106 419 2159 et
433 2098 512 2160 Deus
530 2106 560 2158 et
582 2116 632 2159 rer
655 2115 697 2171 es,
720 2099 832 2159 ideirco
847 2107 953 2160 unctus
969 2117 1019 2168 es;
1042 2099 1281 2178 quandoquidem

65 2218 171 2269 „nemo
192 2199 268 2261 aiius
291 2208 409 2280 poterat
429 2199 580 2260 hominem
603 2217 668 2260 eum
691 2198 801 2278 Spiritu
836 2207 937 2260 saneto
960 2199 1140 2278 coniungere
1160 2211 1281 2280 praeter

68 2310 124 2373 „te
145 2302 194 2380 qui
216 2302 314 2382 imago
338 2320 371 2363 es
393 2301 502 2374 Patris,
524 2301 560 2361 ad
583 2300 666 2362 euius
690 2299 912 2362 similitudinem
933 2319 989 2361 nos
1012 2286 1180 2381 quoque'ab
1195 2303 1281 2365 initio

69 2420 188 2473 „sumus
210 2404 311 2465 creati.
355 2402 428 2464 Nam
451 2412 519 2464 tuus
540 2412 588 2464 est
610 2402 676 2481 ipse
697 2402 859 2482 Spiritus.“
903 2402 963 2464 Nee
979 2404 1057 2463 enim
1073 2421 1173 2464 rerum
1189 2405 1281 2464 iaeta-

70 2519 123 2562 mm
143 2511 246 2566 natura
268 2505 304 2566 ad
327 2504 385 2565 hoe
405 2523 514 2565 munus
537 2511 599 2564 erat
621 2488 744 2577 idonea,
776 2522 841 2564 eum
870 2513 899 2565 et
920 2505 1022 2583 augeli
1044 2506 1231 2585 peccaverint
1253 2512 1284 2567 et

70 2602 191 2666 homines
213 2604 274 2667 Deo
297 2623 403 2685 parere
426 2605 584 2666 noluerint.
630 2605 818 2684 Quapropter
840 2605 902 2665 Deo
925 2623 1002 2684 opus
1025 2614 1088 2665 erat
1113 2605 1203 2678 (Deus
1226 2624 1281 2666 au-

74 2713 120 2765 tem
140 2716 185 2768 est
205 2706 363 2783 Verbum),
386 2715 418 2774 ut
440 2725 493 2768 eos
515 2706 673 2780 liberaret,
697 2707 747 2786 qui
770 2708 839 2785 iugo
861 2706 1077 2767 maledictionis
1100 2706 1281 2785 premeban-

74 2813 118 2865 tur.
155 2806 255 2887 itaque
279 2808 305 2869 si
328 2827 364 2869 ex
385 2808 478 2869 nibiio
502 2816 599 2880 esset,
628 2808 694 2887 ipse
716 2827 775 2868 non
806 2817 888 2869 esset
909 2807 1063 2880 Christus,
1093 2807 1202 2887 quippe
1231 2806 1283 2886 qui

74 2903 135 2967 inter
153 2927 201 2970 res
225 2909 297 2971 aiiae
321 2918 433 2971 creatas
456 2919 485 2970 ot
508 2910 573 2988 ipse
594 2910 690 2971 locum
715 2910 838 2970 haberet
861 2917 890 2970 et
918 2915 1000 2970 esset
1031 2909 1165 2970 similiter
1187 2908 1281 2987 perti-

74 3023 137 3085 eepa.
178 3010 216 3071 m
237 3010 305 3089 quia
327 3009 406 3071 Deus
428 3018 490 3084 est,
514 3030 580 3071 oum
604 3011 643 3072 sit
664 3011 716 3072 Dei
738 3012 848 3085 Filius,
873 3009 941 3090 quia
964 3012 1033 3071 item
1056 3029 1107 3071 rex
1132 3018 1178 3071 est
1200 3029 1283 3071 sem-

74 3108 206 3184 piternus,
234 3129 302 3172 eum
324 3111 363 3172 sit
385 3111 527 3190 splendor·
549 3121 578 3173 et
600 3113 691 3190 tigura
713 3113 827 3186 Patris,
857 3112 966 3173 idcireo
996 3112 1207 3173 convenienter
1229 3111 1283 3171 ad-

72 3211 173 3273 modum
202 3213 269 3292 ipso
302 3220 349 3273 est
377 3213 426 3291 qui
454 3213 678 3291 exspectabatur
700 3214 854 3286 Christus,
885 3197 975 3293 ‘quem
997 3212 1085 3274 Pater
1112 3211 1283 3273 bominibus

73 3313 291 3387 praenunciavit,
314 3332 381 3375 orm
403 3332 469 3375 eum
494 3315 604 3376 sanctis
628 3314 691 3375 suis
715 3315 872 3394 Prophetis
895 3314 1053 3386 revelaret,
1085 3323 1117 3375 ut
1138 3312 1371 3391 quemad-raca.

71 3415 173 3477 nodum
194 3435 251 3496 per
278 3416 377 3495 ipsum
399 3415 467 3476 iacti
490 3417 616 3489 l'uimus,
649 3416 689 3477 ita
717 3417 848 3478 omnium
876 3424 1064 3496 peecatorum
1087 3415 1230 3475 redemtio
1253 3414 1284 3475 in

71 3518 207 3592 eederet,
231 3517 389 3596 omniaque
412 3517 476 3579 eius
500 3517 698 3579 subderentur
720 3517 856 3598 imperio.
901 3517 981 3578 Haeo
995 3534 1084 3579 causa
1107 3524 1163 3590 est,
1187 3534 1239 3599 eur
1253 3515 1303 3610 in·

67 3693 149 3751 ἑαυτὸν
167 3696 289 3768 ἁγιάζει,
315 3694 347 3751 ἵν’
368 3697 445 3769 ἡμεῖς
461 3698 643 3768 ἃγιασθώμεν
728 3707 744 3753 i.
765 3704 1018 3766 stcSeguermueg.
1055 3703 1082 3752 in
1100 3701 1155 3751 aiiis
1174 3711 1197 3751 et
1215 3701 1287 3751 editio

65 3761 183 3836 bodrqi
209 3773 416 3832 babentSeguer.
434 3775 525 3834 Angiic.
545 3773 642 3824 Goblor.
694 3768 741 3820 καί
758 3773 833 3822 deest.
870 3772 944 3821 Paulo
963 3770 1175 3835 postrenmo.
1193 3782 1287 3833 γεννη-

64 3840 197 3888 ctieiekm.
220 3840 241 3888 i.
262 3839 538 3904 legeratqueb'annius3
557 3842 645 3892 desunt
695 3839 759 3889 τῶν.
796 3841 855 3889 ibid.
881 3841 980 3902 Seguer.
1006 3838 1126 3900 anglicae.
1147 3838 1244 3888 Gobier.
1264 3844 1287 3886 et

62 3904 208 3958 icoeteriset
221 3907 300 3957 editis.
320 3906 379 3957 ibid.
391 3908 492 3970 Sequor.
503 3910 560 3970 iieq.
571 3909 643 3959 Basii.
695 3909 801 3957 Feiektn.
822 3908 843 3956 i.
864 3898 912 3974 cire
930 3892 964 3966 ἦν
981 3897 1146 3963 ἀξιόπιστος.
1175 3905 1253 3954 Ceteri
1263 3910 1288 3954 et

61 3973 140 4037 duplic.
167 3984 191 4025 et
210 3975 317 4025 Feicbm.
332 3974 356 4025 5.
374 3976 561 4040 προκεῖσθαι,
599 3977 645 4027 dlii
696 3977 753 4025 editi
773 3965 821 4022 oria
838 3967 915 4022 ἔστιν
933 3967 1099 4030 ἀξιόπιστος.

59 4045 147 4094 crediti
166 4043 340 4110 προκεῖσθαι,
374 4043 644 4107 barbarismorum.
730 4060 751 4104 g.
771 4047 871 4104 Seguer.
889 4027 927 4094 εἷς
943 4041 1000 4090 τῶν
1017 4035 1288 4090 admonitoriam
1374 4066 1375 4069 =

57 4104 120 4166 octe,
142 4103 242 4164 decdo
260 4123 319 4160 coo.
340 4112 372 4168 ln
391 4111 445 4160 aiiis
464 4120 488 4162 et
498 4113 568 4162 editis
578 4113 648 4162 deest
697 4103 762 4164 θεός
779 4102 846 4165 ἔστι,
866 4109 933 4159 θεοῦ
951 4103 1009 4163 oc‘de
1027 4101 1073 4158 ὤν.
1109 4109 1173 4158 Editi
1197 4115 1220 4156 et
1246 4105 1287 4155 aiii

56 4169 149 4232 ὅθιὸς
166 4176 226 4228 cdo.
697 4171 762 4232 θεός
779 4172 847 4234 ἐστι,
866 4172 912 4227 καὶ
929 4176 997 4226 θεοῦ
1015 4187 1061 4228 etc.

81 4250 102 4297 d.
122 4248 223 4298 Gobier.
243 4256 267 4297 et
285 4246 393 4297 Feicirm.
414 4245 437 4296 1.
454 4237 605 4310 ederacee.
733 4248 755 4295 h.
774 4248 875 4309 Sequor.
893 4247 984 4309 duplic.
1004 4247 1102 4297 Gobier.
1115 4241 1252 4293 eti'eiobm.
1264 4239 1290 4294 1.

82 4331 102 4363 e.
127 4316 169 4365 Sia
193 4318 295 4378 Sequor.
322 4323 345 4365 et
364 4314 422 4377 ch.
458 4316 646 4366 acceptaret
693 4308 817 4380 χριστός.
853 4316 896 4365 biii
923 4325 946 4364 et
964 4315 1020 4364 editi
1038 4307 1137 4379 accipter.
1172 4310 1224 4359 idox
1242 4309 1288 4358 Se·
1391 4340 1399 4346 -

53 4383 153 4433 ieiekm.
167 4385 187 4433 1.
208 4379 275 4438 θεὸς
293 4373 311 4443 ἢ
328 4398 375 4449 pro
394 4376 459 4436 eabe
476 4371 507 4433 ei.
546 4383 609 4433 Editi
623 4391 647 4434 et
698 4384 804 4443 guerian.
825 4374 996 4448 ἀπαγγέλλει,
1017 4391 1042 4431 ut
1060 4390 1083 4431 et
1096 4378 1203 4430 Naeuius
1221 4376 1288 4440 legit.

52 4452 88 4501 atii
105 4440 129 4500 ei
147 4455 270 4504 omittunt
698 4450 776 4500 Ceteri
796 4458 820 4501 et
837 4452 894 4501 editi
914 4442 1059 4500 ἀπέστειλε.
