2948 5092
991 199 998 228 Ι

427 262 534 308 orario
550 263 592 307 nr.
609 262 724 307 course
737 264 873 309 ouranos.
1197 250 1262 313 ott·
1296 320 1300 327 ,

102 418 135 480 ei
157 416 229 478 olim
251 414 474 494 obstrepebant,
497 433 563 475 oum
578 415 651 476 baec
664 414 808 490 viderent,
830 433 904 494 quae
920 434 999 477 nunc
1013 417 1112 480 Ariani
1128 418 1258 498 legenter
1269 439 1344 483 eurr.

102 528 140 581 nt
161 519 300 591 credere,
331 515 384 578 sed
413 517 448 577 ad
476 515 674 596 blasphemias
697 515 809 596 delapsi
833 525 911 578 eunt.
956 517 987 578 Si
1010 519 1075 598 quis
1098 521 1187 599 igitur
1207 521 1259 582 lu-

101 641 178 684 ·rum
202 616 232 682 et
252 619 427 680 brianorum
449 617 537 678 verba
559 618 638 678 inter
660 637 693 678 se
717 617 786 679 velit
807 619 960 693 conferre,
983 619 1010 680 is
1033 621 1116 683 lacilc
1138 623 1258 702 perspi·

123 723 194 785 illos
216 721 246 783 in
270 721 392 782 eandem
415 719 536 780 omnino
560 718 760 780 infidelitatem
781 718 948 794 incurrere,
972 740 1133 802 paremque
1155 741 1261 785 eorum

105 832 218 887 etatem
241 831 271 884 et
292 822 440 883 audaciam
465 839 499 882 ac
519 838 706 881 communem
733 820 791 883 illis
820 830 920 883 contra
950 840 1006 883 nos
1029 843 1098 885 esse
1121 843 1259 905 pugnam.

101 926 215 990 lludai
237 924 355 1004 quidem
377 923 507 985 aiebant:
546 922 626 997 „Qui
656 923 719 985 ficri
746 928 846 1002 potest
866 931 900 987 ιιι
921 924 985 998 illc,
1016 926 1067 1005 qui
1088 927 1179 988 homo
1202 936 1259 1000 est,

103 1048 143 1090 us
166 1025 252 1089 snr‘
274 1026 373 1087 Ariani
395 1043 482 1085 vero:
504 1024 559 1098 „Si
581 1025 660 1086 Deus
684 1043 770 1089 verus
793 1032 842 1087 est
860 1043 897 1087 ex
917 1025 990 1101 lleo,
1013 1046 1072 1107 quo
1093 1041 1178 1108 pacto
1201 1048 1260 1110 po-

101 1133 121 1191 lt
144 1129 208 1191 lieri
230 1125 372 1189 bomo?“
394 1126 495 1188 ludaei
517 1134 668 1207 praeterea
684 1125 853 1188 scandalum
868 1127 1055 1207 patiebantur
1069 1130 1260 1194 huiusmodi·

114 1229 327 1293 cavillabantur
348 1228 462 1290 verbis:
496 1228 555 1300 „Si
576 1227 668 1289 Filius
691 1227 744 1289 llci
766 1237 844 1290 esset
865 1229 937 1301 istc,
955 1248 1077 1295 ta'uoem
1099 1251 1159 1294 nou
1183 1233 1259 1296 tole-

101 1338 196 1394 sset“
247 1331 290 1392 Ex
321 1331 441 1392 adversa
474 1338 570 1390 autem
606 1339 690 1409 parte
722 1329 822 1391 Ariani
857 1332 930 1393 baec
965 1350 1021 1395 noe
1057 1333 1259 1416 interrogant:
1307 1380 1310 1387 ι

101 1453 166 1495 nare
195 1452 366 1495 asseverare
399 1432 530 1504 audetis,
563 1430 645 1513 illum
677 1432 831 1512 proprium
858 1443 979 1496 naturae
1007 1435 1104 1499 Patris
1134 1440 1261 1502 Verbum

103 1556 151 1611 se,
174 1537 225 1616 qui
248 1556 375 1616 corpus,
399 1535 476 1615 quod
500 1533 559 1614 pati
582 1534 695 1613 possit,
719 1533 852 1596 habet?“
886 1536 987 1598 ludaei
1008 1538 1080 1600 item
1102 1540 1261 1603 Dominum

101 1640 202 1701 andum
225 1638 413 1718 quaerebant,
424 1635 515 1726 ,quod
538 1636 631 1696 Deum
653 1655 741 1697 suum
763 1655 831 1698 esse
852 1645 967 1717 patrem
989 1640 1100 1702 diceret
1121 1644 1207 1725 eique
1228 1663 1262 1706 se

101 1761 140 1803 em
167 1744 295 1812 laceret,
326 1754 392 1801 eum
415 1757 448 1799 se
471 1757 504 1799 ca
527 1757 629 1817 agere,
658 1757 733 1817 quae
754 1737 802 1800 ille
829 1740 903 1819 agit,
937 1749 1107 1805 testaretur.
1151 1742 1263 1809 Eadem

101 1862 157 1923 uuo
179 1852 226 1905 est
247 1842 422 1903 Asianorum
445 1840 595 1912 doctrina,
626 1838 707 1900 illum
730 1859 836 1921 nempe
858 1859 954 1922 neque
975 1860 1077 1922 parem
1098 1862 1168 1908 osse
1187 1845 1263 1922 Deo,

101 1964 137 2023 luc
157 1945 251 2007 licum
279 1944 433 2023 proprium
455 1962 489 2003 ac
510 1941 673 2003 naturalem
695 1942 783 2004 Verbi
813 1953 927 2022 patrem
955 1963 1041 2020 eesc;
1074 1948 1146 2027 qrriu
1173 1949 1264 2013 etiam

101 2066 126 2121 s,
151 2048 201 2128 qui
228 2048 268 2108 ita
297 2046 444 2119 sentiunt,
477 2045 513 2105 ad
536 2062 639 2105 necem
660 2044 846 2124 perquirunt.
892 2046 1019 2127 iusuper
1041 2048 1067 2109 is
1089 2057 1154 2111 erat
1175 2048 1265 2113 ctiam

103 2167 214 2210 acorum
238 2166 354 2210 sermo:
383 2147 490 2209 Nonne
513 2147 559 2208 bie
581 2157 627 2208 est
649 2146 745 2208 Filius
767 2146 884 2229 loseph,
908 2153 994 2212 cutus
1016 2169 1072 2212 nos
1091 2161 1213 2231 putrem
1234 2165 1265 2217 et

101 2262 165 2314 trem
186 2248 351 2313 nouimus?
388 2250 543 2322 Quomodo
566 2252 660 2328 ipr‘tur
683 2251 768 2319 llicit,
788 2255 970 2331 priusquam
992 2252 1144 2314 Abrabam
1164 2255 1262 2334 fieret,

101 2371 190 2429 osum,
214 2362 244 2413 et
268 2353 301 2413 de
325 2350 407 2412 coelo
430 2349 593 2412 descendi?
615 2350 730 2410 ludaeis
754 2351 943 2413 consentiunt
964 2353 1075 2426 Ariani,
1097 2364 1184 2434 atque
1207 2356 1263 2417 ista

101 2453 151 2516 iter
172 2456 343 2515 decantant:
368 2453 449 2526 „Qui
473 2452 538 2512 fieri
561 2461 670 2531 potest,
694 2460 727 2513 ut
749 2453 797 2514 ille
822 2454 861 2514 sit
881 2454 1010 2515 Verbum
1032 2455 1078 2516 vel
1100 2455 1189 2530 Deus,
1212 2457 1263 2536 qui

101 2558 177 2618 ormit
200 2565 230 2617 ut
253 2556 360 2628 homo,
394 2554 442 2633 qui
471 2555 522 2614 llet
544 2563 573 2615 et
594 2552 807 2632 interrogatl“
842 2554 959 2617 Scilicet
980 2556 1097 2635 utrique
1119 2555 1263 2619 humanas

101 2669 162 2735 pter
190 2657 376 2727 allectioneS,
412 2655 518 2734 quibus
552 2674 607 2734 pro
630 2654 744 2728 carme,
778 2674 865 2735 quam
893 2656 1004 2728 induit,
1037 2657 1208 2720 conditione
1229 2677 1350 2724 sensas.

101 2759 167 2821 eiecit
190 2759 334 2831 Salvator,
358 2757 445 2818 Verbi
469 2757 733 2836 proprietatem-ct
754 2757 935 2819 divinitatem
959 2758 1104 2820 reiiciunt.

128 2866 176 2927 28.
221 2862 294 2921 Cum
324 2860 414 2938 igitur
442 2860 530 2920 stulta
560 2858 864 2955 eiusnrodilldoctrina
883 2867 955 2949 'tota
978 2861 1018 2921 sit
1039 2860 1154 2923 ludalca
1176 2870 1265 2943 atque

107 2964 250 3042 proditore
274 2962 343 3022 luda
367 2970 478 3034 exorta,
503 2961 547 3022 vel
569 2980 640 3039 ergo
664 2952 823 3040 palemllli
843 2961 1006 3034 fateantur,
1029 2981 1062 3023 se
1086 2963 1213 3042 Caiphae
1236 2972 1267 3024 ct

101 3067 167 3127 rodis
190 3065 354 3144 discipulos
378 3084 456 3133 esse,
480 3083 535 3124 ncc
556 3063 736 3124 Iudaismum
758 3061 978 3125 Christianismi
1001 3064 1085 3125 titulo
1108 3065 1265 3139 occultent,

101 3161 106 3221 l
123 3185 296 3246 corporeum
313 3165 473 3226 Salvatoris
496 3166 652 3226 adventum
675 3165 807 3244 penitus,
829 3174 863 3226 ut
879 3165 1123 3244 supradiximus,
1146 3175 1264 3246 negent,

107 3269 174 3330 onim
198 3278 246 3330 est
266 3267 386 3347 propria
409 3268 527 3327 illorum
550 3268 683 3328 haeresis
707 3267 869 3340 sententia,
899 3267 945 3327 vel
974 3267 1017 3340 si,
1047 3275 1107 3328 tum
1132 3276 1164 3329 ut
1184 3268 1267 3331 Con·
1319 3302 1324 3323 ι

102 3371 153 3430 otio
176 3389 237 3432 non
259 3369 446 3448 displiceant,
472 3382 531 3431 tum
555 3370 673 3430 illorum
695 3370 803 3449 gratia,
826 3388 902 3448 quos
925 3369 1115 3449 deceperunt,
1138 3370 1266 3432 ludaeo-

101 3475 205 3534 uritus
227 3472 323 3553 palam
353 3472 486 3551 amplecti
518 3482 547 3534 et
575 3472 743 3534 circumcidi
776 3491 835 3534 non
869 3471 993 3546 audent,
1027 3469 1164 3533 desinant
1196 3490 1266 3552 ergo

101 3636 142 3672 uer.
158 3621 203 3673 καὶ
220 3620 283 3677 τοὺς
300 3623 395 3671 ταῦτα.
435 3626 512 3676 Ceteri
531 3635 554 3675 ct
572 3626 629 3675 editi
681 3620 730 3684 τὴν
749 3618 872 3684 ἰδιότητα
887 3619 1077 3684 καὶθιόιηια.
1105 3626 1149 3675 liii
1168 3634 1192 3674 et
1210 3625 1268 3675 editi

112 3689 166 3747 τοὺς
184 3688 216 3742 ιὰ
235 3691 357 3741 τοιαῦτα.
681 3689 730 3752 τὴν
748 3686 891 3752 electrum
907 3688 954 3742 arel
970 3687 1097 3753 deitato.

101 3772 108 3803 2
122 3762 154 3812 Sic
173 3765 228 3826 neg.
247 3764 267 3810 l.
286 3763 386 3822 Segner.
405 3761 503 3810 Goblcr.
522 3760 627 3810 Felclm.
715 3764 736 3811 Ιι.
755 3763 810 3823 lieg.
829 3761 852 3811 2.
871 3770 895 3811 et
912 3762 1065 3811 Felcltmanni
1081 3760 1104 3809 2.
1124 3775 1177 3810 cum
1197 3761 1268 3810 editis

104 3828 202 3879 ltllesil.
222 3832 311 3890 duplic.
331 3830 435 3878 feletem.
455 3829 477 3877 5.
497 3837 520 3877 et
538 3826 628 3890 κοιλ.
677 3821 825 3887 Ἰουδαϊκῆς
842 3821 869 3876 ἐκ
888 3828 944 3876 τοῦ.
979 3829 1058 3880 Ceteri
1082 3844 1140 3877 mss.
1156 3820 1269 3874 ’leudei-

103 3890 242 3957 o‘lecoec
269 3890 282 3944 ὁ
310 3889 368 3949 υἱὸς
391 3888 502 3960 Ἰωσήφ.
536 3895 582 3945 etti
606 3904 630 3945 et
679 3889 910 3956 κῆςτῆςέκτοῦ.
948 3896 1076 3959 lbidlleg.
1098 3899 1118 3945 l.
1139 3899 1267 3957 etSeguer.

101 3962 109 4007 ι
127 3957 196 4015 ἐστιν
220 3959 234 4013 ὁ
259 3959 317 4018 υἱὸς
331 3957 442 4028 Ἰωσήφ.
482 3963 555 4013 Paulo
574 3971 631 4027 post
680 3956 807 4025 recedens
823 3956 976 4031 παρανοίας
993 3966 1033 4014 nbi
1051 3965 1122 4016 Gobl.
1133 3964 1267 4013 etFelclm.

101 4041 109 4076 ’.
125 4033 143 4082 l.
158 4044 182 4085 et
200 4037 272 4095 Secu.
295 4032 354 4086 πῶς
371 4031 420 4081 νῦν
437 4028 514 4095 λέγει.
550 4030 630 4082 Ceteri
683 4034 704 4082 l.
722 4026 877 4097 παροινίας,
897 4032 938 4083 alli
951 4033 1042 4083 crediti
1058 4032 1240 4097 παρανομίας.

101 4099 142 4148 ιιιιί
157 4101 215 4155 πῶς
233 4088 283 4149 οὖν
298 4096 376 4165 λέγει.
453 4143 458 4154 ,
715 4098 731 4148 Ι.
755 4102 797 4149 ste
821 4101 876 4161 lleg.
902 4100 926 4152 1.
950 4110 974 4151 et
998 4101 1096 4161 Sepuer.
1133 4100 1161 4148 li
1185 4099 1225 4148 alii
1245 4106 1269 4148 et

101 4166 163 4217 ruat
181 4162 262 4218 αὐτοί
278 4170 346 4219 abest
365 4170 461 4217 abasil.
498 4167 628 4225 lbidlleg.
682 4169 738 4217 editi
755 4160 881 4233 καθάπερ
905 4160 951 4217 καὶ
972 4161 1132 4233 ἔμπροσθεν
1148 4158 1267 4230 εἴπομεν.

101 4231 183 4298 lerum.
203 4241 302 4290 Gobler.
322 4238 499 4286 reluctant.
519 4228 629 4284 ἐπακιύ-
716 4251 747 4285 m.
766 4236 905 4289 Gobleriuu.
923 4244 948 4286 et
965 4236 1069 4286 lelclrn.
1090 4235 1112 4284 l.
1131 4225 1265 4296 ἀσέβειαν,

101 4309 133 4350 Vr·
166 4306 213 4357 ulit
231 4315 254 4357 et
272 4308 328 4355 editi
347 4299 585 4353 ἐπακολουθοῦσιν.
681 4305 752 4354 male.
787 4304 847 4354 lbid.
870 4306 895 4355 lu
918 4305 1025 4364 margine
1042 4303 1148 4353 Felckm.
1167 4302 1190 4351 2.
1210 4304 1269 4351 baec

101 4374 156 4424 ¹Sic
180 4376 236 4437 ηις.
257 4375 279 4423 l.
304 4382 328 4424 et
351 4375 489 4434 Segnerian.
525 4373 551 4420 ln
576 4371 629 4421 aliis
682 4373 783 4421 babetur
808 4380 878 4422 note:
910 4364 1003 4419 σκόπει
1026 4368 1084 4423 πῶς
1109 4361 1196 4421 ἆδέως
1219 4367 1268 4417 τοῦ

101 4449 127 4489 tu
147 4452 171 4495 ct
193 4445 263 4492 editis
287 4442 356 4491 deest
377 4432 441 4507 γάρ.
477 4441 550 4488 Paulo
575 4448 631 4504 post
683 4436 878 4488 Κωνσταντίιυ
895 4434 1031 4506 μέμνηται
1049 4430 1064 4485 d
1081 4432 1180 4503 πατήρ.
1217 4439 1272 4488 Vide

101 4520 108 4554 ι
124 4509 143 4560 1.
166 4511 306 4574 Soguerlau.
325 4508 423 4561 Gobler.
440 4514 465 4559 et
482 4509 586 4558 Velclrm.
607 4509 630 4558 l.
682 4524 750 4573 quom
768 4524 847 4560 recurre
865 4508 993 4560 Contentii
1008 4508 1110 4559 remisit
1127 4508 1201 4559 Peter.
