2948 5092
463 273 609 315 nrrsrouu
625 273 644 314 ι.
661 274 696 315 to
713 273 909 318 susurrones.
1239 272 1300 336 727

67 434 221 502 unguntur
241 444 275 486 ac
297 423 333 484 de
357 422 495 483 omnibus
519 423 671 483 docentur.
716 424 746 484 Si
770 425 859 502 igitur
880 426 1008 506 Spiritus
1031 432 1130 493 unctio
1154 434 1217 496 sive
1239 447 1385 499 un·r.or2.

12 608 15 612 Ι
67 536 212 606 guentum
235 535 264 586 et
287 525 415 604 sigilium
439 533 492 597 est,
517 525 546 584 in
570 544 628 603 quo
653 526 751 585 omnia
774 527 857 605 ungit
880 537 910 588 et
932 532 1029 609 signat
1045 527 1183 609 Verbu'm,
1207 557 1298 615 quae-

66 647 138 689 nam
162 627 324 688 similitudo
348 635 377 687 et
399 626 606 686 convenientia
627 628 769 706 unguenti
793 636 823 688 et
845 629 930 708 sigilii
955 651 1024 693 esse
1047 645 1145 714 potest
1168 656 1234 698 cum
1252 639 1299 702 his

64 722 170 802 reh'us,
194 748 268 808 quae
292 737 439 825 unguntur
462 737 491 788 et
513 726 690 805 signantur?
719 729 827 808 Nequit
848 732 974 809 proinde
996 735 1060 796 fieri
1083 746 1115 797 ut
1139 738 1203 817 ipse
1222 741 1300 802 inter

65 850 120 892 res
142 849 247 891 omnes
269 838 453 890 numeretur.
498 828 558 889 Nec
580 829 658 890 enim
682 830 788 908 aliquis
811 850 846 892 ex
870 832 927 905 his,
950 835 999 912 qui
1023 837 1187 916 signantur,
1215 842 1298 921 sigil-

65 932 129 994 lum
151 933 215 1011 ipse
238 932 382 995 dicendus
405 930 465 1002 sit,
482 949 537 991 nec
559 930 695 993 similiter
717 932 822 1012 aliquis
847 952 880 994 ex
904 934 960 1009 his,
984 937 1033 1015 qui
1057 949 1217 1018 unguntur,
1239 961 1298 1003 un-

64 1042 211 1114 guentum
234 1033 310 1094 idem
335 1031 399 1092 erit.
444 1031 503 1093 Sed
526 1031 555 1091 id
578 1034 732 1112 proprium
755 1043 800 1095 est
821 1037 958 1113 ungentis
982 1046 1012 1098 et
1034 1040 1178 1118 signantis
1200 1042 1298 1104 Verbi.

63 1135 259 1213 Unguentum
280 1133 399 1212 quidem
421 1135 560 1211 ungentis
583 1135 758 1196 suavitatem
781 1144 811 1197 et
833 1137 956 1199 odorem
979 1141 1096 1215 retinet,
1120 1142 1204 1203 cuius
1226 1161 1297 1222 par-

65 1238 173 1316 ticipes
196 1237 263 1297 iacti
286 1237 336 1314 qui
359 1244 510 1314 unguntur
530 1236 646 1297 dicunt:
681 1238 797 1299 Christi
828 1240 924 1301 donus
948 1243 1025 1303 odor
1047 1262 1162 1305 sumus.
1206 1244 1297 1323 Sigil-
1381 1299 1389 1307 .

63 1339 129 1402 lum
152 1357 222 1400 vero
245 1338 388 1416 signantis
412 1337 522 1398 Christi
545 1338 671 1416 effigiem
693 1349 807 1412 servat,
842 1341 925 1407 cuias
954 1343 1003 1421 qui
1027 1344 1182 1422 signantur
1202 1346 1297 1424 parti·

34 1528 40 1539 ι
65 1441 151 1521 cipes
175 1440 270 1500 effecti
293 1439 328 1498 ad
352 1440 417 1500 ean'r
440 1441 671 1514 conformantur,
694 1448 728 1502 ut
750 1441 789 1502 ait
807 1442 984 1521 Apostolus:
1010 1445 1113 1507 Filioli
1132 1450 1198 1518 mei,
1222 1465 1298 1528 quos
1383 1426 1394 1449 ⁰

63 1546 180 1605 iterum
199 1546 355 1621 parturio,
380 1543 470 1602 donec
492 1543 649 1620 formetur
665 1542 805 1604 Christus
821 1547 854 1604 in
876 1547 970 1607 nobie
1015 1546 1079 1608 Hoc
1094 1555 1191 1609 autem
1207 1548 1296 1609 modo

64 1642 176 1722 signati
197 1642 408 1703 convenienter
429 1642 544 1704 divinae
566 1652 688 1704 naturae
711 1653 868 1706 consortes
891 1647 1052 1721 reddimur,
1076 1649 1119 1709 uti
1136 1648 1223 1709 docet
1237 1649 1296 1711 Pe-

63 1754 141 1817 trus,
165 1744 312 1823 atque'ita
334 1743 491 1804 universae
519 1763 569 1805 res
591 1752 705 1805 creatae
728 1746 813 1806 Verbi
838 1745 868 1807 in
890 1746 1001 1826 Spiritu
1030 1750 1105 1810 fiunt
1126 1750 1296 1829 participes.

153 1848 205 1908 24.
251 1844 362 1905 Omnes
386 1845 521 1906 similiter
543 1865 598 1924 per
620 1845 771 1932 Spiritum,
790 1847 843 1907 nei
874 1848 1033 1928 participes
1056 1848 1189 1912 dicimur.
1235 1850 1298 1913 Ne-

63 1951 168 2018 scitis,
198 1947 306 2025 inquit,
335 1951 405 2026 puio
429 1947 570 2025 templum
590 1947 649 2008 θα·
669 1952 741 2022 estis
764 1959 792 2009 et
814 1946 949 2028 Spiritus
973 1949 1032 2011 Dei
1051 1951 1166 2013 dabitat
1186 1955 1220 2012 itt
1242 1970 1298 2013 vo-

64 2046 139 2113 tier
182 2047 217 2109 Si
246 2052 311 2128 puis
335 2048 477 2126 temptum
499 2048 558 2109 Dei
578 2048 753 2119 violaverit,
785 2050 936 2128 disperdet
963 2050 1051 2111 illum
1073 2051 1166 2114 Beue.
1214 2051 1297 2114 Tem-
1349 2119 1355 2123 ,

62 2151 153 2231 plum
175 2155 252 2210 enim
275 2149 332 2211 Dei
351 2161 489 2210 carectum
512 2161 563 2218 est,
587 2151 758 2230 prodestis
781 2168 846 2210 vos.
891 2149 949 2209 Sed
973 2151 999 2211 si
1022 2151 1152 2230 Spiritus
1175 2160 1295 2214 sanctus

63 2269 117 2313 res
140 2261 236 2316 creata
259 2260 357 2323 esset,
391 2250 468 2311 nulia
498 2270 569 2311 sane
592 2250 643 2310 uei
673 2250 901 2310 communicatio
931 2251 1018 2312 nobis
1048 2254 1077 2313 in
1106 2254 1173 2332 ipso
1204 2264 1296 2328 essct,

34 2339 120 2414 'sed
142 2352 186 2412 rei
209 2360 323 2413 creatae
347 2352 604 2431 coniungeremur,
627 2359 657 2422 et
676 2351 793 2412 divinae
815 2360 938 2412 naturae
960 2353 1047 2414 alieni
1068 2373 1221 2428 essemus,
1246 2367 1295 2416 ut-

63 2461 137 2534 pote
162 2453 239 2514 nuiia
273 2453 301 2512 in
324 2462 408 2531 parte
432 2453 496 2513 eius
520 2452 587 2512 facti
610 2452 778 2531 participes.
823 2451 907 2512 Nunc
935 2471 1005 2513 vero
1035 2472 1100 2514 curn
1130 2455 1239 2515 Christi
1267 2465 1298 2518 st

64 2554 121 2616 Dei
142 2554 300 2633 participes
323 2555 462 2626 dicamur,
486 2554 588 2632 utique
611 2562 736 2626 constat,
759 2562 940 2632 unguentum
958 2562 987 2615 et
1009 2555 1147 2633 sigillum,
1170 2555 1249 2634 quod
1265 2556 1296 2616 in

63 2656 154 2719 nobis
177 2666 232 2729 est,
257 2674 315 2716 non
338 2656 373 2716 ad
396 2675 495 2716 rerum
518 2658 660 2717 factarum
683 2655 735 2716 sed
758 2655 794 2715 ad
816 2654 880 2716 Filii
905 2664 1039 2717 naturam
1060 2656 1221 2736 pertinere,
1245 2656 1295 2736 qui

63 2777 124 2821 uos
147 2777 202 2837 per
223 2758 376 2836 Spiritum,
399 2758 449 2836 qui
472 2758 591 2836 inipso
615 2765 671 2832 est,
694 2756 773 2818 Patri
795 2757 957 2835 coniungit.
1002 2757 1034 2817 ld
1057 2757 1155 2837 ipsum
1171 2775 1227 2817 nos
1242 2757 1295 2817 lo-

63 2879 175 2927 annes.
202 2859 245 2920 uti
267 2878 356 2937 supra
379 2860 488 2920 dictum
512 2869 572 2931 est,
601 2859 649 2921 his
673 2859 771 2920 verbis
794 2860 896 2920 docet:
927 2859 965 2920 In
994 2860 1050 2921 doc
1079 2865 1295 2939 cognoscimus,

63 2966 137 3044 quic
159 2965 192 3022 in
213 2961 276 3023 deo
298 2981 451 3023 marcemus
475 2973 503 3023 et
526 2967 590 3042 ipse
613 2966 645 3022 in
665 2962 762 3030 nodis,
786 2965 928 3042 quoniam
951 2962 985 3022 de
998 2961 1119 3041 Spiritu
1142 2961 1296 3025 suodedit

63 3065 164 3127 nodis.
210 3063 241 3124 Si
269 3082 360 3143 porro
384 3052 513 3142 Spiritus
544 3062 810 3125 communicatione
839 3061 955 3122 divinae
983 3070 1105 3123 naturae
1135 3069 1294 3123 consortes

64 3166 221 3238 efficimur,
245 3183 332 3225 nemo
355 3174 434 3226 certe
456 3165 514 3225 nisi
538 3165 660 3225 insanus
676 3163 792 3236 dixerit,
816 3162 959 3241 Spiritum
978 3181 1039 3223 non
1054 3163 1117 3237 dei,
1139 3163 1193 3224 sed
1208 3179 1294 3224 crea-

64 3277 112 3331 tae
136 3286 205 3333 esse
228 3274 359 3327 naturae.
403 3267 464 3327 Nec
486 3266 565 3326 enim
587 3266 643 3327 alia
665 3266 701 3327 de
723 3284 812 3326 causa
834 3264 881 3338 hi,
909 3265 940 3325 in
962 3265 1069 3343 quibus
1092 3264 1142 3326 ilie
1164 3273 1224 3338 est,
1248 3263 1295 3324 nii

64 3370 244 3434 efficiuntur.
291 3368 378 3440 Quod
400 3367 425 3428 si
449 3368 522 3429 deos
546 3367 647 3441 etiicit,
677 3367 799 3428 dubium
822 3384 882 3426 non
906 3375 970 3439 est,
998 3367 1073 3444 quin
1098 3366 1161 3427 eius
1180 3373 1306 3427 natura·

64 3624 204 3677 Goblerion.
225 3631 248 3671 et
266 3623 369 3671 Feicicm.
384 3621 403 3670 l.
424 3614 497 3686 ἡμῖν.
537 3617 655 3702 iioxpir
707 3595 777 3686 ripis
806 3620 897 3686 πατρί.
935 3619 1008 3667 iidem
1036 3619 1167 3681 Angiicano
1196 3626 1294 3682 excepto

63 3708 133 3756 sequ.
153 3692 381 3751 deestinSeguer.
419 3679 653 3768 ibid.1tngiic.cdd'
707 3680 858 3737 artdante
874 3679 1002 3744 Ἰωάννης
1020 3687 1115 3735 habent.
1152 3686 1296 3746 Reg.1.et

63 3753 78 3819 ἦ
99 3756 157 3826 ἄρα
175 3770 220 3808 etc.
256 3759 299 3807 Atii
320 3766 342 3806 et
360 3759 415 3806 editi
435 3749 496 3804 ἀλλ”
508 3770 531 3805 ει
550 3751 612 3822 ἄρα.
706 3757 777 3817 Segu.
797 3747 902 3818 εἴρηται
920 3756 1032 3803 omittunt
1051 3747 1313 3831 ειΙιειὴεειιιέχροιφε.Ι

98 3860 231 3921 &mh
251 3859 388 3920 etsessw·
408 3850 499 3906 αὐτοῦ,
536 3859 654 3919 mmm
707 3824 848 3898 contenet
866 3822 970 3937 Ff¹{¹‘⁰¹'
991 3823 1013 3870 1
1032 3824 1067 3870 sic
1086 3820 1296 3937 hebept:'1wav·

65 3895 1296 4019 tmmmwmmnmwmnmm

63 3997 145 4048 Giufi
166 4004 188 4046 ⁰¹
207 3995 264 4044 “¹¹¹¹
284 4008 373 4042 Μ
707 4026 809 4074 nereum.
832 4025 855 4072 r.
874 4016 957 4076 αὐτὸς
974 3973 1003 4072 dv
1021 3994 1093 4089 epp.
1130 4023 1192 4072 sain
1210 4030 1234 4070 e
1253 4022 1294 4071 no

98 4101 115 4148 i.
135 4099 176 4147 Sic
194 4098 250 4157 fleg.
271 4097 293 4144 l.
312 4099 411 4158 Segner.
430 4096 502 4144 dosii.
521 4104 544 4144 et
562 4095 653 4155 ingiic.
706 4086 719 4140 t
738 4087 802 4144 θεὸς
820 4085 849 4140 ἐν
867 4086 940 4157 ἡμῖν.
1372 4148 1376 4157 1

63 4166 109 4216 tin
129 4175 154 4215 et
169 4165 227 4214 editi
250 4165 318 4214 artic.
342 4163 389 4222 tris
407 4166 527 4213 omittunt.
563 4164 654 4212 iontem
740 4176 761 4222 g.
783 4163 814 4209 ito
834 4161 921 4221 Regios
941 4162 962 4209 t.
983 4161 1083 4221 Segner.
1102 4158 1175 4207 Basii.
1194 4156 1295 4207 Gobier.
1343 4172 1345 4177 ’

64 4237 121 4297 fleg.
136 4233 157 4283 1.
176 4234 317 4294 Seguerian.
337 4241 360 4281 et
378 4233 449 4280 Basii.
469 4247 513 4295 pro
532 4224 561 4278 tv
579 4223 654 4293 αὐτῷ
706 4237 730 4278 et
748 4229 852 4277 Feickm.
874 4229 895 4277 1.
931 4227 971 4277 Sic
995 4236 1074 4275 autern
1098 4225 1187 4287 Angiic.
1208 4224 1294 4282 hebet:

62 4303 155 4353 habent
173 4295 203 4349 ἐν
221 4291 297 4365 αὐτῇ.
332 4301 390 4349 ltern
410 4301 465 4360 fleg.
479 4301 499 4348 l.
519 4307 542 4346 et
555 4300 655 4359 Seguer.
705 4290 751 4344 καὶ
775 4290 804 4343 ἐν
821 4287 981 4373 ἆνιξρώποις
997 4289 1118 4357 γίνεται,
1143 4285 1189 4339 καὶ
1206 4285 1236 4339 ἕν
1254 4275 1296 4344 ode

62 4385 146 4421 vocem
170 4361 326 4434 πνεύματος
349 4368 471 4416 abiiciunt.
507 4367 558 4415 Mox
584 4368 656 4415 iidem
706 4360 822 4429 γίνεται,
843 4376 919 4411 ουτοι
936 4360 1137 4411 trenorcium.
1175 4360 1252 4408 Ceteri
1272 4366 1297 4408 ct

63 4440 162 4500 et>«iteg.
175 4437 199 4486 2.
219 4437 291 4484 Basii.
312 4445 334 4483 et
352 4437 442 4495 tngiic.
462 4428 533 4500 ἡμᾶς
550 4433 588 4497 τῷ
606 4446 657 4480 πα·
708 4434 781 4483 editio
800 4432 918 4482 Commci.
940 4424 986 4476 xci
1003 4422 1032 4477 ἐν
1050 4420 1209 4491 ἀνθρώποις
1224 4421 1296 4491 yt'rs·

62 4501 116 4575 cpi.
152 4506 235 4556 ottob.
255 4502 295 4567 τῷ
311 4496 453 4569 πνεύματι,
489 4503 534 4552 Atii
558 4511 582 4551 et
600 4502 658 4551 editt
708 4513 764 4555 rat,
783 4494 829 4548 καὶ
845 4489 880 4547 δι’
900 4489 985 4546 αὐτοῦ
1002 4494 1207 4546 tornoterinse.
