2948 5092
209 228 271 294 126
609 244 1042 294 ιιαιικιειιιεοιιιεειεοοει

120 385 249 461 εισι-ἀν
277 393 328 480 εἰη
355 393 414 478 τής
442 386 559 471 οὐσίας
579 395 639 460 τού
660 392 799 479 πατρός.
843 389 897 461 ότι
916 394 977 481 γάρ
1000 389 1038 463 ού
1060 403 1182 482 κτίσμα
1203 392 1282 468 οὐδὲ
1302 407 1435 487 ποίημα

207 504 326 584 φρονεῖ
347 493 404 561 τὸν
426 491 499 561 υίόν
523 487 608 561 εἶναι
629 493 779 584 (καὶγὰρ
799 493 858 563 καὶ
878 495 912 564 ἰν
933 495 1040 584 τούτῳ
1054 498 1296 588 ταύρολήκασιν
1310 497 1433 585 αἰτόν),

206 593 313 675 σύτως
335 594 369 663 ἓν
375 598 452 719 Ητῷ
461 596 602 684 δευτέρῳ
622 597 742 717 βιβλίηι
766 603 884 717 φησίν·
908 596 964 665 ἰόν
987 599 1024 666 δέ
1044 624 1097 678 τις
1116 604 1184 668 τῶν
1206 607 1433 692 συκοφαντῶν,

206 696 322 784 ἐπειδή
343 699 410 764 τῶν
432 692 590 765 ἀπόντων
612 697 754 786 ποιητήν
775 696 833 765 τὸν
854 697 937 766 θεὸν
958 701 1012 766 καὶ
1036 701 1233 822 δημιουργὸν
1251 699 1359 785 εἰπον,
1383 707 1434 775 οἰ-

204 807 283 886 ηταί
302 825 345 883 με
366 801 502 867 καὶτοῦ
524 802 674 886 Χριστοῦ
697 794 855 885 λέγειν,
835 800 1009 868 ακουσάτω
1029 826 1095 885 μου
1116 803 1281 891 πρότερον
1303 813 1434 928 πατέρα

206 899 376 989 φήσαντος
404 895 519 981 αἰτόν,
553 890 637 969 έν
609 928 636 989 ω
657 903 713 968 καὶ
734 896 807 967 6‘
775 901 847 981 υιός
868 908 1171 990 ·προςγίγραπται
1196 906 1288 991 μετὰ
1309 906 1373 995 γὰρ
1394 908 1434 976 τὸ

206 1001 315 1070 εἰπεῖν
336 1007 468 1127 πατέρα
488 1001 631 1125 πριηνήν
653 1001 837 1091 ὲπαγήσχα
859 1005 962 1072 καί’
930 1004 1006 1073 σύτε
1019 1005 1130 1093 πατήρ
1145 997 1299 1075 gemb*
1270 1035 1318 1077 ων
1333 1033 1434 1098 ποιη-

204 1102 277 1190 τής,
312 1103 343 1172 εἰ
370 1100 490 1190 κυρίως
519 1100 537 1170 6
565 1106 722 1193 γεννήσας
743 1104 852 1192 πατήρ
876 1102 1030 1173 ἀκούσιτο
1063 1107 1134 1195 (τήν
1155 1108 1217 1195 γὰρ
1238 1109 1435 1199 πλατύτητα

204 1207 263 1290 τῆς
283 1207 342 1271 τού
363 1204 492 1293 πατρὸς
512 1213 734 1294 προςηγορίας
754 1205 790 1275 ἰν
809 1218 883 1287 τοῖς
904 1208 978 1295 έξής
999 1206 1332 1295 ιἰπεξεργασόμεθα),
1355 1210 1434 1282 σύτε

204 1304 347 1394 ποιητής
370 1301 388 1372 6
411 1305 538 1394 πατήρ,
567 1308 598 1376 εἰ
622 1307 725 1392 μόνος
747 1304 765 1375 6
785 1316 990 1397 χειροτέχνης
1011 1309 1153 1398 ποιητής
1169 1312 1322 1396 λέγοιτο·
1350 1308 1430 1402 παρ’

195 1403 331 1495 Ἕλλησι
360 1407 422 1495 γὰρ
444 1411 604 1496 ἰποιηταλ
635 1412 690 1477 καί
718 1412 785 1477 τῶν
813 1410 907 1478 ἰδίων
928 1413 1106 1480 καλοῦνται
1126 1410 1232 1498 λόγων
1253 1414 1289 1480 οἰ
1310 1421 1433 1502 σοφοί·

203 1513 257 1577 καὶ
281 1509 437 1630 ποιητής,
462 1504 480 1576 6
503 1505 691 1591 ἀπόστολος
713 1505 803 1592 εἶπε,
826 1512 973 1598 6606)-
1002 1512 1059 1580 καὶ
1079 1517 1146 1581 τῶν
1168 1510 1406 1601 έγκαρδίων
1369 1541 1432 1604 γαρ

205 1603 322 1698 ἀρετῆς
343 1606 368 1732 6
386 1618 500 1691 κακίας
521 1615 660 1700 ποιηταί
680 1618 919 1695 καθίστανται,
951 1610 996 1694 ῶς
1024 1609 1161 1682 εἶπεν“
1145 1615 1284 1695 σθεός·
1318 1617 1433 1702 ἔμεινα

203 1715 262 1778 τού
285 1716 428 1801 ποιήσαι
449 1720 566 1800 κρίσιν,
590 1712 729 1836 ἐποίησε
749 1715 787 1781 δὲ
809 1709 988 1799 homost).

288 1821 339 1882 21.
377 1812 488 1882 Ἔστιν
510 1810 687 1902 ἀληθῶς’
669 1815 830 1884 ακούοντα
850 1820 956 1883 ταῦτα
976 1819 1168 1906 μνησθῆναι
1181 1841 1241 1885 τσο
1224 1818 1317 1883 ’ίδε
1304 1823 1357 1883 ίου
1375 1817 1433 1884 λο-

202 1921 275 2000 γίου
297 1917 465 2001 λέγοντος·
489 1941 527 1982 ου
514 1905 608 1984 ίάν
632 1921 762 2006 στραφῇ
785 1912 974 2005 ”όάσεβής,
999 1913 1089 2004 ἀφαν
1091 1918 1232 1999 ί.ζεται’)
1278 1917 1404 1985 ἰόοὺ
1367 1943 1431 2038 γαρ

201 2018 363 2096 ποικίλως
384 2018 605 2106 στρεφόμενοι
626 2014 702 2086 καθ’
726 2019 864 2108 έκύστην
886 2019 919 2086 σί
941 2020 1113 2105 δυσσεβεῖς
1135 2013 1364 2107 ἀφανίζονται,
1386 2018 1432 2105 μή

203 2117 329 2201 ἔχοντες
355 2121 439 2207 μηδὲ
467 2119 514 2198 εἰς
542 2123 641 2187 τούτο
663 2121 837 2210 πρόφασιν
858 2124 937 2209 περί
959 2126 1150 2188 Διονυσίου.
1196 2123 1350 2208 φανερῶς
1370 2122 1431 2207 μὲν

203 2219 265 2306 γὰρ
288 2222 452 2300 διδάσκει,
476 2221 520 2307 μή
545 2216 631 2289 εἶναι
652 2229 783 2310 ποίημα
803 2225 814 2264 ¹
819 2223 865 2312 μή
889 2224 925 2289 δὲ
946 2228 1068 2307 κτίσμα
1088 2219 1146 2287 τὸν
1168 2220 1257 2287 υἰόν·
1281 2221 1432 2289 αἰτιᾶται

204 2320 241 2388 δὲ
273 2325 327 2388 καί
356 2322 541 2408 θεραπεύει
568 2322 646 2402 τοὺς
675 2323 913 2450 διαβάλλρντας
936 2318 1036 2389 αὐτὸν
1059 2317 1104 2400 ῶς
1126 2321 1264 2389 εἰπόντα
1287 2322 1430 2443 ποιητήν

117 2450 197 2497 m
203 2422 261 2490 τόν
283 2423 382 2505 θεόν,
413 2420 487 2491 θὸτι
512 2423 558 2510 μή
581 2425 784 2492 συνεῖδον’
754 2423 892 2492 ειπόντα
915 2420 1014 2491 αὐτόν
1024 2422 1199 2542 ,πρότερον
1220 2431 1352 2510 πατέρα
1373 2424 1431 2490 τὸν

202 2525 302 2605 θεόν,
332 2526 367 2592 ἰν
395 2515 422 2612 ᾧ
450 2528 503 2592 καὶ
528 2521 545 2591 6
567 2526 639 2605 οἰὸς
660 2532 936 2653 προςγέγραπται.
980 2528 1080 2591 τοῦτο
1103 2527 1139 2592 δὲ
1161 2526 1263 2611 λέγων
1286 2527 1432 2593 δείκνυσι

201 2625 247 2714 μή
271 2622 443 2694 εἶναιτῶν
465 2627 662 2714 ποιημάτων
684 2627 741 2694 τόν
763 2626 845 2707 υἱόν,
868 2628 951 2714 μηδὲ
967 2625 1109 2713 ποιητήν
1126 2621 1212 2693 ἀλλὰ
1225 2634 1357 2714 πατέρα
1371 2630 1430 2694 τού

203 2728 289 2802 ἰδίου
318 2728 417 2815 λόγου
446 2728 504 2795 τὸν
532 2728 616 2796 θεὸν
639 2724 732 2796 εἶναι.
777 2754 834 2796 και
824 2727 971 2815 ἐπειδή
995 2723 1216 2813 ἀσυνειδήτως
1237 2730 1326 2807 τινές
1347 2727 1432 2817 ἐπή-

200 2845 300 2916 γαγον
323 2826 428 2917 αύτῶ,
453 2827 506 2897 ότι
527 2829 670 2918 ποιητήν
693 2825 768 2897 εἶπε
788 2828 846 2896 τόν
867 2828 951 2897 θεὸν
972 2832 1032 2895 τού
1055 2833 1205 2914 Χριστοῦ
1211 2879 1221 2909 ,
1251 2829 1309 2895 διὰ
1330 2833 1430 2896 τοῦτο

201 2934 364 3011 ποικίλως
393 2927 662 3018 ἀπολογούμενός
691 2952 775 3017 φησι
802 2918 889 3017 μηδ’
907 2926 1012 3008 ούτως
1034 2929 1241 3017 ἐπιλήψιμον
1264 2925 1352 2997 εἶναι
1372 2929 1429 2998 τόν

201 3030 315 3117 λόγον·
351 3033 519 3154 εἰρηκέναι
539 3033 600 3154 γὰρ
622 3031 765 3120 ποιητήν
787 3055 872 3119 φησι
894 3030 1006 3099 διὰ
972 3057 1030 3117 την
1053 3029 1173 3117 σάρκα,
1206 3029 1246 3119 ἢν
1268 3026 1430 3118 λάνέλαβε

200 3133 334 3220 γενητήν
357 3136 459 3200 οὖσαν
480 3129 580 3220 αύτήν
603 3129 622 3200 6
644 3133 748 3219 λόγος.
784 3133 873 3201 εἰδὲ
894 3135 948 3201 καί
970 3135 1048 3219 περὶ
1070 3131 1243 3218 τοῦλόγου
1257 3157 1310 3211 τις
1328 3127 1429 3199 Ιύπο-

200 3233 318 3322 νσήσοι
349 3238 447 3301 τούτο
480 3237 652 3319 λελέχθαι,
686 3239 741 3303 καί
772 3231 878 3313 ούτως
899 3235 1044 3320 ἔπρεπεν
1067 3228 1187 3312 αύτούς
1208 3228 1429 3354 ἀφιλονείκως

201 3333 358 3403 ἀκούσαι·
387 3333 455 3415 1ίῶς
475 3335 536 3423 γὰρ
559 3333 597 3402 ού
620 3345 750 3425 ποίημα
772 3340 886 3425 φρονῶ
908 3335 966 3403 τόν
988 3334 1102 3421 λόγον,
1135 3337 1189 3403 καί
1217 3329 1256 3401 06
1284 3334 1428 3423 ποιητήν

201 3431 286 3504 ἀλλὰ
306 3443 437 3524 πατέρα
457 3437 619 3505 τὸνθεόν
642 3434 743 3505 αύτού
765 3440 858 3524 λέγω.
895 3431 955 3526 κᾷν
978 3436 1014 3516 ἐξ
1033 3435 1216 3523 ἐπιδρομῆς
1239 3436 1326 3503 εἰπω
1349 3460 1429 3503 ποι·

199 3538 280 3628 ητήν
300 3538 358 3606 τὸν
379 3539 479 3620 θεόν,
502 3540 715 3627 διηγούμενος
736 3542 814 3625 περὶ
835 3543 896 3606 τοῦ
918 3540 1008 3619 υἰού,
1030 3534 1115 3605 ἀλλά
1134 3540 1188 3604 καὶ
1212 3533 1318 3617 ούτως
1340 3533 1429 3605 ἀπο-

271 3731 295 3790 1)
313 3731 384 3781 Rom
403 3728 427 3791 2,
448 3730 488 3780 13.
507 3738 530 3780 εί
549 3731 628 3781 Iacob.
646 3730 672 3791 4,
693 3731 731 3780 ll.
802 3728 827 3790 2)
845 3730 900 3778 Εεε
919 3730 944 3791 5,
962 3729 986 3778 7.
1056 3727 1082 3790 3)
1101 3728 1168 3778 Ριον.
1190 3727 1229 3788 12,
1247 3728 1273 3778 7.

235 3866 375 3914 waurin.
395 3865 464 3916 colb
485 3866 537 3917 les.
547 3860 765 3930 προγέγραπται.
871 3865 894 3915 d.
912 3864 940 3913 In
959 3864 1056 3913 Τνυιίο.
1081 3864 1150 3914 Colb.
1168 3864 1215 3913 Ιεε.
1235 3863 1296 3913 illud
1313 3857 1427 3923 ποιηταὶ

235 3879 258 3983 6.
277 3934 318 3983 Sic
342 3934 398 3995 Βες.
424 3934 521 3983 Taurin.
546 3934 593 3982 les.
621 3942 644 3982 ιι
672 3936 704 3982 ita
730 3933 788 3995 legit
836 3925 883 3980 καί
908 3929 965 3979 τῶν
983 3924 1062 3979 ἰδίων
1080 3946 1158 3995 usquo
1175 3931 1205 3980 εδ
1224 3945 1330 3994 sequens
1349 3945 1427 3989 πσιη

201 3998 317 4050 Nunnius.
354 4001 416 4051 Εδίιί
440 3991 480 4048 ῶν
496 3997 626 4059 ποιητής,
654 4001 724 4063 Ιοοςε
748 4002 786 4050 di·
838 3993 885 4047 ταὶ
903 3997 952 4058 τῆς
968 3994 1063 4052 κακίας
1082 3999 1171 4048 omissa
1191 4006 1254 4048 sunt.

201 4082 271 4118 τεηο
295 4083 377 4118 sensu.
414 4069 496 4118 Μαι·
490 4084 513 4118 ιο
533 4069 632 4119 Τιοτίο.
651 4069 720 4119 colb
738 4068 786 4118 les
876 4082 899 4116 ε.
917 4067 1039 4116 λιιίεοΙαε
1057 4067 1150 4116 deest
1144 4081 1168 4143 ιη
1187 4066 1285 4115 Tauria.
1297 4066 1369 4116 Colh.
1380 4066 1428 4116 les

201 4128 292 4202 πατήρ
311 4137 469 4186 desideratur.
839 4135 929 4185 Ibidem
949 4136 1022 4185 haec:
1048 4125 1107 4182 ἰδού
1121 4127 1186 4211 γὰρ
1204 4128 1333 4186 ποικίλως
1351 4145 1427 4212 σερε·

238 4205 417 4254 ἀταρποί
401 4204 469 4254 Cohh
493 4203 540 4253 Ιεε.
565 4194 785 4269 ἰπεργασύμεθα.
839 4195 960 4283 φύμενοι
991 4192 1054 4249 καθ’
1082 4193 1199 4260 έκάσιην
1230 4193 1259 4249 οἰ
1287 4195 1428 4265 δυσσεβεῖς

202 4270 260 4334 λος.
274 4262 654 4350 ειεδίιίίπεξεργασόμεθα.
656 4272 707 4321 Mox
718 4271 786 4321 colb.
839 4265 1046 4335 αφανίζονται“
1041 4285 1065 4319 ιιι
1084 4271 1155 4320 editis
1172 4269 1385 4347 desiderabantur,
1394 4269 1426 4319 oh

203 4337 249 4388 les.
269 4330 331 4388 ούιε
346 4333 461 4417 ποιητής
479 4321 511 4415 σή
528 4331 619 4418 πατὴρ
638 4323 673 4397 ήν
688 4331 784 4414 μόνος.
838 4338 1021 4388 simimudinem
1039 4352 1125 4387 vocum
1144 4327 1342 4402 &witmau
1353 4326 1427 4401 ἀφα·

203 4406 301 4484 Tauria.
325 4397 388 4457 ούιε
410 4399 527 4466 ποιητὴς
543 4389 575 4455 σύ
592 4399 685 4487 πατὴρ
700 4398 787 4472 μόνος
837 4401 959 4462 νίζονται
982 4407 1088 4456 omissa:
1111 4405 1156 4456 σεδ
1182 4405 1323 4467 Ιεςοοιοε
1316 4418 1342 4454 ιο
1368 4404 1426 4465 λιες.

203 4457 245 4532 ἦν
281 4475 339 4537 neg.
358 4483 384 4526 ut
401 4475 466 4525 editi.
665 4478 674 4495 “·“
838 4474 936 4524 Tauria.
955 4473 1024 4525 colb.
1043 4472 1089 4524 Ιει
1107 4481 1133 4525 ει
1148 4472 1218 4523 Fr..1
1253 4471 1315 4522 lbid.
1325 4471 1427 4523 Taurin-
