2948 5092
129 218 167 279 ld
663 233 836 278 amariam.

126 382 247 454 uenalis,
263 382 307 443 vir
316 382 423 444 doctus
437 400 526 461 opera
539 384 638 445 omnia
649 385 872 464 apologetarum
885 403 1058 463 graecorum
1075 406 1153 484 saec.
1169 388 1206 450 ll.
1229 398 1260 451 et
1282 390 1351 453 Cle·

124 484 233 544 mentis
247 482 436 544 Alexandrini
458 494 545 563 atque
560 484 710 564 (trigenis,
732 486 802 547 item
818 486 1002 561 Tertulliani,
1025 488 1171 568 Cypriani,
1194 490 1352 565 Lactantii,

125 583 228 645 llilarii
250 603 316 645 cum
339 584 491 662 opusculis
513 586 632 648 Minucii
653 586 769 658 Felicis,
792 587 946 649 Novatiani
969 597 998 649 et
1018 588 1118 669 Optati
1133 591 1291 653 hlilevitani
1314 591 1353 655 ad

7 678 13 691 '
124 686 300 764 exemplaria
316 685 494 764 optimarum
511 687 674 748 editionum
690 688 766 767 typis
781 687 879 751 denuo
895 689 1088 752 describenda
1100 693 1222 754 curavit.
1255 694 1353 772 Atque

124 786 154 848 id
176 805 235 865 quo
257 786 383 848 consilio
405 789 509 871 lecerit
530 788 618 849 latius
639 797 774 867 patente,
807 790 873 868 ipse
901 792 931 851 in
953 792 1078 870 epistola
1100 793 1136 855 ad
1158 793 1264 855 Franc.
1287 795 1352 855 Au-

124 888 238 949 tonium
273 888 378 960 Vitale,
409 889 582 950 Tertulliani
608 889 758 968 Operibus
786 891 912 969 praehxa
947 893 1078 971 exponit.
1122 895 1228 955 losuut
1260 895 1354 974 igitur

123 1006 185 1050 non
208 989 305 1050 solum
326 989 393 1050 libri
415 990 552 1069 polemici
575 1000 637 1053 tum
659 1000 760 1052 contra
782 992 906 1070 gentiles
930 1002 960 1054 et
980 993 1124 1067 ludaeos,
1154 1004 1216 1057 tum
1245 1006 1354 1059 contra

123 1088 288 1152 haereticos
311 1100 342 1152 et
363 1091 567 1154 schismaticos
589 1091 760 1171 conscripti,
783 1093 947 1156 sedetiam
968 1103 1107 1158 tractatus
1136 1097 1172 1158 de
1198 1097 1352 1175 dogmati·

122 1188 190 1263 hus,
212 1193 347 1254 moribus
369 1193 493 1271 aliisque
514 1191 604 1254 rehus
627 1193 834 1255 ecclesiasticis
862 1205 892 1257 et
918 1198 1128 1259 commentaria
1155 1199 1185 1258 in
1215 1200 1352 1278 scriptu·

122 1309 186 1353 ram
211 1313 335 1355 sacram.
380 1293 568 1373 Nobilissima
591 1311 661 1354 vero
685 1312 774 1373 opera
788 1294 932 1373 polemico
946 1306 1063 1376 patrum
1079 1317 1253 1378 graecorum
1269 1319 1352 1364 saec.

123 1392 170 1455 lv.
195 1405 224 1456 et
246 1395 278 1455 l'.
302 1394 416 1455 ab'ista
439 1393 630 1465 collectione,
663 1413 737 1473 quae
766 1412 826 1457 nou
848 1396 983 1458 absoluta
1006 1408 1068 1473 est,
1101 1401 1219 1462 absunt
1266 1402 1352 1464 ldem

124 1496 351 1557 existimandum
373 1508 421 1556 est
442 1495 479 1556 de
500 1495 567 1556 aliia
596 1495 773 1573 quibusdam
802 1497 1024 1561 collectionibus
1057 1500 1239 1575 minorihus,
1274 1522 1352 1582 quaa

123 1597 180 1657 etsi
203 1597 233 1657 id
255 1616 315 1657 non
338 1597 367 1657 in
391 1597 489 1657 ironte
510 1616 581 1676 prae
603 1615 636 1660 se
658 1598 772 1672 lerunt,
795 1607 894 1659 tamen
916 1599 952 1661 iis
973 1602 1161 1680 potissimum
1183 1603 1353 1668 destinatae

123 1707 203 1770 sunt,
225 1697 275 1776 qui
298 1698 434 1776 dogmata
455 1698 570 1771 veteris
588 1698 729 1760 ecclesiae
752 1718 787 1761 ax
808 1709 924 1780 patrum
948 1703 1067 1781 scriptis
1097 1705 1264 1766 accuratius
1294 1725 1351 1768 co·

122 1815 268 1876 gnoscere
291 1799 419 1878 cupiant.
464 1799 553 1861 Cuius
576 1801 692 1878 generis
717 1811 788 1863 sunt
812 1803 968 1882 Opusculu
992 1816 1118 1883 patrum
1146 1805 1259 1868 selecto
1281 1826 1353 1870 cum

121 1901 303 1978 praelatione
319 1903 351 1962 A.
368 1901 495 1962 Neandri
518 1901 632 1962 duabus
654 1902 789 1981 partibus
803 1901 933 1964 Berolini
955 1923 981 1964 a.
1007 1907 1098 1970 1826.
1121 1916 1237 1985 etseq.
1262 1926 1351 1971 sum·

121 2001 201 2064 tibus
224 2002 370 2064 Francliui
393 2003 513 2076 emissa,
536 2013 566 2064 et
587 2022 663 2082 quae
685 2004 793 2066 Oxonii
816 2022 842 2064 a.
869 2006 961 2069 1840.
984 2007 1092 2068 iterum
1114 2006 1233 2067 duobus
1257 2010 1352 2072 tomis

120 2104 298 2182 prodierunt
320 2103 512 2184 Scriptorum
539 2105 808 2168 ecclesiasticorum
838 2107 984 2185 opusculo
1008 2113 1176 2187 praecepera
1204 2112 1354 2188 quaedum

122 2203 158 2266 ab
180 2205 264 2267 hlart.
286 2206 418 2286 losepho
442 2206 556 2279 houth,
587 2206 778 2268 celeberrimo
808 2207 1015 2288 heliquiurum
1038 2228 1199 2271 sacrarum
1221 2211 1351 2285 editore,

120 2307 272 2386 recognita
295 2308 435 2387 notisque
457 2307 609 2369 illustrata.
654 2308 774 2368 illorum
797 2309 827 2368 iu
850 2317 933 2387 parte
955 2308 1056 2388 priore
1085 2310 1188 2370 insunt
1208 2310 1352 2376 Clemen-

121 2407 161 2470 tis
172 2409 251 2471 Alex.
276 2410 419 2489 scriptum
441 2402 492 2484 τίς
513 2400 531 2472 ὁ
554 2401 740 2489 σωζόμενος
760 2401 941 2486 πλούσιοςς
963 2409 1089 2488 epistola
1107 2410 1144 2470 ad
1158 2410 1351 2490 Diognetum,

119 2509 275 2590 Augustini
297 2511 414 2572 libellus
438 2511 474 2572 de
497 2510 710 2571 catechizandis
733 2509 856 2570 rudibus
879 2518 966 2588 atque
989 2511 1143 2573 Tractatus
1165 2512 1214 2574 Xl.
1239 2524 1270 2575 et
1284 2515 1352 2578 Xll.

120 2611 152 2674 in
174 2631 218 2673 ev.
240 2611 379 2675 ioannis:
413 2613 580 2690 posteriore
611 2610 745 2672 eiusdem
766 2611 922 2689 Augustini
949 2611 1057 2690 scripta
1080 2612 1192 2690 aliquot
1211 2614 1249 2674 ad
1273 2635 1351 2678 con·

120 2714 296 2775 hoversiam
318 2713 504 2793 Pelagianam
525 2711 714 2792 pertinentia.
743 2711 826 2785 Quae
849 2720 968 2791 praeter
990 2712 1053 2774 illas
1075 2714 1242 2792 promissae
1266 2725 1353 2778 erant

120 2823 248 2895 mutuor
269 2825 380 2895 partes,
403 2815 497 2876 lucem
520 2833 580 2876 uon
602 2815 748 2876 viderunt.
785 2813 912 2875 Alterius
934 2822 1032 2874 autem
1055 2814 1154 2892 operis
1177 2814 1352 2881 institutum

120 2917 257 2988 maxime,
280 2935 335 2977 uec
355 2925 453 2978 tamen
477 2917 598 2978 omniuo
622 2916 657 2976 ad
679 2916 812 2977 rationes
842 2915 1022 2992 dogmaticas
1052 2922 1081 2975 et
1108 2914 1270 2993 polemicas
1298 2937 1351 2981 ao·

121 3018 340 3081 commodatum
363 3036 431 3079 esse
455 3017 577 3078 editoris
599 3015 742 3094 praelatio
765 3016 853 3077 docet
873 3024 960 3094 atque
982 3016 1046 3095 ipsa
1069 3016 1280 3095 opusculorum
1297 3037 1351 3082 se·

120 3119 192 3193 ries,
215 3138 342 3199 quorum
365 3118 506 3198 ploraque
528 3116 686 3195 dogmatici
708 3126 738 3178 et
758 3116 896 3195 polemici
919 3126 990 3177 suut
1016 3117 1191 3194 argumenti.
1230 3117 1352 3183 Etenim

120 3230 239 3302 praeter
273 3221 386 3283 lreuaei
419 3218 550 3299 regulam
588 3218 656 3279 lidei
693 3225 724 3278 et
757 3215 900 3296 epistolae
933 3217 969 3277 ad
1003 3216 1155 3279 Florinum
1193 3219 1351 3298 fragmen-

121 3329 184 3386 tum
218 3323 258 3384 ihi
293 3330 410 3384 enatam
442 3321 554 3400 scripta
588 3318 737 3398 llippolyti
774 3327 876 3379 contra
910 3317 1050 3381 haeresin
1083 3318 1187 3390 Nocti,
1228 3319 1351 3385 Tertul-

120 3422 191 3487 lieni
213 3425 249 3487 do
271 3422 506 3504 praescriptione
528 3420 761 3493 haereticorum,
795 3418 931 3498 Cypriani
963 3419 1001 3481 de
1034 3418 1183 3481 idolorum
1209 3421 1351 3498 vanitate,

120 3525 243 3591 Aruobii
265 3524 497 3604 disputationum
519 3523 660 3583 arlversus
683 3531 786 3601 gentes
807 3520 884 3582 liber
910 3519 1035 3599 primus,
1058 3519 1201 3582 Lactantii
1216 3521 1351 3599 epitome

121 3626 340 3691 institutionum
363 3626 539 3698 divinarum,
562 3623 712 3686 Athanasii
735 3620 880 3700 expositio
903 3621 981 3695 lidei,
1007 3631 1145 3701 excerpta
1168 3641 1203 3683 ex
1222 3624 1350 3701 epistola
1390 3644 1395 3655 “

122 3727 325 3809 ctnysostomi
348 3727 384 3790 ad
408 3726 577 3789 Caesarium
600 3734 686 3786 etex
709 3741 801 3803 opere
823 3722 932 3784 Gelasii
955 3721 992 3784 de
1017 3722 1131 3784 duabus
1154 3722 1264 3784 Christi
1293 3744 1350 3789 na·

122 3831 209 3903 turis,
233 3828 330 3909 Cyrilli
351 3829 433 3890 Alex.
457 3827 583 3906 epistola
605 3825 745 3905 synodica
767 3823 910 3885 adversus
931 3823 1114 3897 Nestorium,
1138 3822 1263 3886 Joanuis
1285 3826 1350 3888 An-

121 3930 249 3995 tiochuui
274 3930 399 4011 epistola
421 3929 458 3991 ad
481 3928 632 4009 Cyrillum,
671 3926 798 4006 denique
829 3923 961 4005 symbola
995 3934 1025 3986 ct
1052 3943 1181 3986 canones
1212 3927 1352 4004 priorum

122 4043 249 4116 quatuor
272 4032 464 4094 coraciliorum
487 4029 746 4091 oecumenicorum
768 4045 835 4089 cum
857 4025 1030 4087 defiuitione
1051 4025 1120 4087 fidei
1141 4035 1259 4088 asexto
1273 4046 1351 4106 pro-

121 4134 228 4217 posita.
272 4134 395 4212 lleliqun
417 4151 433 4193 a
456 4132 520 4193 viro
543 4129 717 4192 doctissimo
738 4129 769 4189 in
792 4128 925 4209 syhogen
946 4127 1024 4189 hanc
1044 4136 1162 4207 recepta
1181 4128 1291 4206 partim
1313 4130 1353 4192 ad

122 4235 219 4299 olllcia
242 4245 271 4296 ot
293 4253 391 4296 mores
408 4233 653 4304 Clrristiauorum,
677 4230 784 4310 partim
806 4230 841 4291 ad
865 4229 1068 4308 quaestionem
1090 4229 1126 4289 de
1152 4229 1271 4308 antiqua
1294 4249 1350 4294 rc-

121 4337 201 4401 muui
223 4336 368 4416 prrmsulis
386 4335 560 4397 auctoritate
577 4341 721 4413 spectant,
743 4331 822 4393 relut
836 4330 1021 4391 nobilissima
1035 4329 1196 4391 Firmiliaui
1213 4333 1352 4410 epistola.

121 4438 185 4503 Alia
206 4458 282 4521 «pue
303 4436 464 4501 multorum
483 4437 622 4499 ‚manibus
644 4454 723 4499 nunc
738 4433 843 4496 teritur
857 4432 1003 4504 collectio,
1026 4431 1211 4496 Bibliotheca
1221 4445 1353 4512 patrem
