2948 5092
453 252 598 296 nrrsrona
613 254 633 294 r.
648 254 685 296 sn
702 254 897 301 snmronnrr.
1222 249 1281 311 715

46 407 188 486 prolecto
210 424 361 485 nunquam
383 404 423 464 illi
447 403 664 482 explicaverint,
688 405 805 483 quando
828 406 894 484 ipse
914 406 1064 482 Salomon,
1088 412 1146 490 qui.
1160 414 1366 492 sapien-none.

47 498 109 569 tiae
132 508 309 570 cumulatius
331 508 387 568 tuit
409 507 555 584 particeps
579 524 667 584 quam
688 505 735 566 alii
760 525 880 580 omnes,
911 509 966 570 ista
993 512 1030 572 ab
1051 513 1173 575 homine
1196 515 1280 576 inve-

47 609 108 670 niri
132 628 193 670 non
215 627 307 688 posse
329 607 513 687 perspiciens
537 607 592 667 ait:
623 607 661 668 Et
690 611 807 688 quidem
834 615 1013 672 uniuersum
1041 614 1174 676 seculum
1203 618 1283 679 dedit

45 716 82 772 r'n
105 711 197 772 corde
220 728 334 779 eorum,
357 720 392 770 ut
414 727 475 769 non
497 712 632 770 ircoeru’ot
648 709 733 770 tomo
751 729 834 790 opus,
858 714 937 792 qnod
958 715 1030 791 secat
1043 715 1126 777 Dens
1143 719 1179 778 od
1194 723 1281 782 initio

46 823 79 874 et
100 831 195 892 nsque
218 817 251 873 r'n
272 812 371 891 finem.
415 809 460 869 An
483 828 554 888 ergo
578 808 646 888 quia
668 809 741 871 hacc
764 812 863 872 omnia
879 831 969 873 nosse
985 828 1145 893 nequeunt,
1169 807 1279 880 idcirco

45 912 231 1001 contendept
252 931 313 973 non
336 910 487 972 existere?
530 910 635 971 Nullus
658 912 758 990 utique
782 913 895 974 dubito.
908 914 977 992 quin
1008 915 1037 976 id
1060 919 1277 994 contenderint,

45 1015 160 1094 quippe
183 1014 232 1092 qui
255 1023 384 1074 mentem
407 1013 524 1092 penitus
548 1022 717 1092 corruptam
733 1014 868 1075 habeant.
913 1016 980 1076 lure
1000 1017 1088 1094 igitur
1102 1021 1209 1080 merito
1225 1039 1278 1083 eos

43 1116 86 1176 ita
109 1115 219 1194 alloqui
242 1115 342 1176 liceat:
367 1116 391 1175 0
409 1114 491 1174 stulti
508 1120 594 1192 atque
610 1113 646 1174 ad
663 1114 761 1175 omnia
777 1115 901 1177 audaces
925 1125 955 1176 et
975 1111 1163 1197 praccipites,
1187 1140 1278 1199 quare

43 1198 109 1279 nori
132 1217 233 1297 potius
256 1226 387 1277 sanctam
410 1215 584 1276 Trinitatem
606 1216 725 1276 curiose
749 1217 871 1277 scrutari
893 1217 1041 1292 desinitis,
1064 1238 1187 1298 eamque
1210 1240 1277 1284 esse

42 1318 187 1381 duntaxat
208 1318 346 1390 creditis,
375 1301 549 1396 magistrum
573 1318 750 1394 Apostolum
772 1319 827 1378 hac
848 1317 878 1379 in
901 1338 933 1379 re
956 1318 1076 1393 imitati,
1100 1322 1183 1383 cuius
1206 1325 1278 1386 haec
1373 1389 1375 1392 Α

42 1429 119 1483 snut
141 1420 247 1481 rerba:
279 1421 407 1483 Credere
436 1424 513 1480 enim
543 1429 665 1499 oportet
689 1423 824 1498 prlmnm
846 1420 926 1492 Deo,
958 1426 1029 1502 quia
1058 1433 1102 1484 eat
1124 1433 1153 1484 et
1174 1430 1276 1504 inqua·-

41 1522 186 1584 rentibus
209 1540 240 1583 se
263 1534 475 1583 remunerator
498 1526 546 1583 sit.
590 1504 750 1582 Nec'enim
774 1520 862 1581 dixit:
885 1524 1035 1600 quomodo
1059 1532 1114 1598 est,
1139 1527 1192 1587 sed
1209 1536 1275 1588 tau·

40 1630 108 1684 tum
132 1627 202 1703 quic
224 1635 278 1686 est.
324 1623 411 1695 Quod
434 1622 459 1684 si
482 1641 537 1683 uec
558 1622 742 1700 sicquidem
765 1620 954 1697 erubescunt,
978 1625 1076 1686 dicant
1090 1646 1171 1706 ergo,
1195 1647 1271 1707 quo·
1358 1656 1359 1659 ¹

39 1724 135 1786 modo
158 1727 199 1785 sit
218 1726 317 1798 Pater,
340 1734 373 1785 nt
394 1726 451 1785 lroc
471 1733 557 1804 pacto
580 1723 710 1797 discant,
734 1725 885 1803 quomodo
907 1744 1024 1805 quoque
1045 1720 1111 1789 eius
1134 1729 1175 1789 sit
1196 1729 1359 1796 Ver-enar.

38 1825 127 1888 burn.
161 1826 243 1898 „Sed
259 1826 418 1887 absurdum
442 1836 498 1898 est,
522 1825 665 1903 inquient,
688 1825 761 1887 haec
775 1826 811 1887 de
826 1828 914 1888 Patre
929 1828 1110 1906 inquirere.“
1147 1830 1276 1893 Audiam

38 1926 144 2006 igitur,
167 1927 327 1989 absurdum
351 1947 467 2006 quoquc
490 1942 559 1988 esse
575 1927 659 2019 idem
682 1927 718 1989 dc
741 1911 804 1991 cius
828 1929 924 1990 l'erho
947 1931 1101 1991 sciscitari.

132 2004 208 2092 19.ὅ
226 2029 327 2108 ltaque
349 2047 415 2090 cum
439 2029 550 2090 inutilis
573 2035 603 2089 et
625 2028 733 2090 stultus
756 2031 795 2091 sit
817 2030 993 2093 huiusmodi
1016 2041 1156 2107 conatus,
1185 2053 1273 2096 nemo

37 2130 99 2194 iam
124 2131 250 2209 amplius
274 2131 310 2192 de
333 2132 379 2192 his
403 2130 590 2210 percunctari
613 2131 729 2204 audeat,
752 2133 806 2192 sed
829 2151 863 2192 ea
887 2141 1015 2207 tantum,
1038 2152 1113 2211 quae
1136 2133 1272 2214 Scriptu-
1345 2184 1349 2194 .
1428 2168 1433 2178 .

37 2233 83 2294 ris
106 2233 308 2304 continentur,
331 2233 447 2294 discere
463 2233 535 2293 satis
551 2231 687 2293 habeant.
726 2232 878 2311 Siquidem
895 2233 1017 2294 omnino
1034 2235 1184 2296 sulliciuut
1198 2256 1273 2316 quac

37 2332 71 2393 in
92 2335 170 2394 lranc
191 2353 255 2395 rem
276 2335 391 2413 profert
413 2335 556 2413 exempla.
601 2334 713 2412 Nempe
742 2334 810 2394 lons
834 2343 864 2395 et
885 2336 934 2396 lux
956 2336 1043 2396 Pater
1064 2336 1183 2398 dicitur.
1200 2365 1206 2377 ·
1225 2338 1273 2401 Me

37 2435 136 2508 enim,
166 2436 278 2515 inquit,
307 2436 534 2517 dereliquerunt
564 2437 681 2513 sontem
703 2454 798 2515 cquae
819 2441 960 2497 niventis.
1005 2436 1043 2496 Et
1063 2436 1172 2504 iterum
1195 2439 1272 2517 apud

34 2534 172 2597 Baruch:
200 2538 281 2610 Quid
303 2550 363 2608 est,
387 2536 502 2608 lsrael,
526 2538 604 2618 qnod
626 2541 659 2599 tn
682 2548 769 2599 terro
792 2541 983 2599 inimicorum
1006 2535 1063 2598 es?
1086 2538 1274 2620 dereliquisti

34 2637 156 2717 sontem
178 2644 354 2719 sapientiae.
399 2639 436 2699 Et
459 2639 621 2699 secuudum
643 2637 785 2698 loannem
806 2632 890 2700 Ilena
912 2650 1020 2700 noster
1045 2639 1100 2700 lun
1121 2653 1174 2703 est.
1219 2641 1270 2701 Fi-

34 2739 94 2802 lius
119 2759 200 2815 vero,
224 2760 290 2802 curu
305 2743 435 2801 retertur
455 2741 491 2800 ad
514 2742 638 2813 fontem,
661 2739 768 2801 dicitur
790 2740 915 2802 lluvius:
939 2740 1072 2818 Namque
1086 2742 1200 2820 flumen
1215 2741 1273 2804 Dei

33 2843 187 2923 repletum
209 2855 254 2904 est
275 2848 371 2924 oqur's.
418 2842 490 2902 Cum
513 2851 612 2902 autem
632 2841 713 2902 idem
736 2842 773 2901 ad
788 2841 884 2902 luceru
899 2843 1035 2914 retertur,
1059 2842 1201 2920 splendor·
1216 2862 1270 2922 ap-

32 2943 180 3024 pellatur,
203 2945 319 3005 dicente
340 2943 448 3004 Paulo:
483 2944 546 3016 Qui
567 2962 632 3004 cum
654 2947 695 3005 eit
717 2943 863 3024 splendor
884 2944 1000 3022 plorioe
1024 2954 1052 3005 et
1072 2945 1175 3025 liparo
1197 2947 1271 3007 sud-

33 3049 169 3108 atantr'ne
191 3049 265 3108 eins.
310 3046 383 3106 Cum
413 3063 483 3123 ergo
511 3045 598 3105 Pater
626 3043 758 3118 sitvlux‚
793 3053 823 3105 et
844 3044 935 3106 Filius
965 3045 1030 3105 cius
1061 3046 1100 3106 sit
1127 3046 1271 3125 splendor

33 3151 118 3220 (nam
141 3148 243 3208 cadem
259 3166 359 3226 saepe,
381 3146 560 3226 praesertim
577 3146 615 3206 de
629 3145 800 3207 huiusmodi
816 3146 918 3218 rebus,
941 3145 1039 3207 dicere
1055 3148 1166 3208 nemini
1182 3166 1269 3227 grave

31 3249 130 3311 rideri
153 3248 269 3326 debet),
298 3250 367 3310 licet
395 3267 513 3328 quoqne
540 3248 572 3307 iu
593 3245 668 3308 Filio
696 3248 866 3327 perspicere
888 3248 1032 3326 Spiritum
1055 3256 1204 3322 sanctum,
1236 3250 1267 3310 in

33 3369 95 3430 quo
118 3369 225 3429 nempe
247 3351 455 3411 illuminamur.
499 3349 575 3409 lliuc
597 3349 674 3437 enim
696 3350 872 3428 Apostolus:
908 3349 946 3412 Ut
968 3352 1016 3411 det
1039 3352 1138 3421 vobis,
1164 3352 1268 3430 inquit,

33 3451 189 3533 Spiritum
211 3457 376 3533 sapientiae
399 3465 427 3514 et
450 3453 645 3513 revelationis
667 3456 701 3514 tn
722 3458 874 3532 aperitione
894 3456 966 3524 eius,
990 3453 1178 3515 illuminatos
1195 3472 1265 3515 ocre-

32 3554 81 3616 loe
105 3555 218 3616 cordia.
261 3555 354 3615 Porro
375 3573 440 3615 curn
456 3553 570 3632 Spiritu
585 3552 795 3627 illuminamur,
820 3554 954 3615 Christus
978 3554 1043 3633 ipsc
1067 3566 1123 3627 est,
1146 3554 1268 3633 quinos

32 3657 64 3717 in
87 3638 139 3716 nlo
162 3655 322 3728 illuminat,
354 3667 386 3716 ut
406 3656 480 3715 hacc
501 3654 774 3725 rerbatestantur:
804 3656 882 3716 Erat
905 3653 961 3716 lna
984 3674 1072 3726 vero,
1096 3675 1170 3736 qnae
1193 3655 1267 3717 dtu-

31 3762 130 3821 na'uot
154 3776 268 3818 ornnem
292 3758 440 3818 hominem
461 3760 628 3817 venientem
650 3760 682 3818 tn
703 3758 856 3817 mnndum.
902 3754 1044 3816 Similiter
1063 3764 1096 3816 ut
1110 3757 1198 3816 Pater
1219 3762 1268 3816 est

31 3862 103 3920 lons
128 3868 159 3919 et
178 3858 269 3919 Filius
293 3859 398 3919 lluvius
428 3857 607 3936 appellatur,
639 3856 679 3917 ita
708 3856 851 3936 Spiritum
880 3855 982 3917 bibere
1011 3856 1147 3919 dicimur.
1191 3857 1264 3916 Nam

31 3961 179 4040 scriptum
193 3969 262 4019 est:
295 3959 403 4021 Omnes
427 3978 521 4019 cerrum
543 3958 693 4039 Spiritum
716 3959 850 4018 dr'be'mus.
896 3958 1009 4018 llursus
1032 3977 1098 4018 cum
1122 3958 1265 4037 Spiritum

29 4148 136 4197 Felclrm.
160 4146 180 4194 l.
217 4147 294 4194 Ceteri
313 4138 494 4196 πιστεύοντες.
709 4160 729 4193 e.
748 4144 788 4194 Sic
806 4145 927 4206 tnglican.
954 4154 977 4193 et
1002 4146 1107 4194 Graccus
1125 4146 1265 4207 Scripturas

67 4231 87 4265 c.
110 4199 158 4261 οὖν
175 4214 242 4263 abest
261 4231 272 4262 a
293 4215 347 4275 Reg.
370 4212 622 4274 1.s·eguer.dobrer.
674 4219 761 4261 texts.
790 4213 850 4261 Editi
862 4221 885 4260 et
903 4212 976 4260 ceteri
987 4199 1010 4259 el
1029 4213 1148 4261 omittunt.
1175 4211 1264 4276 ΗΘΜ.

28 4284 138 4333 Felclrm.
157 4284 177 4330 l.
196 4292 219 4330 et
239 4282 310 4330 [tasil.
674 4227 737 4343 reid
748 4281 819 4357 lpalrot
836 4268 915 4333 εἶναι,
935 4271 959 4326 ei
976 4271 1145 4342 ἐγκατέλιπες
1165 4289 1207 4329 etc.

63 4353 88 4400 d.
108 4353 148 4400 Sic
167 4349 478 4411 tteg.t.s'eguer.ttotter.
497 4356 520 4394 et
536 4347 620 4394 Felclr·
706 4348 718 4397 l
733 4360 827 4400 ὀνιος
851 4349 919 4396 deest
942 4349 965 4396 in
990 4349 1120 4409 duplicano
1154 4358 1177 4397 et
1207 4348 1262 4397 edit.

28 4420 149 4470 mannil.
179 4407 534 4465 tliiautemetoditiudaols.
562 4416 620 4463 llud.
674 4364 791 4483 Cotnel.

26 4488 86 4550 Reg.
100 4487 120 4536 l.
134 4479 198 4550 napi
208 4479 308 4533 radron
323 4483 371 4533 τοῦ
389 4479 620 4548 παραδείγματος.
707 4490 732 4621 5
749 4485 805 4546 Bag.
827 4477 960 4547 l.·⁷taepr'.
