2948 5092
336 281 484 329 merrom
496 281 536 327 nc
549 280 694 327 nmacrrs
709 280 854 327 meamne
869 280 990 328 sxnonr.
1236 272 1277 334 75

64 434 200 495 Sdratore
222 434 407 506 dictasunt,
435 432 574 506 ediderit,
602 432 652 512 qui
681 432 752 493 item
774 431 870 495 Patris
899 444 967 495 ante
991 433 1142 513 Synodum
1169 435 1278 500 iisdem
1286 451 1364 496 east.

62 536 98 597 xri
117 535 244 610 [πυτίαις
266 535 328 616 ipsi
350 544 458 608 autem,
481 534 507 596 si
530 534 631 616 utique
651 533 782 613 possint,
804 535 1014 614 respondeant,
1037 555 1165 618 quonam
1187 539 1277 601 modo

60 635 106 698 loc
125 635 318 710 vocabulum,
341 635 420 717 quod
442 634 561 714 quidem
583 618 614 695 in
636 633 785 713 Scriptura
807 653 868 695 non
891 643 1003 709 exstat,
1031 639 1210 717 repererint,
1233 640 1280 702 vel

58 756 105 817 quo
125 756 222 799 sensu
243 737 338 798 Deum
361 736 562 799 non-lactum
584 735 692 797 dicant.
737 735 889 815 Siquidem
921 738 1027 800 multas
1050 723 1120 801 huic
1142 741 1205 802 roci
1228 741 1277 801 in-

57 857 113 900 esse
135 838 371 918 significationes
394 837 500 900 audivi.
544 837 634 898 liunt
655 837 734 899 enim
756 839 944 900 non-lactum
960 840 1026 913 dici,
1050 841 1129 920 quod
1144 842 1278 903 nondum

56 941 150 1002 tuum
173 948 235 1012 est,
257 945 477 1020 potesttamen
499 938 582 1013 lieri,
603 939 685 1012 item,
708 939 786 1019 quod
809 957 865 1001 nec
883 940 993 1015 existit,
1015 959 1071 1002 nec
1091 941 1155 1003 lieri
1177 951 1279 1023 potest

55 1041 151 1103 utsit:
175 1041 279 1113 tertio,
303 1040 383 1120 quod
406 1039 506 1101 existit
527 1039 656 1118 quidem,
679 1058 734 1102 nec
750 1048 849 1101 tamen
865 1049 910 1102 est
931 1042 1050 1114 lactum,
1073 1061 1169 1122 neque
1191 1044 1277 1124 prin-

54 1144 152 1222 o'pinrn
175 1141 283 1204 babuit
303 1150 337 1202 ut
359 1149 447 1215 esset,
472 1141 525 1203 sed
548 1141 627 1220 quod
649 1150 802 1203 aeternum
826 1150 854 1203 ct
875 1141 1078 1223 incorruptum
1101 1152 1156 1205 est.
1200 1145 1277 1206 For-

54 1243 132 1305 ussis
156 1243 281 1324 quidem
302 1242 419 1322 priores
441 1243 514 1303 duas
537 1242 766 1322 significationes
789 1243 964 1316 reiecerint,
993 1243 1032 1305 ob
1054 1263 1089 1305 ea
1111 1264 1185 1324 quae
1208 1246 1278 1308 inde

54 1345 223 1425 proveniunt
246 1343 384 1405 absurda.
429 1343 460 1404 Si
482 1344 562 1416 enim
584 1344 678 1422 prima
701 1345 870 1406 admittatur
893 1345 1077 1424 significatio,
1101 1354 1181 1407 certe
1202 1365 1278 1425 quae

54 1446 100 1508 iarn
122 1449 201 1508 iacta
225 1453 310 1518 sunt,
341 1453 371 1505 et
392 1463 466 1523 quae
488 1444 698 1518 lieridebent,
728 1447 898 1507 non-iacta
921 1454 1007 1507 erunt
1028 1445 1160 1509 dicenda.
1204 1447 1278 1509 Nam

55 1547 120 1625 qnod
144 1547 184 1607 ad
207 1545 369 1607 semmam
391 1544 504 1619 attinet,
529 1564 563 1606 ea
585 1545 687 1625 utique
708 1546 802 1625 magis
825 1545 920 1608 adbuc
935 1547 991 1607 erit
1004 1546 1140 1608 absurda.
1175 1548 1279 1610 Restat

54 1648 143 1728 igitur,
163 1655 200 1709 ut
221 1647 339 1708 tertiam
361 1645 574 1725 amplectantur
595 1655 681 1726 atque
704 1665 740 1708 eo
763 1665 854 1709 sensu
874 1647 951 1707 hanc
964 1666 1065 1709 vocem
1082 1651 1278 1728 aon-sectum

55 1748 222 1827 intelligant.
266 1747 375 1808 Vemm
398 1747 513 1807 etiamsi
537 1747 566 1807 id
582 1746 719 1821 dixerint,
741 1747 934 1809 nibilominus
957 1748 1038 1827 impii
1054 1748 1180 1811 habendi
1197 1758 1277 1812 sunt.

55 1849 179 1911 bonini
202 1848 283 1927 quod
306 1847 420 1909 nullum
441 1847 530 1909 habet
551 1847 742 1926 principium,
776 1867 812 1909 ex
834 1867 893 1927 quo
915 1848 970 1923 sit,
992 1850 1132 1929 quodque
1155 1869 1209 1912 nec
1231 1852 1294 1932 las

56 1957 122 2011 rtrrn
144 1950 192 2012 rel
216 1946 357 2020 creatum,
381 1949 435 2011 sed
457 1957 610 2011 aeternum
633 1958 688 2022 est,
711 1949 740 2009 id
763 1950 950 2010 non-lactum
971 1950 1128 2029 appellent,
1151 1959 1277 2013 conten-

56 2049 174 2131 dantque
195 2050 251 2113 nei
275 2050 402 2111 Verbum
425 2050 575 2112 contrario
597 2069 632 2112 se
652 2050 763 2112 babere
784 2050 896 2123 modo,
919 2049 967 2112 cui
989 2069 1100 2129 quaeso
1123 2070 1183 2112 non
1206 2070 1276 2132 per-

57 2152 148 2231 spicua
172 2161 222 2214 est
244 2152 403 2232 impiorum
426 2150 556 2214 astutia?
600 2152 675 2226 Quis
698 2150 765 2213 illos
788 2151 828 2212 ita
849 2142 1030 2214 insanientes
1052 2152 1197 2231 lapidibus
1215 2171 1277 2214 non
1318 2134 1328 2150 ,

59 2251 175 2315 obruat?
222 2252 296 2314 Cum
319 2254 398 2314 enim
420 2253 538 2332 priores
562 2270 683 2314 suarum
705 2252 869 2314 fabularum
892 2253 1027 2327 voculas,
1057 2262 1181 2334 propter
1202 2274 1275 2334 quas
1285 2267 1362 2314 nass.

59 2353 151 2415 nerito
175 2362 248 2414 sunt
270 2353 473 2427 condemnati,
497 2354 555 2415 iam
577 2355 712 2432 prolerre
735 2352 925 2426 erubescant,
949 2354 1068 2416 easdem
1091 2369 1197 2416 rursus
1220 2355 1277 2416 alio

60 2455 138 2515 noto
169 2454 294 2515 nomine
316 2454 502 2527 non-lacti‚·
521 2463 555 2516 ut
576 2453 633 2534 ipsi
655 2454 831 2534 loquuntur,
863 2454 1027 2534 excogitato
1049 2455 1186 2534 ingerere
1209 2464 1280 2517 sunt
1330 2509 1337 2524 .

61 2555 153 2615 enati.
198 2555 272 2615 Nam
296 2555 323 2616 si
344 2555 436 2617 Filius
459 2556 537 2616 inter
557 2573 608 2615 res
630 2557 721 2618 lactas
743 2564 932 2628 numeretur,
962 2563 1041 2617 certe
1074 2557 1138 2634 ipse
1160 2577 1278 2637 quoque

62 2673 86 2714 cx
105 2655 197 2716 nihilo
222 2664 269 2716 est
290 2657 402 2729 lactus3
425 2657 450 2716 si
473 2656 543 2717 item
566 2655 742 2736 principium
766 2656 910 2718 existendi
931 2656 1029 2730 babet,
1053 2677 1125 2719 sane
1140 2674 1200 2718 non
1216 2664 1280 2719 erat

62 2765 114 2816 ate
135 2776 225 2836 quaxn
248 2757 364 2836 genitus
386 2765 449 2831 est3
477 2757 605 2836 denique
633 2758 660 2818 si
688 2765 826 2819 aeternus
854 2776 914 2818 non
945 2765 1006 2830 est,
1039 2758 1095 2818 luit
1122 2758 1278 2836 aliquando

62 2873 114 2918 orm
134 2877 196 2918 non
219 2869 310 2919 esset.

132 2960 184 3022 29.
229 2957 367 3020 Proiecto
394 2958 460 3032 illos
484 2959 523 3019 ita
546 2961 644 3020 denuo
668 2960 831 3021 sentientes
854 2978 978 3039 aequum
1001 2967 1064 3021 erat
1085 2958 1192 3021 iisdem
1214 2960 1278 3022 suis

60 3057 145 3118 verbis
171 3058 325 3138 propriam
355 3059 531 3121 sententiam
559 3059 741 3138 significare,
774 3078 836 3122 non
863 3069 961 3122 autem
983 3054 1073 3121 ¹suam
1105 3063 1277 3141 pravitatem

61 3174 119 3220 tuce
141 3160 291 3221 non-lacti
314 3160 463 3239 obtegere.
508 3161 615 3223 Verum
638 3161 668 3223 id
691 3181 778 3241 agere
801 3162 959 3223 noluemnt
980 3163 1111 3241 perversi
1128 3162 1277 3236 homines,

61 3259 102 3319 sed
121 3259 222 3322 omnia
245 3259 371 3321 subdole
393 3261 429 3321 ad
451 3263 617 3342 exemplum
646 3263 693 3324 sui
722 3262 814 3342 patris
845 3263 954 3324 diaboli
982 3266 1089 3324 leoere.
1133 3265 1170 3326 Ut
1199 3263 1277 3324 enim
1374 3251 1377 3258 ¹

58 3357 98 3421 ille
118 3361 224 3424 alienis
247 3360 368 3423 indutus
390 3363 524 3425 vestibus
547 3364 649 3425 fallere
671 3364 786 3437 nititur,
809 3363 848 3425 ita
870 3363 921 3425 isti
940 3364 1113 3427 vocabulum
1128 3364 1277 3426 non-lacti

57 3461 268 3540 excogitavere,
294 3470 328 3524 ut
358 3462 446 3542 digne
473 3464 511 3525 de
532 3463 594 3525 [leo
617 3464 698 3545 loqui
720 3465 894 3527 simulantes
918 3466 1031 3527 occulte
1053 3467 1194 3527 adversus
1214 3464 1277 3525 llo-

54 3563 159 3625 ninum
180 3564 352 3642 proferrent
371 3563 601 3645 blasphemiam,
636 3584 723 3645 quarn
750 3565 864 3629 scilicet
890 3586 957 3628 cum
986 3565 1157 3628 huiusmodi
1189 3566 1277 3627 inro-

54 3661 131 3724 luero
154 3663 220 3725 aliis
242 3664 410 3726 innuerent.
444 3666 550 3727 Verum
575 3686 642 3728 cunr
664 3668 813 3746 cognitum
836 3667 876 3729 sit
896 3669 954 3729 boc
975 3667 1092 3729 illorum
1112 3667 1278 3741 artificium,

52 3764 117 3842 quid
147 3765 206 3826 ianr
235 3764 313 3828 aliud
340 3766 398 3827 sibi
427 3767 559 3846 supersit
586 3768 797 3848 respondeant.
841 3769 1028 3843 Invenimus,
1057 3768 1193 3848 inquiunt
1220 3768 1277 3829 im-

51 3864 146 3941 probi,
168 3864 220 3945 qui
241 3865 382 3928 nimirum
404 3876 521 3946 praeter
542 3868 661 3949 priores
683 3869 915 3948 significationes
937 3870 1020 3932 aiunt
1041 3869 1071 3931 id
1089 3869 1279 3930 non-lactum

50 3981 126 4038 esse,
150 3965 231 4043 quod
253 3984 314 4027 non
336 3966 426 4028 babet
447 3969 592 4030 existendi
615 3987 734 4031 causam
757 3970 819 4031 sire
840 3978 1002 4044 auctorem,
1030 3971 1083 4031 sed
1105 3971 1202 4050 ipsum
1225 3987 1277 4030 re·

49 4063 103 4124 bus
125 4064 213 4125 iactis
235 4066 380 4128 existendi
403 4087 493 4130 causa
515 4079 570 4131 est.
612 4070 723 4150 lngrati
749 4088 822 4132 sane
842 4070 885 4132 illi
906 4090 1035 4152 roreque
1058 4071 1277 4149 Scripturarum

48 4165 189 4244 imperiti,
212 4166 263 4245 qui
283 4186 344 4228 non
368 4177 400 4230 ut
420 4169 514 4231 Deum
537 4169 695 4245 honorent,
719 4171 773 4233 sed
795 4179 827 4233 ut
842 4171 947 4233 Filium
963 4171 1123 4252 ignominia
1139 4169 1276 4239 alliciant,

47 4265 119 4325 nibil
142 4284 204 4326 non
226 4268 337 4329 iaciunt
358 4268 403 4330 rel
425 4270 535 4331 dicunt.
580 4271 722 4333 Nesciunt
736 4272 881 4347 videlicet,
904 4271 983 4351 quod
1003 4273 1053 4352 qui
1068 4272 1173 4333 Filium
1190 4285 1277 4346 sper-

78 4435 99 4466 c
120 4419 184 4480 Lege
205 4415 318 4469 τούτων.
726 4440 747 4475 c.
766 4425 807 4477 Sic
825 4424 883 4488 lleg.
919 4426 948 4475 tt
965 4423 1006 4474 alii
1024 4433 1047 4475 st
1065 4423 1122 4475 editi
1142 4411 1243 4472 αὐτοῖς.
1365 4435 1368 4443 ·

78 4486 102 4534 d.
120 4486 178 4548 lleg.
199 4479 310 4535 lemur.
