2948 5092
463 253 572 301 curro
588 254 619 297 u.
636 254 753 299 conrns
765 253 901 305 munos.
1225 247 1288 309 402

67 423 94 474 st
113 412 335 491 sumserunt
354 426 414 480 sse,
443 405 493 486 qui
517 406 595 468 idem
617 403 726 485 ubique
748 405 785 468 de
807 405 899 467 rebus
921 407 1029 468 creatis
1051 407 1177 488 loquens
1198 411 1381 485 perbonus.¹

65 513 137 592 [scit
165 510 275 585 utitur,
303 527 364 571 non
392 515 491 570 autem
519 506 569 568 ubi
592 506 629 567 de
647 504 724 591 ¹Vilio
747 506 789 569 illi
813 515 860 569 est
881 527 997 570 sermo„
1034 509 1096 571 Nec
1117 512 1196 573 enim
1219 513 1291 576 dixit

64 614 139 693 feei,
169 611 225 675 sed
251 616 344 692 omos·
371 619 400 672 et
420 614 514 690 ps'pssit
535 628 581 671 me
603 616 633 671 et
642 612 803 672 srucmes't
825 628 996 672 cormeum
1021 609 1147 674 Verium
1169 613 1288 677 ionum.

64 714 159 794 Igitur
180 714 218 775 de
239 712 331 775 rebus
353 712 460 774 creatis
489 710 617 773 dicituro
646 709 687 773 iss
714 715 868 792 principio
897 713 987 792 (eut,
1018 711 1056 774 de
1077 712 1152 776 Filio
1174 723 1289 779 autem:

64 815 100 878 is
120 818 278 897 principio
300 823 367 878 erat
392 813 526 876 Verbum.
559 813 592 874 ld
614 829 705 892 porro
728 821 775 874 est
796 813 989 887 discriminis,
1011 814 1090 893 quod
1108 834 1158 877 res
1174 825 1291 879 creatae
1355 849 1361 864 ·

64 916 118 979 sub
146 915 297 996 principio
329 922 402 980 sunt
431 916 523 977 saetae
554 914 723 995 habentque
756 914 903 976 existendi
934 915 1112 995 principium
1146 919 1290 998 temporis

65 1017 236 1081 demeum
258 1018 432 1090 intervallis,
455 1019 494 1079 ita
516 1024 549 1079 ut
570 1018 642 1079 baec
662 1015 751 1078 verba
773 1022 807 1079 ise
825 1020 981 1098 principio
995 1017 1068 1096 (ecit
1082 1018 1161 1080 idem
1176 1020 1292 1082 valeant

64 1139 97 1183 sc
117 1120 146 1181 si
168 1119 320 1183 diceretur
340 1138 360 1181 o
377 1123 530 1200 principio
553 1119 642 1198 (ent,
675 1117 920 1196 quemadmodum
942 1118 1104 1192 Dominus,
1138 1121 1189 1201 qui
1209 1121 1290 1202 qnod

64 1223 176 1284 iecerat
196 1228 280 1283 recte
294 1221 361 1300 ipse
376 1228 509 1293 noverat,
532 1220 641 1293 docuit,
664 1238 729 1310 eum
744 1219 921 1282 Pharisaeos
937 1220 984 1283 bis
998 1222 1158 1283 confutavit
1173 1222 1289 1286 verbisz

67 1323 130 1397 Qus·
149 1322 224 1385 iilos
246 1326 437 1403 opriacr'ps'o
468 1325 598 1393 creavit,
626 1320 793 1383 musculum
815 1333 843 1384 et
863 1322 1008 1401 (menore
1028 1323 1102 1402 fecit
1124 1341 1184 1386 eos.
1228 1325 1289 1387 iles

64 1423 143 1486 enim
164 1424 260 1485 iactae
280 1422 317 1484 ab
339 1421 438 1501 aliquo
459 1420 617 1501 principio,
640 1440 706 1482 oum
729 1420 883 1501 aliquando
898 1440 960 1483 non
974 1408 1087 1497 essent,
1110 1432 1140 1485 et
1154 1425 1291 1488 conditae

63 1533 136 1586 sunt
156 1533 189 1586 et
208 1530 340 1597 creatae,
369 1523 448 1603 quod
470 1523 535 1603 ipse
559 1521 689 1602 Spiritus
710 1531 830 1584 sancus
852 1523 892 1584 ita
913 1523 944 1585 in
965 1521 1093 1587 Psalmis
1116 1524 1290 1589 declaravit:

61 1624 101 1687 m
134 1636 169 1687 tu
202 1625 368 1687 secundem
396 1627 561 1705 principio,
595 1624 739 1700 Domine,
773 1636 886 1686 terrem
919 1626 1075 1704 fundasti,
1109 1627 1289 1706 etiterum:

62 1725 183 1790 dieseos
203 1737 267 1788 esto
290 1729 530 1806 soeprepuu'om's
554 1734 633 1796 tuoe,
657 1744 745 1805 quem
762 1729 930 1806 possedisti
950 1746 969 1788 c
986 1731 1151 1809 principio.
1194 1730 1290 1793 Mani-

60 1829 173 1890 festum
195 1834 294 1913 sutem
316 1835 372 1900 est,
396 1827 435 1898 id,
458 1826 537 1905 quod
560 1825 593 1887 fis
608 1827 772 1888 secundum
790 1830 956 1908 principio,
978 1828 1154 1908 principium
1169 1831 1291 1907 babere,

61 1946 98 1991 ex
120 1946 182 2009 quo
209 1936 342 1998 creatur,
372 1936 403 1989 et
424 1927 516 1988 Deum
547 1928 807 2008 congregationem
830 1928 986 2008 abaliquo
1008 1932 1184 2009 possedisse
1205 1933 1290 2012 prin-

60 2029 152 2109 cipio.
196 2029 258 2091 lam
285 2029 364 2109 quod
393 2029 467 2090 baec
495 2029 582 2090 verba
612 2029 650 2092 ise
669 2034 822 2110 prs‘ucr'ps'o
844 2030 917 2109 [ecit
940 2048 976 2091 ex
998 2049 1051 2103 eo,
1081 2033 1161 2111 quod
1184 2033 1292 2096 dicitur

59 2133 145 2211 lecit,
169 2131 248 2192 idem
272 2130 388 2192 sintae
410 2135 506 2213 coepit
526 2132 640 2211 fucere,
662 2131 728 2212 ipse
750 2132 837 2193 docet
854 2131 981 2211 Moyses,
1004 2130 1053 2211 qni
1076 2144 1145 2211 post
1166 2133 1290 2197 absolu-

61 2240 243 2293 cumrerum
266 2232 397 2293 omnium
420 2231 600 2293 creationem
628 2233 672 2295 sic
697 2233 846 2312 loquitur:
882 2233 921 2295 Bt
950 2234 1102 2297 benedicit
1127 2236 1210 2299 deus
1233 2238 1293 2301 diei

63 2337 190 2412 septimo
220 2342 249 2394 et
273 2334 479 2420 sanctificavit
510 2334 614 2405 ilium,
648 2337 717 2415 quio
747 2338 780 2396 s'o
809 2338 876 2413 ipso
901 2347 1075 2397 cessaverat
1096 2336 1133 2398 ab
1156 2339 1291 2400 omnibus

64 2434 207 2515 operibus
230 2438 304 2505 seis,
327 2453 402 2514 pisos
425 2437 522 2514 coepit
544 2434 626 2497 Deus
646 2435 759 2514 secere.
802 2434 904 2515 ltaque
926 2453 975 2496 res
997 2443 1111 2497 creatae
1132 2437 1197 2496 fieri
1219 2455 1290 2499 coc-

63 2542 182 2615 petunt.
225 2535 263 2596 At
283 2535 337 2604 Dei
360 2535 488 2596 Verbum
511 2554 576 2626 cum
597 2535 791 2614 principium,
822 2554 856 2595 ex
879 2554 939 2614 quo
963 2535 1016 2609 sit,
1040 2535 1151 2596 nulium
1174 2535 1290 2607 habeat,

63 2637 170 2699 merito
193 2655 249 2698 nec
271 2655 339 2698 esse
360 2655 416 2698 neo
439 2637 503 2698 fieri
526 2623 708 2716 coepit,'sed
733 2654 850 2717 semper
871 2635 935 2696 suit.
980 2635 1078 2714 Opera
1101 2636 1189 2714 igitur
1204 2636 1289 2716 prin·

63 2739 184 2819 cipium,
207 2756 275 2799 eum
298 2739 380 2810 fiunt,
404 2737 523 2812 babent,
546 2739 625 2816 quod
647 2737 767 2817 quidem
788 2732 967 2816 principium
989 2735 1088 2810 rebus,
1112 2756 1185 2816 quae
1207 2738 1290 2810 dunt,

61 2839 146 2918 prius
177 2848 241 2913 est3
274 2838 402 2900 Verbum
424 2847 522 2900 autem
546 2858 612 2900 cum
634 2857 695 2900 non
718 2838 759 2899 sit
779 2857 815 2898 ex
836 2857 962 2900 numero
985 2857 1086 2917 rerurn
1109 2855 1184 2916 quae
1206 2837 1290 2911 fiunt,

63 2942 126 3021 ipse
149 2941 254 3021 potius
281 2942 381 3002 rerum
408 2940 587 3020 principium
615 2939 787 3002 habentium
815 2941 938 3000 effector
960 2947 1016 3000 est.
1060 2937 1171 2998 Deinde
1192 2937 1291 3016 ipsum

62 3060 130 3104 esse
152 3042 217 3102 sive
238 3049 343 3133 potura
366 3060 466 3102 rerum
491 3043 631 3103 saetarum
655 3041 742 3101 ineo
773 3041 857 3120 ipso,
891 3039 970 3119 quod
997 3040 1088 3112 bunt,
1117 3037 1238 3098 modum
1262 3045 1291 3099 et

63 3160 237 3204 mensuram
258 3141 363 3212 babet,
386 3161 496 3221 easque
519 3142 597 3202 Deus
620 3141 657 3203 ab
679 3141 777 3221 aliquo
799 3128 946 3221 principio
968 3158 1022 3219 per
1044 3137 1172 3200 Verbum
1193 3138 1290 3199 iacere

61 3244 211 3324 incoepit,
242 3252 277 3305 ut
307 3262 414 3322 nempe
448 3251 530 3305 esset
561 3243 768 3324 perspicuum,
801 3242 865 3304 illas
898 3260 958 3302 non
993 3240 1087 3301 fuisse
1118 3239 1290 3319 priusquam

61 3346 177 3408 fierem.
196 3324 258 3405 ,M
280 3345 407 3406 Verbum
428 3364 489 3406 non
513 3345 542 3405 in
565 3343 622 3405 aiio
644 3345 791 3425 principio
815 3344 903 3439 hebet
924 3351 957 3404 ut
979 3341 1033 3415 sit,
1063 3359 1149 3443 quam
1172 3339 1289 3401 soloin

61 3446 166 3521 Patre,
200 3446 268 3525 qui,
300 3454 333 3509 ut
361 3446 402 3508 ilii
432 3448 519 3507 etiam
550 3446 755 3518 consentiunt,
784 3444 922 3524 principii
950 3454 997 3507 cst
1018 3461 1142 3522 expers,
1171 3452 1204 3504 ut
1225 3441 1290 3522 ipsc

63 3567 181 3628 quoque
202 3535 294 3608 Filius
317 3549 381 3610 sine
403 3548 549 3628 principio
573 3548 680 3610 existat
701 3548 731 3608 in
753 3547 856 3619 Patre,
885 3565 901 3607 a
923 3565 982 3625 quo
1005 3544 1121 3623 genitus
1143 3552 1204 3617 est,
1228 3559 1375 3608 nonnus

64 3660 160 3711 antem
183 3656 311 3709 oreatus.

95 3884 115 3919 e.
134 3866 207 3920 Gobi.
226 3876 250 3917 et
267 3867 371 3916 Peicirm.
391 3866 413 3916 1.
431 3858 513 3914 πάλιν
530 3868 649 3916 omittunt.
736 3868 750 3915 i.
775 3866 875 3927 Seguec.
900 3863 997 3915 Gobler.
1023 3869 1046 3912 et
1070 3861 1174 3911 Febrim.
1196 3861 1217 3910 i.
1236 3859 1293 3909 τῶν

65 3935 124 3985 idem
144 3937 250 3995 ibidem,
273 3935 395 3996 anglicae:
414 3943 436 3984 et
456 3935 558 3983 Feicim.
577 3934 601 3984 4.
620 3918 651 3993 ἧς
702 3924 798 4001 ἀρχήν.
837 3932 899 3981 Editi
918 3939 942 3980 et
961 3930 1002 3980 alii
1020 3927 1077 3978 τῶν
1094 3923 1144 3989 τὴν
1162 3919 1257 3995 ἀρχήν.

65 3996 167 4051 istium
184 4058 186 4062 Α

195 4070 201 4081 ,
519 4069 523 4078 .
737 4034 758 4081 i.
778 4033 882 4080 Veicim.
893 4029 916 4080 2.
936 4039 959 4081 et
969 4032 1041 4080 editio
1052 4030 1168 4080 Commel.
1179 4031 1292 4078 omittunt

94 4073 109 4120 i.
132 4070 225 4132 Angiic.
250 4069 345 4119 Gobler.
371 4068 524 4118 deickmunnr
546 4069 566 4116 1.
585 4077 608 4117 et
626 4068 649 4117 5.
703 4094 749 4148 διὰ
773 4098 822 4147 τοῦ
846 4093 937 4162 λόγου.
975 4100 1033 4148 ΗΜ
1058 4101 1157 4158 seam·
1183 4087 1229 4142 pm
1245 4089 1292 4142 καὶ

66 4129 303 4267 bessica-sem
340 4202 365 4252 In
391 4203 445 4252 amu
463 4210 487 4252 et
505 4203 575 4252 editis
594 4200 651 4250 τῶν
702 4161 785 4233 τὸμὴ
804 4154 881 4215 εἶναι.
909 4168 935 4215 in
954 4167 1008 4215 siiis
1026 4174 1050 4214 et
1067 4166 1137 4214 editis
1155 4163 1224 4212 deest
1236 4156 1289 4210 καί.
1351 4204 1362 4231 ³,

68 4271 137 4322 deest.
734 4269 751 4317 Ι.
770 4268 903 4330 Sepuem
944 4260 989 4314 καὶ
1006 4256 1062 4312 κατ’
1079 4256 1201 4315 ἐκείνους.
1228 4262 1291 4312 Editi

95 4340 118 4389 b.
136 4340 238 4401 Segoer.
256 4345 280 4387 et
297 4328 473 4402 negdpemo.
502 4335 651 4386 Editietsiii
702 4343 725 4385 et
743 4326 839 4413 al'i'psp‘
856 4348 906 4382 κατ
933 4326 1056 4384 ἐκείνους.
1087 4332 1177 4379 ibidem
1191 4332 1290 4391 Seguer.

66 4396 185 4470 ἤρξαντο.
215 4405 434 4468 Psoiopostb'een.
453 4395 555 4469 ἤρξατο
572 4390 650 4453 εἶναι.
702 4412 725 4452 et
743 4403 799 4465 Reg.
819 4394 901 4455 αὐτὸς
919 4393 1052 4468 ἆνάρχως.
1089 4399 1167 4447 Ceteri
1187 4406 1210 4446 et
1233 4396 1290 4448 editi
1325 4444 1333 4457 ,

68 4471 164 4525 isicem.
184 4471 209 4523 4.
228 4463 342 4538 ἤρξατο,
360 4462 424 4521 etos
442 4481 487 4523 ete.
703 4460 784 4522 adsis
801 4461 928 4535 ἄναρχος.
999 4507 1004 4513 .
