2948 5092
369 244 375 253 ’
465 280 576 337 durno
591 291 622 336 n.
639 292 754 338 conrm
770 288 904 340 annuos.
1222 269 1286 351 Μ

60 466 145 532 μου
165 447 304 510 unbem
323 444 365 507 cd
386 452 414 506 te
436 447 468 505 in
491 441 669 525 aeyyptum,
698 449 758 507 mes·
777 457 863 518 rent,
894 445 1043 528 Epirotas
1065 459 1094 514 et
1116 449 1371 517 Monumenml

59 551 98 613 be
118 547 175 613 iob
195 546 269 610 item
289 545 365 608 baec
385 543 475 607 babet
497 543 665 626 Scripturat
699 545 786 608 Facti
810 557 883 609 aunt
904 552 936 610 ea·
954 560 1067 632 reptem
1087 552 1150 632 fitia·
1169 564 1199 616 et
1220 562 1285 618 trtt
1335 610 1342 619 .
1366 635 1370 639 .

58 653 148 734 fidiae.
194 649 263 724 Quo
291 647 379 710 etiam
401 646 491 709 modo
513 646 630 726 Moyses
653 646 684 708 in
705 647 785 728 Lege
807 647 924 711 locutus
953 658 1015 712 estc
1044 650 1082 713 Si
1106 653 1202 718 elicui
1225 655 1289 736 pttt

58 756 134 835 suet·
151 752 275 834 {namot
295 757 326 813 et
346 754 377 812 aa·
392 749 503 830 lecerit
522 748 630 830 fidetem.

140 858 173 921 5.
218 852 264 914 En
285 869 357 932 ergo
379 849 421 913 itti
445 868 508 924 eoa,
532 850 582 930 qui
604 849 694 930 geniti
716 858 801 924 sunt,
825 853 917 914 iactos
933 859 963 916 et
983 854 1129 918 iormatoa
1151 855 1287 938 appell&

61 976 136 1032 rere,
159 954 272 1037 quippo
290 953 342 1034 qui
363 969 425 1014 uon
446 936 620 1032 ignorarent
640 950 713 1013 nibil
735 952 857 1024 reterre,
879 953 905 1014 si
927 954 964 1016 de
985 955 1054 1018 filiis
1077 956 1190 1021 dicatur
1206 960 1369 1039 [amiran.

64 1070 139 1132 nst,
158 1057 287 1141 possedi
305 1053 352 1117 rei
371 1057 442 1136 teci,
464 1053 553 1116 modo
576 1052 654 1115 tilios
675 1070 729 1115 eos
752 1070 820 1115 esse
840 1054 1030 1118 concedatur.
1073 1058 1206 1140 Namque
1226 1077 1284 1122 ua·

64 1170 121 1223 tura
142 1167 174 1222 et
194 1157 306 1220 veritas
326 1163 456 1218 mentem
478 1156 515 1218 ad
537 1175 571 1218 se
593 1154 815 1235 intelligendum
837 1158 997 1220 attrabunt.
1031 1159 1177 1234 Quocirca
1192 1161 1218 1223 si
1234 1161 1284 1242 qni
1309 1161 1312 1169 '

66 1262 220 1344 disputent,
240 1267 340 1321 utrum
362 1257 506 1320 Dominus
527 1276 578 1320 res
600 1258 674 1320 iacta
695 1258 740 1319 vel
763 1266 859 1321 creata
881 1259 930 1334 sit,
952 1261 1050 1341 primo
1066 1261 1174 1325 abibis
1190 1281 1284 1344 quae·

70 1363 182 1427 randum
204 1369 263 1435 est,
283 1377 357 1423 uum
376 1359 427 1422 ille
447 1359 488 1421 sit
508 1359 611 1434 Filius,
634 1359 763 1423 Verbum
786 1368 817 1422 et
837 1360 998 1442 Sapientia.
1035 1363 1101 1425 Hoc
1114 1364 1194 1427 enim
1208 1382 1283 1446 pro·

70 1464 135 1538 bato,
157 1482 229 1527 mox
251 1461 401 1524 evanescit
422 1461 521 1523 omnis
543 1461 598 1523 bac
618 1461 656 1522 de
677 1478 711 1522 re
731 1462 874 1543 suspicio.
918 1464 1020 1543 Neque
1035 1465 1113 1527 enim
1136 1484 1186 1529 res
1209 1467 1283 1529 iacta

72 1565 148 1630 Vnius
169 1573 201 1641 et
222 1565 352 1628 Verbum
375 1571 580 1644 potestesse,
603 1580 699 1644 neque
720 1563 832 1644 pariter
851 1564 942 1627 Filius
965 1584 1014 1628 res
1037 1567 1111 1629 iacta
1134 1587 1203 1631 esse
1224 1588 1284 1650 po-

73 1676 125 1729 tet
168 1666 254 1741 noae
275 1684 342 1729 urm
364 1665 404 1728 ita
427 1664 497 1738 sint,
519 1665 654 1746 proiecto
677 1664 816 1727 omnibus
837 1675 927 1745 patet,
951 1667 1004 1729 tras
1027 1686 1115 1730 roceo
1138 1674 1191 1752 qur·
1209 1672 1284 1752 [ecit

72 1768 143 1832 itiner
162 1767 246 1832 nulio
268 1767 439 1830 adiumento
461 1766 498 1828 ad
521 1766 639 1828 illorum
662 1766 809 1829 baeresim
832 1786 917 1840 esse,
946 1768 999 1830 sed
1027 1787 1092 1831 eam
1114 1770 1161 1832 bis
1183 1771 1285 1852 potius

72 1871 257 1935 medemnari.
294 1869 446 1950 Siquidem
463 1876 618 1932 ostensum
640 1875 688 1931 est
708 1868 831 1931 verbum
852 1870 925 1949 {ecit
947 1869 1035 1932 etiam
1057 1890 1123 1934 cum
1146 1873 1183 1935 de
1204 1872 1284 1937 neria

74 1982 93 2033 rt
109 1971 291 2036 naturalibus
312 1970 381 2050 filiis
403 1971 436 2032 fit
457 1971 584 2043 mentio,
607 1990 623 2032 a
646 1970 796 2052 Scriptura
819 1969 916 2031 divina
938 1973 1092 2053 usurpari3
1114 1972 1193 2036 unde
1215 1989 1283 2038 cum

73 2074 211 2152 probatum
234 2074 290 2147 sit,
319 2071 476 2136 Dominum
505 2074 667 2136 naturalem
696 2091 858 2153 verumque
885 2072 1006 2148 Fidum,
1034 2076 1164 2138 Verbum
1195 2085 1284 2157 amne

73 2174 236 2257 Sapientiam
258 2175 355 2238 Patris
378 2195 457 2248 esec,
480 2175 596 2238 etiamsi
619 2195 685 2239 cunr
708 2175 745 2236 de
760 2175 810 2237 iilo
832 2175 958 2238 babetur
972 2194 1082 2251 sermo,
1105 2177 1196 2240 dic'tio
1209 2179 1286 2259 (etr

71 2278 102 2339 nl
120 2281 223 2360 scetes
246 2289 293 2341 eat
313 2276 504 2352 adhibeatur,
531 2296 593 2339 non
615 2277 645 2339 id
667 2277 790 2351 dicitur,
818 2278 902 2358 quasi
925 2277 973 2339 iile
996 2298 1072 2359 opus
1100 2288 1196 2355 esset,
1225 2279 1280 2344 sed

69 2377 153 2443 Sancti
174 2379 259 2441 bisce
280 2377 380 2441 verbis
402 2379 572 2460 promiscue
594 2387 735 2454 utuntur,
767 2380 810 2440 nti
838 2379 875 2441 de
897 2379 1057 2442 Salomone
1083 2389 1113 2442 ct
1139 2381 1282 2444 Ezechiae

66 2479 155 2545 tiberis
178 2479 378 2543 ostendimus.
421 2478 505 2541 Licet
531 2479 610 2541 enim
639 2497 693 2541 eos
722 2499 757 2541 ex
780 2480 890 2560 seipsis
919 2482 1108 2559 genuissent,
1138 2483 1282 2562 scriptum

64 2594 101 2644 nt
119 2581 316 2646 nibilominus
337 2581 414 2661 leci,
439 2582 576 2662 possedi,
605 2581 707 2661 suctus
731 2592 785 2644 est.
831 2582 977 2655 Quocirca
999 2583 1055 2644 ianr
1079 2600 1204 2645 necesse
1226 2591 1281 2661 est,

62 2684 150 2749 nitri
165 2683 227 2749 uei
247 2683 370 2757 bootes,
399 2681 448 2762 qui
478 2683 710 2762 propugnandae
732 2683 866 2745 haeresis
888 2702 976 2746 causa
998 2684 1167 2745 huiusmodi
1191 2700 1287 2766 saepe

59 2787 191 2850 obiecere
211 2784 348 2857 voculas,
377 2801 447 2845 sero
475 2785 580 2845 saitem
603 2803 638 2845 ex
660 2783 724 2858 bis,
753 2803 828 2864 quae
851 2783 995 2856 diximus,
1025 2802 1108 2845 suam
1131 2785 1288 2865 deponant*

57 2887 249 2959 seutentiam,
278 2904 313 2947 ac
333 2884 475 2965 deinceps
498 2886 629 2947 sentiant
650 2885 807 2947 Dominum
830 2903 932 2946 verum
954 2884 1077 2958 Filium,
1100 2885 1228 2948 Verbum
1251 2892 1283 2948 et

54 2988 235 3071 Sapientiam
256 2987 353 3051 Patris
376 3006 461 3060 esse,
491 3005 551 3048 non
574 2996 672 3049 autem
695 3006 758 3049 rem
781 2988 886 3049 tectam
908 2987 953 3048 vel
975 2994 1114 3049 creatam.
1158 2988 1231 3050 Nam
1254 2988 1281 3052 ei

52 3110 98 3152 res
121 3092 198 3152 facta
220 3097 303 3151 esset
324 3088 431 3160 Filius,
461 3089 490 3150 in
518 3108 649 3169 quonam
676 3089 743 3169 ipse
770 3088 862 3150 verbo
890 3106 1054 3168 quanamve
1084 3090 1114 3150 in
1136 3090 1281 3171 sapientia

49 3195 144 3255 iactus
167 3188 273 3254 esset?
317 3189 424 3252 Omnia
446 3190 592 3270 siquidem
616 3209 706 3272 opera
728 3209 783 3271 per
806 3190 933 3252 Verbum
955 3198 986 3253 et
1005 3190 1184 3270 Sapientiam
1206 3192 1281 3254 iacta

49 3302 135 3368 sunt,
164 3293 206 3354 uti
236 3290 380 3372 scriptum
409 3301 471 3355 est:
507 3294 615 3356 Omnia
643 3297 675 3355 in
697 3293 853 3373 Sapientia
875 3293 991 3372 saciati,
1025 3301 1069 3353 et:
1104 3297 1204 3355 omnin
1222 3310 1284 3376 per

48 3402 151 3476 iprum
172 3395 258 3474 secto
279 3406 366 3464 aunt,
396 3407 425 3460 et
452 3396 518 3457 aine
543 3398 612 3475 ipso
635 3397 752 3476 sortem
773 3407 818 3457 est
839 3394 926 3456 nibil.
972 3394 1004 3455 Si
1026 3411 1120 3473 porro
1149 3394 1214 3473 ipse
1235 3403 1282 3460 cst

47 3498 180 3559 Verbum
202 3503 233 3558 et
254 3495 414 3576 Sapientia,
438 3496 467 3557 in
490 3513 546 3576 qua
570 3495 669 3556 omnia
691 3496 773 3568 bunt,
796 3513 856 3556 non
880 3494 1019 3574 igiturex
1035 3512 1140 3557 eorum
1156 3512 1286 3558 numero·

47 3608 104 3673 est,
127 3616 205 3678 quae
226 3598 313 3672 fiunt,
334 3615 369 3660 ac
390 3597 470 3660 nolio
493 3597 582 3659 modo
605 3614 654 3658 res
677 3606 723 3659 est
744 3603 851 3670 creata,
875 3596 928 3658 sed
950 3595 1048 3658 Patris
1071 3605 1120 3658 eet
1140 3597 1227 3660 tetus.

84 3921 99 3969 t.
125 3920 226 3982 Segner.
250 3926 276 3968 et
296 3918 433 3968 Vetotman.
449 3917 473 3968 4.
492 3911 508 3978 ἢ
526 3911 641 3982 ἐγένετο.
731 3919 745 3967 i.
770 3918 811 3968 Sic
829 3919 929 3980 Seguer.
948 3916 1046 3967 Gobler.
1065 3926 1087 3967 et
1107 3916 1210 3967 Vaickrn.
1224 3917 1283 3968 Lat

47 3987 187 4038 Veirbmaa.
211 3987 237 4035 b.
261 3978 307 4034 atei
329 3976 445 4050 ἐγένετο.
488 3987 563 4035 Panto
589 3996 644 4049 post
694 3985 721 4036 4.
749 3986 828 4036 Ceteri
846 3994 869 4035 et
887 3985 944 4035 editi
962 3986 1075 4034 omittunt
1092 3977 1205 4046 ἐνποίᾳ,
1233 3984 1282 4032 tbi-

45 4058 148 4118 seg-er.
167 4052 379 4116 nephtuim&
395 4043 449 4100 ἄλλ’
469 4045 641 4120 ἀδιαφόρως.
694 4053 748 4102 dem
767 4055 900 4117 sapuerim
925 4048 1023 4118 γέγονε
1040 4046 1085 4101 καὶ
1103 4044 1191 4104 αὐτός.
1229 4051 1283 4100 tior

45 4125 92 4175 atti
110 4132 136 4172 ct
153 4123 228 4172 editio
241 4110 446 4174 commendite&
463 4114 639 4188 ddcnpdpom
692 4122 792 4183 Segner.
812 4122 1049 4173 conuenientia
1075 4122 1095 4170 i.
1114 4119 1162 4179 τῆς
1179 4112 1284 4184 conplete

46 4192 172 4242 mendose.
690 4185 787 4254 γέγονε
816 4184 910 4242 καθὼς
936 4185 1098 4254 γέγραπται.
1135 4188 1239 4236 Feickm.
1256 4185 1282 4237 t.

81 4275 103 4322 g.
123 4258 164 4309 Sic
181 4258 284 4321 Smer.
297 4256 395 4307 contu.
407 4257 639 4309 concreantur.
691 4256 741 4317 τῆς
758 4261 860 4322 σοφίας
875 4254 972 4323 γέγονε
989 4251 1034 4303 ani
1052 4247 1121 4303 αὐτὰ
1139 4248 1283 4320 ὠςγέγρα-

45 4330 74 4380 ln
91 4327 163 4376 editis
181 4335 205 4376 er
222 4328 279 4377 attis
295 4319 345 4373 zui
360 4324 436 4375 derat.
691 4337 759 4373 ntur
803 4326 863 4376 tidini
881 4327 972 4391 otiique
989 4322 1037 4384 tric
1054 4317 1165 4389 copiae,
1185 4314 1222 4376 ne
1236 4317 1281 4388 γέ·

80 4398 104 4445 b.
123 4397 163 4445 Sic
180 4395 284 4457 Segnior.
304 4396 361 4457 κη.
382 4393 639 4456 essinaugttcnobt.
690 4405 821 4463 γραπται.
966 4450 975 4469 ‚

43 4465 150 4515 fetebat.
172 4464 194 4513 t.
212 4470 237 4514 et
255 4462 280 4514 4.
316 4461 344 4513 ia
363 4462 418 4513 aliia
436 4470 516 4513 autem
535 4463 639 4514 creditis
726 4464 747 4509 t.
766 4465 868 4520 Seaner.
886 4454 921 4509 ui
936 4470 1034 4508 uma.
1070 4457 1122 4507 Ιοι
1140 4456 1290 4509 &teimau

43 4534 115 4585 deest
132 4524 216 4582 taur.
691 4518 756 4579 otta
774 4519 844 4582 tter
860 4526 917 4578 rein
931 4523 1080 4594 γεννητόν.
