2948 5092
471 244 579 289 oaarro
594 244 615 287 r.
632 245 746 287 coarat
761 246 896 293 annuos.
1232 239 1292 299 lli

62 406 147 468 ment,
171 400 263 477 atlgue
285 395 487 458 detestandam
510 394 656 456 haeresim
671 395 819 477 appellent
833 396 972 474 bonam);
994 399 1079 462 robis
1101 402 1290 471 hortantibus
1299 420 1377 464 eaor.
1417 418 1424 433 r

62 498 264 561 necessarium
292 497 362 559 duxi
396 496 525 558 thoracis
546 497 689 559 nefandae
710 497 833 560 huiusce
861 497 993 562 haeresis
1022 500 1105 563 sinus
1135 505 1290 586 epreare,

61 611 145 681 atque
167 599 235 662 eius
258 598 400 661 stultitiae
420 599 585 677 patefacere
608 599 763 681 foetorem,
787 607 820 660 ut
841 599 889 679 qui
912 601 1015 679 procul
1037 603 1073 664 ab
1096 623 1130 665 ea
1145 616 1216 668 sunt
1237 628 1289 672 re-

62 703 145 776 moti,
168 720 236 763 cam
256 701 351 780 magis
374 698 470 761 adhuc
491 699 613 778 fugiant,
635 699 685 778 qui
707 708 805 760 autem
827 700 863 761 ab
887 720 919 761 ea
943 703 1057 782 decepti
1079 707 1215 782 luerunt,
1238 729 1289 772 re-

61 805 206 884 sipiscant
234 801 406 883 apertisque
427 799 525 862 cordis
549 799 643 862 oeulis
664 801 843 880 intelligent,
873 805 1120 882 quemadmodum
1151 809 1290 872 tenebrae

62 925 118 967 non
142 913 216 968 sunt
236 905 285 967 lux
307 922 364 967 nec
383 903 569 966 mendacium
591 901 708 976 veritas,
731 901 770 964 ita
784 903 921 964 Arianam
943 905 1089 968 haeresim
1104 908 1214 972 bonam
1229 911 1287 973 mi·
1296 927 1373 972 eam.

62 1010 138 1070 nime
162 1026 250 1078 esse,
280 1007 372 1068 immo
394 1023 464 1067 vero
487 1023 557 1077 eos,
588 1005 637 1083 qui
659 1004 785 1065 Arianos
809 1005 991 1068 Christianos
1014 1020 1134 1082 vocant,
1164 1014 1288 1077 multum

62 1111 194 1190 prolecto
207 1102 360 1189 .valdeqtie
383 1126 491 1181 errare,
513 1115 651 1187 unquam
673 1107 722 1186 qui
745 1125 800 1168 nec
814 1095 981 1187 Scripturas
1002 1110 1128 1191 legerint
1149 1132 1202 1175 nee
1217 1117 1289 1194 quid

61 1213 96 1273 sit
117 1211 368 1274 christianismus
391 1217 421 1271 et
442 1209 626 1271 Christianae
647 1208 800 1288 religionis
822 1210 896 1271 fides
919 1212 1041 1273 omnino
1064 1215 1166 1276 sciant.

142 1518 175 1579 2.
222 1514 301 1588 Quid
328 1513 406 1577 enim
424 1513 531 1587 ,simile
558 1513 706 1574 haeresim
733 1513 812 1575 inter
840 1523 870 1574 et
896 1523 1005 1577 rectam
1033 1518 1170 1598 piamque
1198 1519 1287 1583 fidem

61 1617 348 1689 animadvertemnt,
370 1623 403 1676 ut
423 1615 577 1695 nugatorie
600 1624 785 1687 assererent,
814 1615 887 1676 nihil
909 1615 974 1678 illus
997 1618 1064 1679 mali
1087 1620 1210 1682 dicere?
1254 1622 1287 1683 Si

59 1720 93 1779 ita
117 1728 180 1790 est,
212 1717 270 1779 illis
298 1735 371 1779 sane
398 1715 484 1778 liceat
506 1715 644 1796 Calpham
667 1715 866 1778 Christianum
889 1737 1076 1800 nuncupare,
1104 1723 1287 1802 proditorem

59 1821 159 1883 ludam
188 1821 270 1882 inter
288 1818 449 1899 Apostolos
478 1837 649 1890 numerare,
678 1819 856 1881 contendere
888 1820 962 1882 nihil
990 1840 1043 1883 eos
1071 1824 1139 1885 mali
1168 1825 1287 1899 iecisse,
1381 1898 1392 1910 ι

59 1926 103 2003 qui
132 1921 300 1985 barabbam
327 1940 401 2002 prae
430 1919 583 1982 Salvatore
612 1921 777 2000 petierunt,
805 1921 1006 2002 Hymenaeum
1035 1933 1064 1986 et
1091 1925 1288 1987 Alexandrum

60 2035 198 2106 unquam
226 2032 308 2085 reete
335 2023 497 2084 sentientes
527 2023 748 2095 commendare,
781 2024 985 2105 affirmareque
1012 2026 1187 2106 Apostolum
1215 2029 1287 2090 laisa

59 2127 113 2188 illis
136 2125 300 2188 effinxisse.
344 2125 452 2186 Verum
468 2143 555 2186 nemo
572 2124 756 2186 Christianus
779 2125 836 2187 ista
858 2127 902 2187 vel
924 2127 1026 2190 audire
1040 2128 1175 2201 voluerit,
1197 2148 1286 2191 nemo

62 2249 137 2301 eum,
160 2228 214 2308 qut
234 2228 308 2289 baec
329 2227 407 2288 ausit
428 2226 535 2296 dicere,
559 2245 630 2288 sana
653 2236 751 2288 mente
773 2246 841 2289 esse
863 2229 1019 2308 putaverit.
1057 2229 1214 2293 Enimvero
1229 2251 1285 2312 pro

63 2331 177 2392 dhristo
198 2328 288 2391 Arius
309 2327 368 2391 illis
390 2338 446 2402 est,
468 2330 511 2389 nti
533 2328 711 2390 hlanichacis
727 2329 925 2391 hlaniclraeus.
958 2330 1100 2393 Similiter
1114 2351 1169 2411 pro
1185 2333 1287 2413 llopse

65 2433 159 2494 aliisve
181 2430 253 2493 viris
275 2429 391 2493 Sanctis
413 2431 515 2494 nescio
538 2449 626 2509 quem
641 2430 791 2502 Sotadem,
814 2431 863 2511 qui
882 2431 955 2511 ipsis
972 2432 1137 2494 Gentilibus
1158 2433 1287 2496 ludibrio

68 2544 122 2609 est,
154 2544 183 2596 et
206 2533 295 2595 liliam
317 2532 493 2595 Herodiedis
516 2540 701 2611 repererunt.
745 2532 877 2611 Namque
907 2541 936 2593 et
957 2533 1036 2594 illius
1058 2534 1168 2595 fractos
1192 2537 1285 2596 eilue-

69 2638 248 2715 minatosque
271 2653 370 2695 mores
390 2634 476 2694 Arius
499 2633 617 2694 Thalias
640 2652 757 2712 quoque
786 2634 852 2713 ipse
880 2633 1038 2696 scribendo
1069 2634 1199 2696 imitatus
1229 2643 1286 2708 est,

72 2747 96 2796 et
114 2736 201 2798 huius
222 2734 380 2797 saltatricis
403 2735 589 2797 saltationem
612 2735 675 2796 suis
697 2734 727 2795 in
743 2735 899 2796 bominum
922 2734 1085 2796 maledictis
1108 2735 1240 2796 saltando
1257 2745 1288 2796 et

73 2837 189 2899 ludendo
211 2844 260 2898 est
280 2835 454 2908 aemulatus,
481 2835 555 2896 adeo
578 2835 680 2917 utqui
703 2836 732 2896 in
756 2835 927 2897 huiusmodi
948 2836 1095 2897 haeresim
1118 2836 1285 2909 inciderint,

74 2948 161 3000 mente
182 2937 397 3000 conturbentur
418 2945 448 2998 et
469 2937 631 3017 desipiant,
661 2945 690 2998 et
716 2957 826 2998 nomen
848 2937 965 3000 Domini
987 2938 1097 3016 gloriae
1119 2947 1234 3000 mutent
1255 2939 1286 3000 in

75 3039 283 3101 similitudinem
306 3038 442 3117 imaginis
464 3039 665 3118 corruptibilis
687 3040 835 3112 hominis,
858 3058 892 3100 ac
914 3039 1040 3119 deniqne
1062 3058 1116 3119 pro
1139 3039 1285 3101 Christia-

74 3141 113 3198 nis
131 3140 230 3202 Ariani
253 3139 460 3214 nominentur,
491 3140 604 3218 hocque
634 3158 705 3200 snae
726 3140 886 3218 impietatis
908 3139 1035 3201 babeant
1056 3140 1180 3219 insigne.
1224 3141 1287 3202 Nec

76 3241 139 3301 enirn
163 3240 282 3321 seipsos
306 3249 450 3301 conentur
471 3241 645 3315 defendere,
680 3261 735 3302 nec
762 3241 840 3320 qnod
869 3241 927 3303 illis
958 3241 1070 3322 probro
1099 3250 1146 3303 est
1173 3241 1203 3302 in
1233 3261 1286 3303 eos

71 3453 183 3510 ἀνοῖσαι.
219 3461 271 3510 hlox
289 3461 381 3522 Anglic.
409 3460 480 3509 basil.
500 3461 604 3510 Felclrm.
623 3461 648 3511 2
700 3459 748 3522 dns
766 3458 848 3529 Κρής,
870 3456 1062 3542 Μαρωνείτης,
1083 3457 1280 3528 δαιμονισθείς.

73 3539 92 3576 et
107 3531 127 3578 5.
154 3525 245 3594 atym
270 3527 369 3582 redeo,
398 3519 532 3590 ὑγιαίνειν
555 3520 590 3575 ἄν
607 3543 648 3581 τις
701 3523 894 3596 εἀμβογρὰᾳος
912 3534 1017 3609 εγςαψε
1036 3523 1157 3593 opidanus
1176 3521 1284 3588 ἧτοικι-

71 3595 160 3645 τοῦτον
177 3594 239 3648 τοῖς
256 3590 359 3661 φρεσὶν
375 3587 515 3658 ὑπολάβοι.
540 3598 579 3646 Sic
592 3597 646 3647 item
700 3594 810 3650 vutdour
827 3592 956 3661 decoleretur
971 3587 1084 3662 Ἰωνικῇ.
1120 3600 1216 3648 Sotades
1231 3600 1284 3648 Cre-

70 3667 158 3715 notter.
179 3673 203 3714 et
221 3665 326 3713 Felcltm.
349 3664 370 3712 l.
398 3664 440 3712 sed
458 3662 558 3710 τοῦτον
576 3667 647 3714 emit·
701 3670 786 3726 tensis,
807 3667 936 3725 Moronito,
956 3666 1136 3723 daemoniacus,
1157 3668 1285 3716 lumborum

69 3743 121 3783 tout
156 3736 258 3795 Segner.
271 3729 353 3778 corito
371 3726 467 3809 Alpem,
487 3724 604 3796 ὑγιαίνει
614 3726 649 3781 ἄν
700 3738 798 3799 scriptor
816 3737 942 3796 corrrposnit
960 3734 1069 3793 l'hlgeces
1088 3734 1165 3791 (idest
1182 3735 1284 3787 scurrarl

68 3814 102 3853 u,-
118 3801 178 3853 ταῖς
197 3793 299 3880 φρεσὶν
315 3790 456 3861 duodelini.
493 3800 549 3860 heg.
561 3797 649 3864 λέγειν
700 3805 748 3851 stre
768 3802 880 3851 cinaedos
899 3802 965 3850 lenio
983 3801 1090 3850 dialecto.
1128 3801 1160 3850 be
1180 3801 1226 3850 isto
1246 3800 1284 3848 nl-

66 3862 313 3947 1⁰t'w‚'372“t'm
337 3856 565 3921 durationem
583 3881 649 3934 ‹rpe—
700 3872 758 3920 timo
783 3883 863 3918 sermo
889 3869 927 3918 bic
946 3869 1054 3918 habetur.
1089 3863 1228 3932 [Praeterea
1247 3869 1284 3917 ed.

65 3932 104 3982 σὶν
120 3930 262 3998 ὑπολαβοι.
299 3929 458 4010 Editiltyew
475 3933 576 3982 τοῦτον
592 3929 648 3999 dyt-
699 3952 772 3999 supra
792 3951 815 4000 p.
833 3935 875 3985 46.
895 3944 945 3985 not.
964 3931 1000 4001 b.]

64 4006 145 4053 αι’νειν
164 3997 201 4050 ἄν
219 4015 260 4055 τις
276 4000 337 4054 ταῖς
355 4013 456 4066 ᾳρῑθΨ
473 3995 613 4065 ὑπολάβω·
734 4022 755 4068 k.
775 4019 916 4070 basiliensis
932 4012 1079 4084 γενόμενος
1102 4028 1125 4068 et
1148 4019 1195 4068 elia
1214 4032 1285 4068 manu

84 4075 108 4149 j.
128 4075 229 4149 Seguer.
256 4071 354 4148 Gobler.
380 4079 403 4118 et
421 4069 527 4119 Felelm.
549 4071 571 4149 l.
589 4069 648 4150 Zop-
698 4081 858 4151 γελώμενος,
894 4089 985 4149 mne,
1004 4080 1164 4152 pertineres.

62 4154 145 4199 aaran
184 4141 225 4190 Sic
249 4146 321 4188 ettam
346 4137 499 4187 emendatam
519 4138 605 4200 legitur
624 4154 647 4188 m

60 4211 197 4270 Aughcauo.
233 4206 310 4256 Porro
329 4203 393 4255 duos
410 4211 494 4269 poetas
513 4207 583 4256 liuius
603 4221 648 4256 no·

61 4278 128 4326 niuis
147 4279 325 4326 commemorat
335 4272 432 4330 Suidas,
450 4272 576 4337 dequibus
589 4274 648 4323 haec

60 4344 144 4394 habet:
159 4334 293 4400 Σωτάδης
308 4331 462 4399 Ἀθηναῖος,
473 4334 648 4406 rependetur
733 4356 764 4389 m.
784 4341 841 4400 lleg.
860 4334 1049 4404 Alurgnuiarc.
1077 4339 1128 4388 hlox
1143 4338 1283 4398 Seguerian.

54 4408 139 4476 μέσης
161 4403 318 4478 κωμῳδίας.
365 4409 463 4458 Sotades
492 4409 645 4470 Atheniensis,
698 4408 790 4485 Anglic.
816 4407 913 4458 Gobler.
938 4417 961 4456 et
986 4407 1090 4456 l’elckm.
1110 4406 1132 4454 l.
1150 4398 1200 4450 τὸν
1216 4403 1286 4452 νοῦν

55 4489 122 4543 porto
147 4482 248 4531 comicas
265 4475 359 4527 mediae
378 4476 517 4527 comoediae.
553 4468 648 4525 Σωτά·
696 4489 742 4524 και
760 4474 877 4542 φρονεῖν
894 4464 957 4540 παρ’
979 4464 993 4522 d
1012 4468 1055 4521 dei
1070 4470 1194 4539 gaurein.

1031 4555 1084 4606 10*

735 4171 750 4219 l.
769 4172 868 4233 Seguer.
887 4172 985 4223 Gobler.
1005 4172 1141 4221 ctl'elchm.
1155 4170 1176 4218 l.
1194 4167 1286 4234 μιμεῖ·

699 4252 745 4286 ται
764 4247 786 4287 et
806 4253 860 4288 mox
879 4234 998 4291 θαλείας.
