2948 5092
298 190 301 196 ¹
397 251 406 267 .-
482 230 678 273 nrrsronasn
696 199 875 277 serersrnrr.
1146 244 1155 249 ·
1229 223 1288 288 841

64 386 139 449 dum
167 384 198 445 in
226 381 359 461 singulos
381 380 547 460 Prophetas
570 378 699 442 Verbum
727 379 858 454 advenit,
887 381 928 442 ite
949 401 1067 462 quoque
1090 385 1122 446 in
1143 388 1376 467 quendamrau.

61 487 218 550 bominem
239 483 347 545 Mariae
369 483 475 544 Filium
497 481 626 556 venisse3
648 480 752 543 inutile
774 491 819 544 est
840 483 969 562 agitare3
991 504 1058 546 cum
1081 504 1185 549 eorum
1207 489 1308 565 insa-¹

61 589 116 651 nia
142 586 330 648 manifestam
358 584 406 645 sui
429 583 661 645 confutationem
681 600 754 661 prae
776 603 809 646 se
831 585 915 645 leret.
960 586 991 647 Si
1014 605 1141 667 namque
1163 591 1293 654 Verbum

33 696 37 701 “
63 692 109 753 ita
130 688 264 762 advenit,
293 704 345 747 eur
366 685 416 746 hio
436 687 526 746 homo
550 704 585 746 ex
606 684 725 764 Virgine
748 694 778 746 et
798 704 860 746 non
883 704 919 746 ex
941 687 1005 748 viro
1029 698 1059 750 et
1080 690 1205 753 muliere
1227 693 1292 772 ipse

64 808 187 872 quoque
214 785 350 868 prodiit?
378 786 422 847 sic
451 786 529 847 enim
559 785 685 866 quisque
707 786 885 849 Sanctorum
909 788 1026 867 genitus
1045 798 1106 853 *est
1148 794 1207 854 Aut
1228 813 1290 869 cur,

63 893 93 955 si
116 892 246 954 Verbum
267 890 309 951 ita
329 888 458 962 venerit,
487 888 630 967 cuiusque
650 906 734 950 mors
756 907 818 951 non
841 889 948 952 dieitur
969 908 1024 969 pro
1046 891 1134 954 nohis
1157 893 1292 972 tolerata,

62 994 122 1056 sed
148 992 226 1053 illius
256 988 393 1052 tantum?
438 990 538 1062 Quare
566 989 636 1053 item
664 1008 730 1052 cum
759 991 795 1051 ad
819 991 953 1070 singulos
974 992 1140 1073 Prophetas
1163 996 1292 1059 Verbum

63 1095 228 1167 advenerit,
251 1092 358 1154 dicitur
380 1101 478 1157 tamen
500 1092 537 1153 ad
558 1092 656 1153 solum
676 1091 784 1154 hieriae
800 1092 907 1155 Filium
930 1094 1023 1156 semel
1045 1095 1076 1157 in
1099 1114 1290 1160 eonsumma-

63 1198 150 1259 tiooe
170 1194 357 1256 saeculorum
378 1192 559 1255 advenisse?
601 1193 660 1256 hut
680 1211 733 1255 eur
756 1193 852 1255 Verbo
876 1195 916 1256 ita
939 1195 1094 1269 veniente,
1118 1207 1151 1259 ut
1171 1207 1292 1261 venerat

60 1299 106 1378 in
119 1298 245 1359 Sanetos
267 1295 345 1370 illos,
368 1296 419 1374 qui
440 1295 523 1374 prius
546 1294 727 1368 exstiterant,
751 1296 798 1382 alii
822 1296 940 1375 quidem
964 1315 1069 1368 omnes
1091 1299 1201 1379 mortui
1223 1318 1291 1361 eum

62 1400 126 1462 sint
148 1397 281 1459 nondum
304 1405 541 1470 resurrexerunt,
565 1395 648 1459 solus
670 1415 740 1458 uero
763 1395 979 1460 blariaefilius
1000 1409 1072 1478 post
1093 1400 1223 1462 triduum
1238 1421 1289 1463 re-

63 1498 221 1566 surrexit?
263 1500 323 1559 Aut
344 1517 433 1577 quare
455 1517 524 1572 eum
546 1497 635 1560 simili
658 1498 748 1560 modo
770 1501 807 1560 ad
830 1500 903 1561 alios
920 1499 1047 1562 Verbum
1063 1501 1185 1575 venerit,
1209 1502 1292 1566 solus

60 1604 173 1666 uariae
193 1601 285 1662 Filius
314 1600 420 1660 dicitur
443 1583 635 1672 Emmanuel,
665 1601 750 1680 quasi
780 1620 889 1681 eorpus
919 1602 983 1682 eius
1005 1602 1119 1664 Deitate
1146 1603 1293 1684 repletum

10 1722 20 1733 ·
63 1713 96 1768 et
128 1723 164 1766 ex
195 1703 243 1764 illa
275 1702 406 1782 genitum
439 1700 503 1762 sit?
548 1701 621 1762 Nam
649 1702 722 1763 illud
751 1702 929 1764 Emmanuel
957 1703 1101 1783 signifieat
1129 1703 1293 1768 Nobiscum

62 1806 158 1869 Deus.
203 1804 254 1865 Vel
276 1821 367 1882 quare
391 1802 416 1862 si
439 1803 479 1862 ita
502 1802 630 1876 venerit,
649 1802 783 1881 quohbet
798 1803 973 1865 Sanctorum
989 1805 1170 1866 comedente
1193 1813 1223 1867 et
1243 1804 1292 1866 bi·

60 1908 165 1982 bente,
186 1905 339 1968 laborante
362 1913 391 1965 et
413 1904 569 1977 moriente,
592 1921 655 1965 non
678 1905 786 1967 dieitur
808 1906 907 1985 ipsum
932 1905 1060 1967 Verbum
1083 1907 1242 1969 comedero
1264 1912 1294 1968 et

59 2009 178 2081 bibere,
200 2007 335 2069 laborare
358 2015 386 2066 et
409 2007 495 2079 mori,
521 2004 574 2066 sed
598 2006 634 2067 de
656 2007 721 2068 solo
737 2007 844 2068 Mariae
859 2006 933 2068 Filio
957 2008 997 2068 ita
1017 2005 1147 2070 dieitur?
1192 2007 1293 2083 Quae-

60 2129 181 2191 ounque
204 2110 282 2171 enim
305 2126 413 2186 eorpus
436 2107 515 2167 istud
538 2125 662 2185 passum
684 2116 741 2181 est,
765 2108 839 2168 baec
860 2109 945 2186 quasi
968 2109 1035 2188 ipso
1051 2082 1293 2188 patiente⁸Verbo
1363 2143 1367 2154 .

60 2213 141 2276 dieta
164 2219 244 2274 sunt.
287 2210 325 2270 Et
348 2227 413 2269 eum
436 2209 473 2287 de
495 2207 559 2269 aliis
582 2206 720 2269 omnibus
744 2209 854 2270 dietum
878 2209 918 2270 sit
934 2209 1083 2283 duntaxat,
1107 2210 1185 2288 quod
1202 2208 1294 2289 geniti

61 2323 92 2376 et
120 2312 181 2373 nati
210 2312 287 2383 sint,
319 2310 356 2370 de
387 2309 453 2369 solo
477 2308 586 2370 Mariae
608 2307 684 2370 Filio
707 2309 818 2370 dictum
841 2319 902 2370 est:
932 2309 971 2371 llt
997 2311 1123 2372 Verbum
1146 2329 1219 2373 coro
1240 2312 1294 2390 su·

60 2425 144 2477 etum
165 2423 221 2475 est.
654 2466 664 2482 ,
1265 2479 1270 2496 ,

151 2517 200 2577 12.
245 2512 288 2572 Ex
312 2512 419 2591 quibus
444 2509 629 2586 ostenditur,
657 2510 695 2571 ad
717 2508 850 2589 reliquos
874 2509 993 2588 quidem
1017 2511 1141 2573 Sanotos
1164 2510 1294 2573 Verbum

61 2619 178 2697 laetum¹
197 2633 276 2687 esse,
300 2623 332 2673 ut
353 2613 585 2692 prophetarent,
610 2630 646 2672 ex
667 2611 759 2672 Maria
781 2619 880 2671 autem
902 2611 1030 2672 Verbum
1054 2631 1141 2673 earne
1163 2621 1296 2675 assumta
1326 2649 1331 2661 ·

55 2718 216 2780 bominem
237 2714 398 2795 prodiisse,
423 2715 472 2793 qui
497 2716 603 2774 natura
625 2712 744 2793 quidem
768 2722 798 2774 et
819 2712 984 2774 substantia
997 2713 1122 2775 Verbum
1144 2713 1198 2775 Dei
1219 2721 1294 2790 erat,

62 2819 229 2880 seeundum
257 2834 376 2877 carnem
407 2825 506 2875 autem
536 2834 571 2875 ex
601 2814 717 2876 semine
738 2814 828 2874 David
852 2825 939 2875 etex
962 2816 1294 2877 earneblariaehomo

63 2923 160 2981 laetus
184 2926 239 2990 est,
263 2927 297 2978 ut
317 2918 357 2977 ait
378 2916 497 2977 Paulus.
542 2916 627 2977 Hune
648 2916 737 2977 Pater
759 2916 789 2976 iu
812 2914 938 2976 Iordane
960 2923 990 2976 et
1011 2916 1043 2976 iu
1065 2923 1172 2976 monte
1198 2914 1295 2977 mani·
1349 2955 1354 2964 -

61 3019 182 3080 lestavit
202 3018 320 3079 dicens:
343 3018 400 3079 Hic
422 3028 468 3078 est
489 3017 585 3079 Filius
607 3036 691 3080 meus
715 3017 856 3091 dilectus,
879 3022 912 3078 lu
935 3036 991 3096 quo
1014 3019 1089 3078 mllu'
1110 3019 1295 3100 complacui.

62 3120 151 3183 Hunc
171 3119 271 3180 Ariani
294 3119 412 3196 quidem
435 3114 628 3197 abnegstunt
650 3137 708 3180 nos
730 3136 801 3179 vero
825 3127 1020 3196 agnoscentes
1043 3118 1217 3197 adoramus,
1240 3119 1302 3181 nee
1357 3184 1360 3191 ,

62 3222 173 3283 Filium
195 3238 211 3280 a
233 3219 331 3280 Verbo
355 3219 522 3292 dividimus,
547 3220 599 3280 sed
623 3205 813 3298 agnoscimus
835 3219 936 3298 ipsum
951 3218 1080 3280 Verbum
1096 3239 1162 3283 esse
1177 3221 1379 3296 Filium,r.oro.

63 3341 120 3404 per
148 3341 237 3402 quem
265 3321 364 3381 omnia
394 3322 469 3381 laeta
492 3329 562 3382 sunt
585 3331 614 3383 et
634 3339 689 3400 per
712 3339 800 3400 quem
821 3340 879 3382 nos
901 3321 1027 3382 redemti
1051 3340 1165 3383 sumus.
1212 3322 1294 3414 Qua-

62 3433 188 3504 propter
210 3422 308 3483 mirati
333 3440 447 3494 sumus,
471 3422 552 3502 quod
575 3420 604 3483 in
627 3421 717 3484 rebus
741 3423 781 3484 ita
802 3422 969 3484 manifestis
992 3424 1069 3501 apud
1092 3441 1145 3484 sos
1168 3418 1295 3485 eonten-

66 3525 108 3585 tio
133 3524 239 3586 oborta
262 3525 312 3584 sit.
357 3523 415 3584 Sed
440 3525 531 3602 gratia
556 3524 596 3604 sit
618 3523 761 3597 Domino,
792 3523 860 3603 quia
890 3532 1031 3603 quantum
1054 3544 1089 3586 ex
1112 3533 1296 3586 commenta-

63 3626 178 3686 riorum
201 3625 329 3687 leetione
352 3625 519 3687 contristati
541 3644 657 3701 sumus,
681 3634 793 3687 tantum
818 3644 922 3687 sumus
945 3644 1046 3686 rerum
1068 3626 1193 3686 istarum
1216 3625 1297 3687 exitu

63 3786 119 3843 post
137 3771 288 3853 ξκΜαρίας
305 3770 463 3858 ἔμμανουήῇ
480 3778 545 3828 addit
555 3773 600 3826 καὶ
615 3772 657 3845 tp·
710 3769 753 3825 ὅτι
771 3779 840 3828 deest
857 3778 881 3826 in
898 3777 1012 3840 plurimis
1022 3792 1080 3826 mss.
1091 3776 1134 3825 sed
1143 3775 1297 3853 retinendam

61 3858 210 3911 μηνευεται
227 3837 289 3910 μεθ’
310 3844 389 3910 ημῶν
406 3845 478 3897 deos·
707 3846 808 3894 uidetur.
844 3845 896 3894 llox
920 3846 1020 3906 Seguer.
1045 3844 1113 3893 solus
1137 3837 1296 3890 ἐπιθέτου
1384 3871 1387 3878 -

707 3905 736 3961 ἐκ
752 3905 864 3977 Μαρίας
879 3905 975 3976 μόνον.
1013 3913 1077 3961 [ulra
1096 3912 1182 3974 Epipb.
1197 3913 1296 3972 Seguer.

708 3981 806 4030 Gobler.
832 3989 856 4028 et
879 3981 983 4029 Felehm.
1006 3980 1028 4029 l.
1045 3972 1157 4031 πάντας.
1192 3979 1255 4027 Editi
1274 3985 1297 4030 et

707 4048 747 4096 alii
768 4038 897 4100 ἅπαντας.

740 4130 761 4177 g.
780 4116 881 4176 Seguer.
901 4107 914 4161 ὁ
933 4107 1014 4176 λόγος
1031 4107 1119 4178 ἑαυτῷ
1138 4107 1174 4161 σά
1193 4126 1235 4159 κα.

62 4141 655 4281 ἓῗιῖὴὲξῖἧῗῖτῗῖιιιέιίοῖαέεοςῖζῖσκοὲἔηῖἶῖ
739 4184 763 4232 ¹²·
782 4182 853 4243 ³⁰⁸⁰·
867 4181 1077 4233 ⁰⁰b¹·‘²f²¹⁰l¹¹⁰·
1089 4182 1109 4230 ¹·
1129 4127 1296 4248 &⁶0le

62 4287 184 4349 Epiphan.
203 4279 362 4333 ἀποθανών.
461 4296 463 4303 ’

52 3936 62 3943 ’
99 3962 120 3996 e.
139 3949 181 3996 Sic
200 3947 286 4011 Epiph.
306 3948 402 3997 Gobler.
422 3947 527 3995 Felehm.
541 3947 563 3995 1.
582 3947 655 4007 Sego.

64 4015 91 4064 ln
111 4016 167 4063 edit.
185 4013 347 4084 προφητῶν.
386 4015 450 4063 lnlra
469 4014 568 4075 Seguer.
584 4012 654 4063 Gobl.

62 4083 162 4131 Velelrm
180 4084 202 4131 l.
221 4093 245 4131 et
263 4077 349 4147 Epllph.
368 4072 504 4135 dealem.
526 4082 653 4130 Editirero

740 4252 754 4299 i.
775 4243 924 4312 τὸνλόγον
941 4251 1008 4298 deest
1026 4249 1051 4299 in
1069 4250 1169 4310 Seguer.

739 4319 761 4367 h.
780 4319 880 4380 Seguer.
898 4310 928 4366 ἐν
945 4310 1018 4382 ἡμῖν.
1057 4317 1122 4367 lnlra
1142 4308 1184 4365 ‘du
1195 4317 1264 4368 deest
1272 4317 1297 4367 in
1398 4331 1399 4334 ¹

95 4389 113 4436 l.
132 4387 173 4438 stc
191 4388 291 4449 Seguer.
306 4388 397 4449 Anglie.
409 4387 505 4437 Gobler.
516 4386 653 4436 etFelolrm.
706 4384 763 4435 edit.
783 4386 835 4435 Col.

62 4454 85 4505 1.
121 4455 150 4506 ln
174 4455 231 4508 aliis
256 4463 280 4505 et
302 4456 327 4506 in
352 4456 422 4506 editis
441 4450 470 4504 δέ
489 4456 564 4505 deest.
601 4455 654 4505 blox
741 4454 756 4502 l.
776 4453 816 4504 Sic
838 4453 988 4517 Epiphanius
1013 4462 1036 4502 et
1063 4452 1153 4504 Fronto
1177 4452 1296 4504 humens.
