2948 5092
18 238 80 299 270
420 246 448 289 ε.
462 243 617 289 nummu
631 241 856 286 ιυεοιεοιευοει

17 422 84 465 των
105 419 169 481 μου
193 394 282 463 ἐστίν
291 398 323 476 ¹),
346 393 466 479 ἵναμὴ
489 394 581 472 ξένον
602 416 654 470 τις
674 392 734 476 τῆς
756 390 880 459 ἐκείνου
903 390 1037 480 φύσεως
1051 387 1153 458 αότὸν
1167 386 1257 457 δπο-

1 526 11 564 ι.
19 498 128 586 λάβοι,
151 494 236 565 άλλὰ
255 497 376 581 μείζων
400 491 507 574 εἶπεν,
532 488 570 560 οδ
592 499 730 580 μεγέθει
750 495 817 560 τινί
840 489 918 560 οὐδὲ
937 492 1062 581 χρόνῳ,
1087 487 1175 561 άλλά
1197 492 1257 560 διά

18 601 78 690 τὴν
111 599 147 680 ἒξ
173 597 275 666 αὐτοῦ
302 600 362 665 τοῦ
390 595 519 683 πατρός
545 601 712 682 γέννησιν·
745 595 833 684 πλὴν
864 590 918 663 ότι
938 598 993 663 καί
1017 594 1051 664 έν
1073 598 1121 684 τῷ
1145 594 1255 665 εἰπεῖν

17 702 137 789 μείζων
160 699 250 768 ἐστὶν
272 699 376 778 έδειξε
396 697 501 766 πάλιν
522 697 581 783 τὴν
602 700 661 786 τῆς
683 691 799 777 οόσίας
821 697 981 787 ἰδιότητα.

95 794 155 870 59.
185 803 253 867 Καὶ
275 796 294 868 5
317 794 506 880 ἀπόστολος
529 800 566 866 δὲ
587 793 687 878 αδτὸς
709 796 747 866 οδ
769 799 830 887 τὴν
852 794 970 869 οδσίαν
983 802 1043 866 τοῦ
1055 799 1156 886 λόγου
1167 823 1255 887 προ-

18 910 206 993 ηγουμένως
225 912 415 990 ’συγκρῖναι
435 903 548 969 θέλων
567 901 653 989 πρὸς
669 899 712 969 τά
725 900 846 989 γενητὰ
857 902 962 989 ἔλεγε·
984 900 1135 989 τοσούτῳ
1146 908 1219 989 κρεί
1238 941 1255 953 -

18 1031 86 1074 των
106 1004 279 1091 γενόμενος
300 1006 366 1071 τῶν
389 997 548 1090 άγγέλων·
571 997 786 1090 1’άσόγυιριτος
807 1003 880 1090 γάρ,
903 1006 1030 1090 μᾶλλον
1046 1005 1083 1072 δέ
1098 1003 1183 1071 άλλο
1198 1003 1255 1072 καὶ

19 1104 101 1177 άλλο
124 1105 228 1173 ἐστίν·
252 1100 336 1173 ἀλλὰ
357 1104 444 1191 πρὸς
463 1105 522 1192 τὴν
545 1104 700 1192 ένσαρκον
723 1102 906 1190 ἐπιδημίαν
927 1108 987 1173 τοῦ
1002 1105 1102 1193 λόγου
1116 1107 1254 1192 βλέπων

17 1209 73 1275 καί
95 1206 153 1292 τὴν
174 1205 251 1275 τότε
264 1203 349 1295 παρ’
374 1202 474 1274 αὐτοῦ
492 1211 666 1293 γενομένην
682 1207 884 1292 οἰκονομίαν,
908 1204 1055 1296 ἠθέλησε
1070 1208 1181 1288 δεῖξαι
1195 1202 1255 1291 οόχ

19 1303 138 1394 όμοιον
159 1303 247 1377 εἶναι
267 1312 403 1376 οτοῦτον
424 1317 497 1387 τοῖς
517 1307 696 1395 πρότῳον,
724 1309 781 1376 ἵνα
808 1303 880 1395 ὅσῳ
905 1312 946 1396 τῇ
975 1307 1076 1396 φάσει
1098 1310 1256 1398 διαφέρει

17 1411 77 1475 τοῦ
100 1411 427 1496 προαποσταλέντων
448 1406 533 1495 παρ’
558 1403 658 1476 αὐτοῦ
664 1460 674 1491 ,
699 1407 854 1497 τοσοάτηι
882 1413 937 1477 καί
965 1412 1069 1477 πλέον
1091 1405 1112 1497 ἡ
1141 1405 1251 1497 *παρ’

19 1503 121 1577 αότοῦ
142 1513 197 1577 καί
220 1505 267 1577 δι’
292 1506 394 1578 αὐτοῦ
415 1516 568 1598 γενομένη
582 1510 677 1597 χάρις
690 1517 846 1597 κρείττων
868 1514 927 1600 τῆς
942 1505 991 1579 δι’
1017 1506 1162 1599 ἀγγέλων
1178 1513 1255 1580 δια-

18 1616 131 1689 κονίας
152 1617 293 1699 γένηται.
317 1611 443 1679 δοόλων
464 1613 525 1696 μέν
546 1612 608 1700 γὰρ
629 1601 668 1698 ἦν
690 1606 847 1679 άπαιτεῖν
868 1610 971 1697 μόνον
993 1613 1072 1692 τοὺς
1091 1614 1252 1701 καρποός,

19 1711 94 1779 υἱοῦ
117 1712 154 1780 δέ
174 1716 229 1780 καί
251 1712 418 1782 δεσπότου
430 1720 639 1799 χαρίσασθαι
655 1712 715 1793 τὰς
731 1708 870 1801 όφειλὰς
892 1712 964 1781 οκαὶ
977 1721 1180 1799 μεταθεῖναι
1194 1714 1252 1782 τόν

20 1809 211 1900 άμπελῶνα.
234 1819 288 1883 καί
310 1814 353 1883 τὰ
375 1814 601 1903 ἐπιφερόμενα
621 1818 700 1903 γοῦν
715 1814 808 1900 παρὰ
822 1817 881 1881 τοῦ
897 1809 1090 1882 ἀποστόλου
1106 1818 1253 1884 δείκνυσι

19 1913 79 2002 τὴν
110 1916 278 2004 διαφοράν
299 1920 358 1984 τοῦ
380 1917 454 1983 υἱοῦ
476 1915 563 2003 πρὸς
583 1916 626 1984 τὰ
646 1917 780 2005 ’γενητὰ
801 1917 968 2002 λέγοντος·
998 1917 1056 1984 διὰ
1076 1920 1178 1984 τοῦτο
1202 1920 1255 1986 δεῖ

21 2023 267 2106 περισσοτέρως
303 2023 474 2104 προςέχειν
507 2013 594 2105 ἡμᾶς
629 2029 702 2099 τοῖς
736 2012 951 2098 άκουσθεῖσι,
989 2018 1034 2105 μή
1068 2042 1155 2088 ποτε
1185 2044 1253 2086 πα-

22 2119 223 2206 ραῤῥυῶμεν.
240 2121 271 2188 εί
283 2120 344 2208 γὰρ
362 2116 380 2186 5
396 2116 437 2186 δι’
455 2114 599 2206 όγγέλων
614 2121 773 2208 λαληθεὶς
787 2118 885 2205 λόγος
899 2119 1026 2206 ἐγένετο
1036 2126 1184 2206 βέβαιος,
1195 2119 1253 2188 καὶ

21 2223 117 2287 πᾶσα
151 2221 343 2316 παράβασις
379 2223 434 2289 καί
463 2220 615 2309 παρακοὴ
650 2222 765 2308 έλαβεν
798 2221 925 2288 ένδικον
958 2222 1251 2306 μισθαποδοσίαν,

21 2323 97 2401 πῶς
117 2317 213 2409 ἡμεῖς
234 2322 463 2412 ἐκφευξόμεθα
491 2322 685 2411 τηλικαύτης
706 2317 929 2408 ἀμελήσαντες
950 2330 1134 2410 σωτηρίαςς
1154 2319 1178 2412 ἥ
1202 2349 1254 2404 τις

22 2416 123 2511 άρχὴν
150 2426 299 2512 λαβοῦσα
326 2426 506 2493 λαλεῖσθαι
526 2423 606 2490 «διὰ
625 2426 683 2491 τοῦ
702 2429 832 2508 κυρίου,
863 2420 931 2490 άπὸ
951 2426 1018 2490 τῶν
1040 2420 1254 2492 ἀκουσάντων

23 2523 70 2604 είς
91 2521 177 2612 ἡμᾶς
198 2527 428 2615 έβεβαιώθη’).
461 2525 491 2593 εἰ
514 2526 550 2592 δὲ
571 2529 638 2593 τῶν
658 2527 799 2612 γενητῶν
815 2519 863 2603 είς
883 2513 923 2611 ἦν
946 2519 964 2591 5
984 2523 1066 2605 υἱός,
1089 2519 1130 2591 οδ
1145 2533 1253 2613 κρείτ-

21 2650 88 2694 των
111 2622 219 2696 αὐτῶν
240 2620 297 2718 ἦν,
325 2625 478 2695 1’σι’ότεέν
500 2631 539 2715 τῇ
563 2630 714 2715 παρακοῇ
737 2625 776 2692 τό
797 2627 910 2711 μεῖζον
937 2629 996 2714 τῆς
1016 2632 1183 2712 τιμωρίας
1205 2623 1251 2694 δι’

23 2722 124 2798 αότόν
146 2726 311 2798 άπέκειτο.
335 2725 412 2797 οὐδὲ
433 2729 493 2816 γὰρ
517 2729 551 2797 ἐν
573 2732 612 2817 τῇ
636 2730 785 2815 διακονίᾳ
807 2730 873 2794 τῶν
896 2722 1039 2813 άγγέλων
1059 2726 1136 2812 ἐνῆν
1149 2733 1254 2795 καθέ-

22 2854 144 2900 καστον
167 2828 274 2901 αδτῶν
295 2833 334 2900 τὸ
355 2832 467 2918 μεῖζον
489 2829 545 2898 καὶ
567 2831 702 2918 ἐ’λαττον
725 2828 759 2897 έν
778 2839 852 2906 τοῖς
873 2833 1150 2914 παραβαίνουσιν,
1176 2822 1251 2896 ἀλλ’

24 2926 72 3012 είς
93 2923 132 3020 ἦν
156 2929 175 3000 5
196 2935 297 3021 νόμος
317 2931 373 3000 καὶ
393 2939 455 3018 μία
476 2928 594 3020 ἡκατὰ
607 2934 673 2998 τῶν
695 2920 984 3015 ἰπαραβαινόντων
1000 2928 1136 2996 ἐκδικία.
1160 2929 1255 2999 ἒπει-

24 3031 124 3120 δὴδδ
146 3031 204 3104 οὒκ
226 3037 298 3104 έστι
318 3037 384 3102 τῶν
406 3036 548 3121 γενητῶν
571 3028 589 3096 5
612 3031 717 3117 λόγος,
741 3026 816 3096 ἀλλ’
847 3030 919 3110 υίὸς
938 3034 997 3097 τοῦ
1020 3030 1167 3117 πατρὸς,
1198 3030 1255 3100 διὰ

23 3137 123 3201 τοῦτο
146 3132 214 3223 ὅσῳ
241 3131 397 3222 κρείττων
425 3129 525 3211 αὐτὸς
545 3131 601 3198 καὶ
622 3131 665 3199 τά
686 3127 735 3198 δι’
760 3125 861 3198 αότοῦ
889 3139 1060 3218 κρείττονα
1087 3135 1142 3199 καί
1165 3135 1255 3200 λίπα·

24 3236 230 3322 ρηλλαγμένα
252 3231 332 3316 έστί,
356 3233 503 3319 τοσούτῳ
525 3232 581 3299 καί
602 3229 622 3320 ἦ
643 3236 809 3320 λειμωρία
827 3239 945 3319 χείρων
960 3238 1098 3318 γένοιτο.
1123 3234 1254 3301 θεασά-

24 3341 166 3405 σθωσαν
187 3341 265 3425 γοῦν
286 3335 344 3420 τὴν
367 3333 424 3401 διά
445 3338 503 3401 τοῦ
525 3330 599 3400 υἱοῦ
618 3335 722 3420 χάριν,
746 3337 801 3401 καί
817 3333 1052 3420 έπιγνῶτωσαν
1066 3337 1122 3401 καί
1138 3333 1175 3402 ἐκ
1189 3339 1255 3402 τῶν

25 3434 127 3523 έργων
148 3436 414 3527 μαρτυρούμενον
436 3428 545 3516 αὖτόν,
571 3430 710 3503 ὅτιτῶν
731 3438 791 3520 μὲν
808 3438 950 3523 γενητῶν
965 3432 1065 3514 άλλος
1087 3434 1170 3518 έστί,
1193 3435 1256 3523 μό-

23 3559 81 3619 νος
102 3540 139 3606 δὲ
161 3534 260 3618 αὐτὸς
288 3536 377 3616 ὐἱὸς
406 3530 568 3623 άληθινὸς
590 3536 624 3604 ἐν
646 3541 693 3624 τῷ
716 3535 821 3622 πατρὶ
842 3534 898 3603 καὶ
921 3532 938 3602 5
960 3535 1071 3623 πατὴρ
1094 3536 1130 3604 έν
1152 3534 1254 3625 αὐτῷ.

25 3632 43 3705 5
66 3638 167 3727 νόμος
190 3642 226 3708 δέ
249 3633 295 3707 δι’
314 3633 457 3726 άγγέλων
474 3636 631 3724 ἐλαλήθη,
654 3641 708 3704 καί
725 3631 843 3704 οὐδένα
857 3638 1076 3718 τετείείωκεἺ
1100 3637 1256 3724 δεόμενος

95 3796 119 3859 l)
138 3797 203 3848 Ιοεο.
224 3797 264 3858 14,
283 3795 324 3846 28.
395 3794 420 3855 λ)
438 3794 511 3844 Hebr.
531 3793 555 3854 2,
575 3793 647 3843 1-3.
718 3794 743 3855 3)
763 3794 834 3844 Hebr.
855 3795 879 3855 7,
901 3793 941 3843 19.

58 3946 78 3983 ι.
97 3934 197 3995 Sagun.
223 3940 246 3982 εί
263 3929 399 3981 Festum.
418 3929 451 3979 5.-
463 3927 615 3993 συγκρῖναι.
665 3918 698 3975 ἵν’
719 3919 776 3992 όσφ
794 3925 828 3994 τῇ
845 3921 927 3992 ρόσιι
945 3921 1073 3994 διαφέρῃ.

21 3996 86 4053 Edit!
105 4007 128 4051 ει
145 3999 186 4050 nli!
205 3993 351 4064 διακρῖναι.
700 3995 842 4072 δχὸεςοεε.
865 3986 930 4062 παρ’
950 3987 1043 4044 αδτοδ.
1081 3994 1145 4047 miti
1169 4004 1194 4047 οι
1218 3998 1257 4049 alii

57 4068 81 4118 b.
100 4068 141 4118 Sic
157 4069 256 4129 segnes.
292 4066 407 4129 Idemque
424 4078 479 4114 mox
492 4063 614 4124 εῑλοςΙὶε,
664 4075 741 4130 παρα
762 4056 870 4111 τοότοσ.
914 4064 1001 4125 Regius
1026 4071 1050 4113 ιι
1072 4062 1213 4115 Felckman.
1233 4065 1257 4115 5.

24 4133 305 4187 Gobler.etl·'elckm.l.
325 4123 388 4179 ἄλλο
399 4125 446 4178 καὶ
455 4123 518 4179 ἄλλο
527 4123 611 4179 ἐστίν.
664 4123 741 4200 παρὰ
762 4123 863 4178 τοότου
886 4123 933 4179 καλ
956 4123 1004 4177 διὰ
1020 4122 1127 4180 τούτου.
1164 4131 1257 4184 Ibidem

23 4198 97 4254 ΙειΙΙ,
116 4192 282 4267 άσόγκριτον
303 4192 358 4264 γάρ
377 4189 486 4275 άληθῶς
498 4193 612 4275 μᾶλλον.
664 4197 765 4260 θεςυει.
781 4192 904 4265 κρείττω.

23 4265 88 4321 talu
107 4278 131 4321 ει
148 4269 188 4320 alii
208 4259 375 4333 άσόγκριτον
384 4279 449 4334 γαρ,
469 4261 573 4332 μαλλον
583 4259 613 4315 δὲ
699 4281 721 4315 ε.
740 4267 839 4329 Seguer.
857 4260 1044 4331 μετατιθέναι.

25 4324 88 4387 ἄλλο
107 4329 189 4387 latr.
699 4334 716 4382 t.
735 4334 776 4384 Sic
792 4334 891 4395 Seguer.
910 4332 1259 4395 neg.cobler.etrelekm.1.

60 4418 80 4457 ε.
99 4400 456 4468 51ο8ιςυιε.θιιί1.ῖοςίία
476 4400 614 4452 ethlom.
667 4399 746 4451 Ceteri
770 4415 826 4450 vero
845 4414 899 4453 cum
918 4401 975 4451 εδὶι.
993 4399 1113 4451 Commel.
1130 4394 1258 4468 γεννητά.

25 4466 51 4525 δ.
84 4471 114 4527 λι
131 4470 173 4525 ιΙΙί
190 4478 215 4525 ιι
232 4468 289 4523 odiu
307 4465 398 4521 τοῦτο.
432 4468 494 4521 ibid.
512 4468 613 4532 ειςαιε.
701 4482 723 4531 ς.
741 4467 817 4521 Enii.
834 4459 887 4518 δπλ
904 4464 955 4518 τοῦ
971 4461 1075 4537 κυρίου.
1110 4468 1261 4538 paulopost
