2948 5092
102 245 166 314 580
447 325 449 329 Ι
504 256 532 303 ε.
545 236 938 302 :munumentum

17 429 186 501 ε.ιιι.γετο,
210 411 243 478 οί
265 409 302 477 δέ
324 408 359 477 έν
381 402 495 485 αότοίς
516 406 621 491 νεκροί
636 398 815 493 ἠγείροντο,
830 406 885 472 καὶ
900 404 1192 491 τόγεθαυμαστὸν
1206 403 1241 472 ol
1253 403 1325 474 τότε

99 511 264 600 παρόντες
283 512 356 577 'nal
378 504 574 596 ἀρνούμενοι
594 506 758 594 πρότερον
780 500 881 573 αύτόν
902 503 1042 592 ὕστερον
1061 510 1170 574 ταῦτα
1183 488 1355 621 βλέπον,

99 639 155 694 τες
176 609 393 700 ὁμολογοῦσιν
416 605 553 695 ἀληθῶς
573 612 691 675 τοῦτον
713 603 799 675 εἶναι
819 611 898 674 ⁵105
918 611 1005 675 θεοῦ
1025 607 1085 674 τὸν
1108 608 1185 676 υίόν
1193 613 1225 690 ¹).

187 723 237 784 57.
281 716 366 799 Περὶ
388 714 425 779 δὲ
446 714 505 778 τοῦ
527 712 632 797 λέγειν
653 704 770 777 αὐτόν·
792 709 823 777 εί
838 708 977 803 δυνατὸν
991 711 1194 796 παρελθέτω
1209 708 1250 775 τὸ
1265 732 1323 776 πο-

99 816 257 906 τήριον’),
285 815 414 900 μάθετε
434 817 509 893 πῶς
529 816 635 880 ταῦτα
657 810 793 899 εἰρηκὼς
814 811 956 896 ἐπετίμα
975 815 1023 899 τῷ
1040 816 1183 898 Πέτρῳ,
1207 812 1321 897 λέγων
1352 852 1357 860 1

99 913 141 986 οά
168 927 304 1006 φρονεῖς
324 917 367 985 τὰ
387 918 446 983 τοῦ
467 918 568 994 θεοῦ,
591 909 693 982 *ἀλλὰ
712 913 756 981 τὰ
775 916 843 980 τιόν
865 908 1098 999 ἀνθρώπων’).
1136 911 1245 999 ἤθελε
1265 912 1320 1001 γάρ

99 1018 120 1086 ὃ
140 1029 333 1108 παρῃτεῖτο,
355 1020 409 1085 καί
433 1017 490 1085 διά
509 1011 596 1083 τοῦτ’
618 1005 659 1101 ἦν
681 1014 809 1083 ἐλθών·
831 1011 917 1083 ἀλλὰ
936 1018 996 1082 τού
1017 1005 1129 1100 μὲνῆν
1143 1013 1186 1081 τό
1199 1004 1318 1093 θέλειν,

99 1119 278 1190 ἐπὶτοῦτο
299 1119 361 1207 γὰρ
382 1109 477 1207 ἦλθε,
499 1121 559 1205 τῆς
581 1118 616 1186 δὲ
639 1106 819 1204 σαρκόςῆν
840 1116 880 1183 τό
902 1117 1039 1196 δειλιάν,
1063 1115 1193 1183 διὸκαὶ
1208 1113 1256 1195 ὦς
1270 1114 1319 1182 ἀν·

97 1228 242 1310 θρωπσς
274 1222 362 1308 ἐλεγε
393 1220 452 1309 τὴν
483 1218 638 1307 τοιαύτην
671 1218 793 1307 φοινόν.
829 1218 886 1286 καί
908 1212 1083 1306 ἀμφότερα
1103 1217 1211 1285 πάλιν
1233 1216 1320 1303 παρὰ

97 1327 158 1394 τοῦ
181 1318 282 1392 αύτοῦ
303 1324 467 1410 ιἐλέγετο,
489 1322 546 1390 ίνα
568 1322 656 1409 δείξῃ
679 1317 836 1399 ὅτιθεὸς
855 1310 896 1408 ἦν
916 1321 1030 1387 θέλων
1049 1321 1110 1404 μὲν
1133 1314 1254 1399 αάτός,
1275 1343 1321 1406 γε·

97 1424 235 1513 νόμενος
256 1426 294 1493 δὲ
315 1423 499 1510 άνθρωπος
521 1419 586 1507 εἶχε
607 1419 784 1492 δειλιῶσαν
804 1422 863 1511 τὴν
878 1421 993 1509 σάρκα,
1017 1417 1058 1488 δι’
1075 1419 1115 1508 ἢν
1130 1426 1321 1507 συνωείρασε

96 1527 137 1596 τὸ
159 1527 277 1595 ἑαυτοῦ
299 1528 432 1614 θέλημα
453 1529 493 1614 τῇ
515 1522 713 1613 ἀνθρωπίνῃ
735 1519 912 1612 ἀσθενείᾳ,
940 1524 998 1591 ἵνα
1018 1525 1197 1590 καὶτοῦτο
1220 1521 1317 1589 πάλιν

96 1623 266 1716 ἀφανίσας
285 1629 474 1715 θαρραλέον
495 1627 553 1695 τὸν
575 1625 760 1714 ἀνθρωπον
781 1625 901 1694 ’πάλιν
922 1626 1009 1712 πρὸς
1022 1624 1082 1692 τὸν
1094 1624 1252 1692 θάνατον
1265 1648 1317 1690 κο·

95 1728 290 1817 ταοκευάσῃ.
336 1729 408 1797 ἰδού
435 1719 523 1817 γὀἀν
551 1732 689 1816 πρᾶγμα
708 1726 900 1817 παράδοξον
922 1722 1076 1815 ἀληθῶς·
1110 1725 1150 1793 ὃν
1173 1722 1221 1806 ὦς
1241 1723 1317 1793 κατὰ

96 1824 223 1899 δειλίαν
242 1831 371 1898 ἰλαλεῖν
398 1830 588 1916 νομίζουσιν
619 1830 653 1897 οἱ
677 1829 908 1918 χριστομάχοι,
942 1819 1040 1908 οὗτος
1059 1831 1100 1916 τῇ
1118 1828 1316 1914 νομιζομένῃ

96 1932 205 2020 δειλίᾳ
236 1933 444 2019 θαρραλέους
470 1934 526 1999 καί
553 1927 704 2020 ἀφόβους
729 1931 809 2011 τοὺς
836 1927 1041 2018 ἀνθρώπους
1060 1929 1315 2010 «κατεσκεύαζεν.

95 2033 130 2101 οἱ
150 2023 245 2120 γὀύν
272 2033 431 2119 μακάριοι
460 2028 647 2101 ἀπόστολοι
673 2029 742 2118 μετ’
766 2028 867 2101 αάτὸν
888 2029 994 2113 οότως
1016 2031 1051 2100 ἐκ
1072 2030 1318 2099 τῶντοιούτων

96 2137 220 2223 φωνῶν
246 2134 471 2224 κατεφρόνουν
496 2139 556 2204 τοῦ
577 2135 744 2218 θανάτου,
775 2132 820 2215 ὥς
841 2137 925 2224 μηδὲ
946 2134 1134 2225 φροντίζειν
1156 2137 1226 2201 τῶν
1248 2129 1320 2200 ἀνο-

8 2228 274 2325 Μίθικρινόντων
296 2231 424 2317 αύτούς,
448 2231 534 2305 ἀλλὰ
555 2240 676 2324 λέγειν·
697 2243 898 2325 πειθαρχεῖν
919 2238 972 2306 δεῖ
991 2240 1065 2324 θεῷ
1087 2237 1218 2321 μᾶλλον
1232 2230 1255 2323 ἢ
1268 2229 1318 2302 ἀν-

94 2337 291 2426 θρώποιςἿ,
314 2339 376 2406 λοί
394 2365 431 2408 τε
452 2337 549 2406 ἀλλοι
571 2337 661 2426 ἀγιοι
680 2338 843 2428 μάρτυρες
858 2335 964 2418 οὕτως
978 2336 1155 2425 ἐθάῤῥουν,
1180 2333 1228 2417 ὦς
1241 2336 1318 2422 μάλ-

93 2441 153 2509 λον
180 2441 324 2525 νομίζειν
353 2435 473 2521 αὖτοὺς
503 2442 550 2520 είς
579 2442 664 2530 ζωὴν
683 2448 895 2528 μεταβαίνειν
915 2435 938 2530 ἢ
957 2439 1108 2508 θάνατον
1128 2435 1311 2524 ἀπομένειν.

92 2544 169 2620 πῶς
197 2531 255 2608 οὗν
284 2539 342 2609 οὐκ
369 2541 498 2611 ἀτοπον
525 2547 592 2611 τῶν
613 2547 673 2629 μὲν
689 2544 910 2633 θεραπόντων
931 2545 991 2609 τοῦ
1013 2542 1111 2628 λόγου
1133 2540 1313 2625 θαυμάζειν

91 2642 151 2730 τὴν
173 2637 342 2730 ἀνδρείαν,
377 2640 477 2711 αάτὸν
499 2647 536 2712 δὲ
557 2645 615 2711 τόν
637 2647 734 2732 λόγον
755 2647 860 2732 λέγειν
883 2646 1024 2724 δειλιάν,
1048 2638 1089 2710 δι’
1115 2641 1154 2709 ὃν
1175 2639 1315 2731 κάκεῖνοι

91 2745 165 2812 ἰτού
186 2744 337 2812 θανάτου
359 2746 607 2834 κατεφρόνησαν
614 2777 626 2830 ,·
658 2747 694 2815 ἐκ
715 2748 752 2815 δὲ
772 2750 832 2836 τῆς
852 2749 918 2814 τῶν
934 2741 1035 2831 άγίων
1050 2743 1228 2831 μαρτύρων
1242 2767 1313 2828 καρ·

90 2845 311 2932 τερικωτάτης
331 2851 530 2930 προθέσεως
551 2852 605 2916 καί
628 2846 781 2935 ἀνδρείας
803 2850 976 2929 δείκνυται,
1000 2843 1046 2926 ιύς
1067 2841 1126 2927 οάκ
1148 2835 1188 2933 ἦν
1202 2841 1224 2933 ἦ
1240 2843 1313 2913 θεό-

92 3045 139 3127 ὦς
165 3048 227 3136 γὰρ
254 3049 313 3115 τὸν
340 3049 491 3117 θάνατον
518 3051 658 3139 θανάτῳ
679 3051 861 3140 κατήργησε
881 3050 938 3117 καί
960 3045 1187 3135 ἀνθρωπίνως
1208 3047 1313 3116 πάντα

89 3149 134 3217 τά
167 3145 385 3236 ἀνθρώπινοι,
408 3148 537 3231 Ιιυότως
563 3156 604 3240 τῇ
635 3155 830 3241 νομιζομένῃ
859 3153 967 3239 δειλίᾳ
993 3152 1052 3239 τὴν
1074 3147 1168 3238 ἡμῶν
1191 3151 1311 3217 δειλίαν

91 3247 271 3338 ἀφῃρεῖτο,
305 3253 359 3317 καὶ
390 3259 555 3340 πεποίηκε
581 3261 697 3342 μηκέτι
724 3259 912 3344 φοβεῖσθαι
932 3254 1010 3332 τοὺς
1032 3248 1239 3339 ἀνθρώπους
1258 3249 1311 3317 τόν

88 3349 250 3419 θάνατον.
288 3353 394 3438 ἐλεγεν
417 3342 474 3422 σόν
497 3359 603 3423 ταῦτα
623 3358 678 3423 καί
700 3351 770 3440 ἅμα
792 3355 910 3423 ἐποίει.
948 3350 1151 3441 ἀνθρώπινα
1172 3351 1310 3438 μὲνγὰρ

88 3440 190 3540 ἦντὸ
213 3454 334 3539 λέγειν·
357 3456 556 3541 παρελθέτω
576 3456 616 3522 τὸ
638 3455 815 3545 ποτήριον,
838 3459 892 3524 καί
916 3456 1003 3523 ίνατί
1022 3481 1065 3541 με
1087 3455 1312 3541 ἐγκατέλιπεςς

88 3556 215 3632 θεϊκόύς
242 3555 279 3621 δέ
307 3551 325 3620 ό
355 3549 455 3635 αύτός
483 3557 593 3625 ἐποίει
617 3557 676 3624 τόν
703 3554 797 3645 ἥλιον
824 3557 987 3626 ἐκλείπειν
1008 3560 1063 3625 καὶ
1084 3557 1164 3637 τοὺς
1184 3555 1312 3644 νεκροὺς

89 3654 297 3741 ἐγείρεσθαι,
327 3655 431 3724 πάλιν
459 3684 496 3726 τε
517 3661 619 3745 λέγων
640 3655 880 3747 ἀνθρωπίνως·
903 3662 959 3726 νῦν
981 3655 1000 3723 ύ
1023 3658 1112 3746 ψυχή
1133 3682 1200 3742 μου
1222 3657 1324 3730 τετά-.

88 3761 246 3844 ρακταϋ),
269 3758 358 3845 ἔλεγε
379 3761 450 3826 Ῑκαὶ
472 3763 611 3840 θεϊκῶς·
634 3760 785 3842 ἐξουσίαν
808 3762 870 3846 ἔχω
892 3766 1008 3828 θεῖναι
1028 3759 1086 3847 τὴν
1108 3760 1219 3847 ψυχήν
1240 3783 1310 3846 μου,

158 3915 182 3974 1)
208 3915 289 3966 nauh.
314 3915 363 3977 27,
381 3916 423 3966 15.
442 3916 570 3981 51-54,
597 3919 669 3969 Mare.
689 3918 735 3979 15,
754 3917 795 3969 33.
814 3917 853 3968 38.
874 3918 920 3982 39;
948 3917 1006 3968 Luc·
1024 3916 1072 3976 23,
1091 3916 1133 3967 44.
1151 3916 1194 3967 45.
1211 3916 1255 3967 47.
1271 3914 1309 3966 48.

85 3981 217 4112 ῗολῃξδεὶῑέ
234 3982 279 4100 ἐξ,
297 3982 339 4034 39.
425 3982 451 4046 3)
474 3985 557 4037 1111111.
575 3985 615 4048 16,
634 3985 682 4050 233
709 3986 780 4038 Marc.
799 3986 824 4048 8,
843 3985 883 4037 33.
969 3985 996 4047 4)
1018 3989 1097 4036 λοίοτ.
1116 3984 1142 4048 5,
1160 3983 1203 4036 29.
1288 3981 1311 4042 51

99 4141 142 4201 ἐ.
161 4152 219 4229 ἕλες.
235 4151 256 4203 1.
276 4160 299 4202 ει
316 4152 417 4215 Seguer.
434 4149 533 4211 καίτοι,
552 4155 674 4221 iidemque
762 4173 783 4206 υ.
803 4157 859 4218 Βες.
880 4156 902 4205 1.
927 4163 950 4205 ει
967 4154 1068 4216 Seguer.
1087 4153 1180 4203 εδδοοι
1196 4144 1264 4215 ἀλλά
1279 4143 1311 4199 τό

85 4233 142 4270 Πίθῐ
158 4215 511 4285 υσῐὲρθνέαῧϊαλὲγοντεσ.
547 4223 673 4274 Βεείῐὶεοε.
727 4222 785 4272 τῶν
803 4215 976 4291 ἀνθρώπων,
1001 4236 1062 4287 quae
1087 4223 1112 4270 iu
1129 4222 1185 4271 aliis
1203 4219 1310 4270 ειέδλίτ

85 4286 177 4337 ibidem
195 4288 262 4337 'ddi‘
279 4282 309 4337 δέ
326 4296 383 4352 Ρθθῑ
399 4282 521 4356 ῧπέρθν-
727 4293 822 4342 desunt.
858 4293 924 4351 Οοεε
948 4305 1001 4340 mox
1020 4297 1155 4354 sequuntur
1172 4291 1204 4339 ίιι
1223 4282 1312 4338 exstant

120 4355 144 4404 5.
162 4356 219 4418 Βες.
231 4356 254 4406 1.
273 4364 296 4405 et
309 4356 381 4418 Segu.
398 4355 448 4405 τοό
465 4356 533 4407 θεοῦ
549 4351 600 4406 τόν
615 4351 678 4406 υἱόν
726 4361 751 4409 in
770 4361 826 4422 Βες.
847 4361 869 4409 1.
887 4361 987 4421 θεςοεε.
1006 4359 1103 4409 Gobler.
1123 4365 1147 4407 et
1163 4356 1270 4406 Felckm.
1282 4354 1310 4414 1.,

85 4428 110 4471 ει
127 4436 182 4473 mox
198 4418 304 4504 μάθετε
319 4422 385 4478 πῶς.
422 4426 500 4476 Ceteri
524 4435 548 4476 ει
565 4426 623 4477 editi
640 4415 675 4477 ελ-
726 4429 767 4477 uhi
792 4429 848 4489 neg.
869 4428 891 4478 1.
917 4427 1023 4478 secunda
1048 4439 1120 4476 manu
1144 4417 1191 4474 ίσὶ
1213 4419 1312 4487 τούτῳ,

83 4501 134 4540 ναι
148 4489 217 4542 θεον
234 4505 296 4542 υιον
312 4498 337 4544 ει
352 4487 524 4558 μαθέτωσαν
539 4491 620 4548 σεῖε..
725 4510 775 4548 non
789 4495 861 4547 mule.
895 4498 924 4546 Δι
941 4489 1315 4546 ἰοε111εε1εδίιίοοεοοσιιοεί.
