2948 5092
441 301 557 348 conrru
570 301 789 347 memmimus
802 303 892 348 emon
905 304 926 348 1.
961 312 966 318 ·
1228 289 1289 357 Sl'l
1334 297 1339 306 “

65 455 254 533 Quamquam
287 466 379 515 unum
413 454 453 514 sit
479 472 588 532 corpus
616 453 899 535 amborumque
929 464 1074 534 quatenus
1096 457 1223 537 Spiritus
1246 445 1377 521 esteris.
1417 509 1420 513 .

59 556 214 635 particeps
237 555 389 635 spirituale
410 555 533 634 intelligi
555 555 696 628 ostendit,
718 565 865 635 quatenus
889 566 988 619 aulem
1010 559 1040 620 in
1061 559 1194 638 potentia
1210 560 1293 622 dun·.

63 667 146 720 taxat
172 658 288 719 animae
317 657 473 729 immanet,
496 657 621 719 animale
642 657 712 720 illud
735 658 873 719 declarat.
919 659 1117 732 durantem,
1146 661 1171 722 si
1192 661 1232 721 ita
1255 679 1292 723 se

63 779 118 822 res
147 759 237 820 hahet
264 766 296 820 ut
324 777 376 819 vos
406 758 521 831 dicitis,
551 778 613 820 non
642 760 733 821 homo
758 768 871 821 tantum
893 760 1000 821 dicitur
1022 762 1174 835 Christus,
1203 762 1289 841 quasi
1369 739 1374 749 ¹

24 846 30 863 ’
62 880 163 923 novus
191 861 311 939 quidam
340 862 447 934 bomo,
483 861 534 940 qui
562 862 600 923 do
621 861 709 931 caelis
733 863 898 934 advenerit,
925 863 985 924 'sed
1009 872 1036 925 et
1060 863 1137 923 filius
1159 863 1290 927 hominis

61 965 160 1026 lactus
182 961 252 1025 est?
286 958 440 1041 ¹Si'igitur
460 962 493 1023 in
514 971 593 1024 terra
614 964 709 1025 lactus
733 973 780 1024 est
802 965 878 1025 lilius
902 964 1048 1036 hominis,
1078 963 1147 1025 licet
1167 981 1229 1025 non
1252 985 1289 1029 ex
1382 1015 1384 1019 ,
1424 992 1429 998 ·

62 1064 180 1127 semine
200 1065 266 1136 viri,
289 1064 343 1126 sed
365 1084 400 1125 ex
424 1064 537 1143 Spiritu
559 1072 664 1125 sancto
685 1073 773 1125 natus
796 1066 845 1138 sit,
868 1065 1048 1145 Protoplasti
1070 1067 1120 1146 qui
1143 1086 1220 1128 unus
1243 1076 1292 1130 est

61 1167 157 1228 lldam
184 1166 262 1227 lilius
290 1164 479 1244 intelligetur.
523 1164 626 1245 Neque
648 1166 726 1229 enim
749 1178 866 1246 praeter
886 1167 1046 1240 hdamum,
1075 1167 1183 1247 quiex
1206 1177 1285 1231 terra

62 1277 124 1342 est,
144 1267 220 1339 alius
241 1267 387 1346 quispiam
409 1268 576 1346 descriptus
599 1276 647 1330 est
667 1268 768 1340 homo,
792 1268 841 1347 qui
864 1269 895 1330 in
917 1269 997 1331 caelo
1019 1269 1118 1341 luerit,
1141 1277 1175 1329 ut
1197 1279 1285 1331 etex

31 1413 34 1417 -
61 1370 153 1432 caelis
174 1388 285 1449 corpus
308 1369 414 1431 habent
436 1369 584 1441 Christus,
607 1378 636 1432 et
656 1369 735 1432 lilius
758 1371 887 1432 hominis
911 1372 951 1433 sit
973 1390 1008 1433 ex
1030 1371 1087 1433 alio
1110 1371 1281 1432 ahhdamo.

62 1471 254 1550 Quapropter
274 1471 439 1540 Matthaeus
462 1471 581 1549 quidem
604 1471 696 1533 filium
710 1471 858 1533 Abraham
880 1480 909 1533 et
931 1472 1023 1534 David
1044 1473 1127 1535 illum
1149 1472 1315 1535 describit‘

60 1571 228 1634 secundum
257 1590 391 1645 carnem,
412 1572 509 1633 Lucas
540 1591 610 1633 vero
633 1592 700 1635 eum
722 1573 801 1635 lidae
825 1583 855 1634 et
876 1574 930 1635 Dei
951 1575 1057 1636 Filium
1081 1585 1208 1637 enarrat.
1253 1575 1286 1637 Si

57 1673 162 1752 ita'que
182 1672 408 1751 Evangeliorum
431 1674 569 1753 discipuli
592 1675 676 1747 estis,
698 1692 736 1735 ne
758 1674 922 1754 loquamini
946 1675 1090 1737 adversus
1111 1676 1205 1738 Deum
1228 1676 1288 1737 ini·

58 1774 218 1854 quitatem,
250 1774 303 1836 sed
326 1775 494 1853 Scripturas
523 1794 631 1854 resque
659 1785 759 1856 gestas
788 1777 953 1838 sectamini.
1000 1777 1087 1850 Quod
1115 1778 1143 1841 si
1169 1787 1289 1858 praeter

57 1894 108 1955 pa,
131 1894 206 1954 qnae
227 1875 336 1955 scripta
357 1885 443 1947 sunt,
466 1876 521 1938 alia
543 1877 623 1956 loqui
645 1877 676 1938 in
698 1878 796 1940 animo
821 1878 876 1952 sit,
899 1897 952 1939 cur
973 1879 1130 1941 adversum
1153 1897 1210 1940 nos
1233 1879 1307 1966 ἀρε

58 1977 191 2050 certatis,
214 1977 265 2057 qui
287 1978 364 2040 nulla
386 1978 488 2041 andire
509 1979 555 2040 vel
577 1974 677 2058 eloqui
702 1981 886 2041 sustinemus
908 1988 1028 2058 praeter
1049 2000 1093 2052 ea,
1116 1999 1192 2060 quae
1207 1979 1285 2043 scri·

55 2087 110 2159 pta
132 2077 227 2140 sunt?
244 2062 321 2141 'cum
343 2078 487 2141 Dominus
510 2081 602 2143 dicat:
631 2080 667 2144 Si
685 2086 862 2144 manseritis
885 2085 919 2142 io
939 2100 1078 2144 sermone
1100 2101 1180 2154 meo,
1209 2099 1281 2145 ocra

58 2179 153 2242 liberi
172 2184 269 2243 eritis.

100 2323 104 2333 ·
145 2285 176 2347 9.
221 2284 288 2356 Quo
315 2292 402 2361 pacto
430 2283 520 2362 igitur
536 2292 600 2345 ‘aut
620 2284 737 2346 Fideles
766 2293 817 2345 aut
838 2283 998 2345 Christiani
1019 2283 1203 2358 habeamini,
1232 2285 1282 2364 qui

55 2400 156 2462 neque
177 2384 341 2446 secundum
362 2383 452 2445 verba
473 2386 644 2464 Scripturas
664 2385 817 2457 inceditis,
847 2404 942 2464 neque
964 2385 1053 2446 rebus
1077 2386 1169 2463 gestis
1191 2385 1281 2447 iidem

54 2485 191 2559 hahetis,
218 2487 273 2548 sed
299 2486 415 2548 audetis
437 2505 486 2560 ea,
515 2505 590 2566 quae
612 2506 700 2567 supra
722 2496 857 2548 naturam
880 2496 966 2560 sunt,
996 2485 1142 2547 definiret
1187 2486 1371 2549 Nom-ross.

54 2588 131 2671 quid
153 2606 266 2667 porum
296 2589 380 2650 cobis
409 2598 454 2650 est
481 2588 625 2651 molestor
644 2608 708 2652 erae
731 2590 919 2659 hominihus,
943 2601 972 2652 et
996 2606 1051 2649 cur
1072 2588 1193 2650 molesti
1213 2593 1285 2650 estis

53 2688 213 2753 Domino?
254 2689 328 2750 Nam
357 2690 384 2751 si
412 2690 461 2768 qui
489 2690 648 2769 Prophetis
677 2709 739 2752 noo
768 2690 958 2752 crediderunt
986 2689 1173 2750 condemnati
1207 2697 1289 2764 sunt,

55 2798 168 2870 quanto
196 2790 295 2869 magis·
316 2791 364 2869 qui
394 2809 454 2851 non
484 2790 663 2853 crediderint
684 2792 742 2871 ipsi
764 2789 917 2853 Domino?
964 2790 1081 2853 Etenim
1112 2809 1188 2870 quac
1220 2790 1289 2870 ipso

52 2885 148 2954 voluit
170 2900 200 2954 ct
221 2911 296 2971 quae
318 2892 383 2971 ipse
405 2893 547 2954 arbitratu
570 2913 626 2955 suo
650 2894 710 2973 egit
732 2894 768 2955 ad
792 2894 1014 2971 abrogationem
1028 2892 1143 2971 peccati
1158 2899 1189 2952 et
1202 2908 1287 2952 mor-

53 2995 105 3065 tis,
129 3013 181 3055 cur
204 2994 261 3055 alio
284 3002 313 3054 et
335 2992 568 3055 direrso'modo
591 3013 730 3056 enarrare
753 3003 803 3056 aut
826 2995 955 3072 cogitare
978 2982 1120 3055 audetis?
1163 2991 1195 3053 Si
1211 3010 1286 3053 con-

54 3097 176 3158 litemur
197 3115 276 3166 eum,
298 3103 328 3155 et
348 3096 415 3175 ipse
437 3096 714 3169 confitebiturnos,
738 3096 763 3156 si
779 3114 934 3175 negamus,
959 3095 1069 3172 etipse
1085 3112 1142 3154 nos
1158 3091 1287 3172 negabit,

53 3199 83 3261 si
105 3199 193 3259 tidem
215 3197 257 3258 illi
279 3215 340 3258 non
363 3198 516 3270 hahemus,
540 3197 589 3259 ille
610 3197 706 3260 fidelis
722 3205 831 3270 manet,
855 3197 989 3275 seipsum
1005 3195 1085 3256 enim
1103 3212 1212 3273 negare
1230 3211 1287 3258 ne·
1372 3197 1373 3200 ’

53 3299 129 3379 quit.
175 3299 328 3371 Quaenam
350 3299 440 3377 igitur
461 3299 631 3361 huiusmodi
652 3307 750 3361 restra
767 3300 912 3360 immensa
923 3296 1057 3370 stultitia,
1077 3309 1110 3358 ut
1123 3294 1289 3375 loquamini

53 3419 132 3480 quae
154 3400 263 3479 scripta
283 3417 345 3461 non
368 3409 453 3474 sunt,
482 3409 512 3463 et
539 3401 588 3462 illa
618 3401 772 3474 sentiatis,
807 3418 883 3480 quae
904 3399 1000 3460 aliena
1024 3407 1096 3459 sunt
1117 3417 1135 3458 a
1155 3393 1288 3477 pietate?

51 3501 173 3564 Etenim
195 3519 313 3563 monem
335 3487 485 3563 Divinitati
507 3502 785 3566 consubstantialem
810 3502 909 3563 dicere
931 3500 1066 3574 audetis,
1096 3517 1157 3560 noa
1180 3497 1287 3558 adver·

53 3611 154 3665 tentes
188 3603 219 3663 in
245 3596 393 3683 duplicem'
419 3623 473 3666 vos
502 3605 643 3668 incidisse
669 3606 864 3684 impietatem.
907 3602 1021 3664 ldcirco
1056 3600 1134 3661 enim
1157 3600 1189 3660 in
1211 3598 1288 3659 hano
1399 3605 1402 3611 ⁴

53 3704 235 3766 sententiam
256 3705 387 3767 animum
409 3706 582 3785 appulistis,
610 3716 644 3769 ut
669 3707 715 3769 vel
738 3724 862 3767 carnem
884 3702 999 3783 negetis
1021 3701 1067 3762 vel
1089 3702 1120 3761 in
1142 3698 1287 3761 Deitatem

90 3928 107 3975 i.
126 3926 350 3986 ltaSegoerianus,
369 3940 440 3990 quem
459 3926 534 3974 secuti
553 3939 645 3974 sumus.
699 3926 722 3973 in
742 3939 789 3986 quo
808 3931 833 3972 nt
852 3924 916 3972 etin
936 3923 1007 3971 editis
1025 3910 1099 3984 αὐτῷ
1118 3919 1194 3968 deest.
1222 3918 1288 3998 lnlrg
1319 3963 1321 3968 ,
1349 3962 1354 3968 .

16 4038 19 4043 .
51 3994 117 4043 Editi
135 3988 231 4057 λέγειν.
271 3993 345 4041 Paulo
371 4001 426 4056 post
445 3993 604 4041 Goblerianus
624 4000 646 4040 et
699 3992 799 4052 Seguer.
825 3991 923 4041 Gohler.
945 3989 1090 4038 aristeto.
1112 3979 1287 4049 l-detporrq
1337 3988 1340 3995 '

53 4061 195 4111 rotetur.
215 4052 258 4107 ’ότι
275 4053 299 4108 ei
316 4052 399 4125 ὑμεῖς.
437 4060 489 4108 llox
507 4061 647 4119 Segoeriao.
698 4053 786 4122 λέγειν
804 4049 829 4116 ἦ.
1116 4111 1123 4131 ‚
1152 4111 1159 4128 .

54 4128 155 4179 Gohler.
174 4126 277 4176 Fclclim.
291 4128 313 4176 l.
334 4136 357 4177 et
375 4129 480 4177 Graecus
498 4127 645 4190 Scripttex·
717 4129 748 4175 ·i.
773 4126 871 4176 Gohler.
890 4131 914 4173 et
932 4123 1036 4171 Felclm.
1050 4123 1071 4170 l.
1092 4134 1185 4168 curor.

52 4205 93 4245 tus
111 4187 216 4244 ἔσεσθε.
256 4196 317 4245 Editi
336 4189 405 4243 ἔστε.
733 4195 753 4242 li.
773 4192 872 4255 Segner.
890 4186 1044 4255 γινομένην.
1076 4184 1169 4265 ibidem
1189 4187 1290 4263 Sequor.

88 4279 111 4324 g.
130 4262 164 4312 lta
183 4264 322 4324 Segortian.
343 4263 441 4312 Gohler.
460 4270 483 4310 et
501 4260 607 4309 Felclim.
622 4262 644 4308 l.
698 4261 796 4311 Gohler.
815 4262 831 4309 F
834 4260 918 4309 elchm.
933 4259 954 4306 l.
969 4257 1067 4317 ctlngl.
1078 4269 1129 4314 την
1140 4264 1285 4311 απατησιν.
1341 4277 1344 4283 ·

50 4332 116 4380 Editi
141 4345 196 4379 vero
218 4323 246 4377 οἱ
267 4323 335 4394 μήτε
359 4330 417 4381 τοῖς
440 4323 644 4408 γεγραμμένοις
696 4329 759 4377 Editi
776 4344 832 4377 sero
850 4335 874 4376 et
892 4327 932 4375 alii
951 4319 1000 4383 τὴν
1018 4315 1187 4381 ἀπάντησιν,
1215 4321 1287 4370 dubia

49 4393 224 4463 πειθόμενοι,
243 4391 312 4462 μήτε
331 4398 387 4451 τοῖς
403 4407 645 4462 yevopteuotsoros·
697 4396 777 4446 lectio.

44 4464 175 4532 χοῦντες.
732 4465 748 4511 Ι.
767 4464 866 4524 Segoer.
886 4461 984 4512 Gohler.
1002 4468 1026 4509 et
1040 4458 1177 4510 Felckm.l.
1195 4451 1287 4520 λέγον-

85 4534 113 4584 Ιι.
130 4535 173 4585 Sic
194 4547 281 4586 omnes
303 4548 364 4586 mss.
381 4541 478 4600 praeter
494 4533 601 4587 lolclm.
612 4531 647 4595 2.,
697 4543 741 4586 us
758 4524 791 4592 δὴ
803 4524 887 4596 ,ἡμᾶς
903 4523 953 4578 τὸν
966 4517 1115 4594 Μαρίας
1126 4515 1284 4593 dmvv'w·
