2948 5092
468 256 577 302 uuum
593 257 627 300 u.
644 257 760 301 eonem
773 222 910 327 nuque}
1223 246 1287 311 343

60 410 187 473 Verbum
209 427 330 490 unaque
352 407 441 471 nnius
463 407 517 469 liei
538 407 635 487 image
650 415 707 470 esi.
739 407 838 488 Atqui,
860 407 1008 486 inquiunt,
1031 411 1120 472 etium
1142 412 1188 474 sol
1210 427 1374 477 nummus

60 521 101 574 esl
126 519 159 573 el
188 519 270 574 lem
297 527 365 572 une.
407 509 524 571 Addunt
551 508 648 571 insani
677 527 766 571 unam
787 528 893 589 equum
915 529 1065 591 unumque
1087 512 1186 592 ignem
1209 534 1287 591 esse,

60 621 89 675 ul
116 612 231 674 deiude
263 610 400 683 audiani,
438 609 600 691 quamlibet
637 609 756 690 quidem
788 629 887 673 rerum
921 613 1064 674 lucturum
1097 633 1188 677 unam
1219 635 1287 679 esse

59 714 221 777 seeundum
242 713 397 794 preprium
418 720 565 787 ualerem,
590 711 643 774 sed
665 711 797 793 singulas
820 731 881 774 non
904 714 985 776 solas
1007 715 1144 778 sufficere
1166 717 1203 779 ad
1220 717 1290 779 offi-
1321 751 1323 761 ,

60 815 130 879 rium
153 822 189 879 el
208 832 319 878 munus
341 812 546 877 summissum.
590 813 667 876 lline
687 813 765 876 enim
787 813 862 876 dixil
881 815 977 878 Deus:
1012 816 1103 881 Fiunt
1125 818 1292 882 luminaria

60 923 89 980 ie
106 918 305 1000 firmamento
328 916 405 979 eueli
418 917 459 978 ud
479 916 711 979 illuminandum
733 926 851 978 terrum
872 929 902 980 er
924 919 962 979 ud
984 921 1192 999 separandum
1214 921 1290 983 diem

61 1029 209 1090 enuere,
243 1028 272 1081 ee
305 1021 368 1080 um
401 1021 434 1080 in
466 1022 554 1099 u'qnu
582 1029 610 1081 el
638 1022 671 1081 in
700 1027 837 1099 tempera
865 1028 893 1080 el
922 1023 954 1080 irs
983 1020 1044 1082 dies
1074 1031 1103 1083 el
1125 1025 1159 1084 s'u
1180 1038 1289 1085 annus.

60 1119 168 1181 Deinde
191 1118 346 1199 sequitur:
368 1118 408 1181 lie
427 1121 501 1198 senil
515 1118 597 1182 Deus
621 1121 680 1183 duo
703 1119 871 1185 luminaria
884 1139 1003 1201 meque,
1028 1122 1178 1185 luminare
1191 1125 1290 1186 murus

60 1233 91 1284 et
106 1232 272 1302 praeesset
288 1221 355 1293 diei,
378 1232 407 1284 et
425 1220 577 1283 luminare
597 1224 698 1283 miuus
719 1231 754 1284 ul
772 1232 932 1303 praeesset
953 1226 1046 1299 neeri,
1067 1223 1098 1286 'er
1120 1222 1238 1300 stellae,
1260 1231 1291 1287 el

57 1327 158 1404 poeuis
181 1341 235 1385 ene
257 1326 290 1384 in
309 1322 501 1402 firmamento
525 1322 617 1397 euels',
645 1335 682 1387 ut
703 1321 841 1387 lucerent
861 1342 954 1404 super
976 1336 1093 1387 terrum
1115 1337 1144 1390 el
1161 1343 1291 1406 praeer-

61 1435 122 1488 rest
144 1425 209 1487 diei
229 1442 266 1486 ue
287 1422 379 1487 nenti.

139 1832 195 1897 28.
242 1829 287 1892 lln
308 1829 398 1892 mulla
420 1829 587 1904 luminaria,
608 1848 664 1892 nee
686 1829 769 1891 sulus
792 1831 837 1893 sel
859 1831 905 1893 vel
927 1832 991 1893 sule
1009 1831 1088 1905 lune,
1111 1832 1164 1894 sed
1180 1850 1288 1895 unum-

59 1933 196 2014 quodque
218 1940 266 1994 est
287 1931 405 2012 quidem
428 1941 533 1994 nature
556 1950 663 2004 unum,
693 1950 785 1995 unum
808 1941 905 1995 tumen
929 1942 957 1994 et
979 1953 1135 1999 commune
1152 1935 1290 1999 emnium

58 2046 101 2098 est
122 2035 276 2109 efficium,
298 2042 384 2113 elque
405 2034 446 2107 id,
468 2034 549 2113 quud
570 2034 622 2096 uni
644 2033 744 2108 deest,
774 2034 811 2096 eb
834 2034 890 2096 eliu
915 2035 1087 2116 suppletur,
1117 2038 1290 2115 eunelisque

58 2156 109 2199 sua
137 2144 189 2198 est
217 2134 401 2197 illuminandi
429 2134 540 2197 utililas
569 2145 599 2197 et
621 2136 796 2198 necessitas.
816 2194 820 2205 ,
840 2137 893 2198 Sol
914 2137 994 2198 enim
1015 2156 1070 2217 per
1087 2138 1189 2200 sulum
1211 2138 1290 2202 diem

58 2238 222 2319 apparendi
244 2237 335 2299 babel
354 2244 544 2316 potestatem,
567 2237 637 2313 lune
659 2256 730 2298 vern
751 2247 955 2318 pernoctem,
978 2256 1013 2300 ne
1029 2239 1131 2301 stellae
1145 2221 1215 2302 ¹eum
1230 2238 1288 2301 illis

58 2352 193 2420 tempure
216 2349 247 2402 et
268 2357 364 2402 eunus
387 2339 527 2413 efficiunt,
551 2339 743 2420 singulaeque
765 2340 796 2401 in
820 2339 904 2418 sigua
925 2340 961 2402 ad
984 2360 1059 2402 usus
1081 2341 1160 2402 rime
1183 2359 1289 2403 ueces-

57 2442 155 2505 saries
184 2443 272 2504 liunt
316 2441 372 2502 Sic·
393 2442 482 2503 etiem
511 2449 590 2503 lerna
618 2459 680 2503 non
710 2442 868 2504 adomnia
891 2450 958 2521 apte
981 2451 1041 2513 est,
1072 2443 1124 2504 sed
1147 2442 1184 2503 ed
1206 2441 1289 2505 soles

56 2546 173 2607 fruetus
201 2543 416 2624 preferendus,
449 2551 479 2605 el
507 2543 543 2605 ud
572 2543 764 2606 sustentanda
787 2543 939 2616 animalia,
967 2543 1113 2622 aquibus
1135 2542 1284 2605 incolitur.
1298 2558 1379 2604 mus.

56 2646 291 2708 Firmamentum
321 2664 391 2707 veru
423 2664 514 2725 eques
543 2645 579 2706 ub
608 2646 692 2725 aquis
722 2645 839 2718 dividit,
863 2645 893 2706 in
924 2664 1019 2723 euque
1047 2645 1188 2707 collocem
1222 2654 1293 2708 sunl

57 2747 227 2811 luminaria.
270 2747 313 2808 lle
337 2746 473 2809 simililer
494 2756 525 2808 el
546 2746 622 2825 ignis
646 2756 675 2809 el
696 2766 770 2826 equa
793 2766 859 2807 enm
883 2746 1021 2808 omnibus
1043 2746 1108 2808 eliis
1131 2746 1199 2807 laeli
1222 2757 1292 2809 sunl

56 2850 94 2911 ed
117 2847 328 2911 constituenda
350 2867 486 2930 corpure.
531 2848 596 2910 Une
618 2848 709 2910 verbu
732 2848 805 2908 nihil
829 2848 924 2909 solum
944 2858 1000 2921 est,
1022 2848 1076 2910 sed
1092 2848 1226 2927 singulae
1240 2867 1291 2911 res

56 2950 152 3012 lamae
175 2949 265 3011 velun
294 2949 418 3010 tetidem
446 2949 577 3011 membre
606 2950 748 3011 mnndum
777 2958 914 3027 tunquam
947 2967 1037 3009 unum
1066 2967 1175 3028 eorpus
1198 2948 1291 3028 perli·
1384 2971 1386 2974 ·

56 3051 149 3112 eiunl.
188 3051 220 3112 Si
243 3069 315 3130 erge
338 3050 443 3112 similia
466 3050 600 3113 dulillo
623 3051 823 3132 suspicantur,
846 3049 926 3129 digni
950 3058 1019 3111 sunt
1034 3050 1082 3128 qui
1098 3049 1135 3110 nb
1152 3049 1290 3112 omnibus

57 3153 239 3232 lapidentur,
262 3152 371 3233 quippe
393 3152 441 3234 qul
463 3159 578 3231 putent,
607 3152 734 3214 Verbum
756 3160 871 3232 partem
894 3171 963 3214 esse
986 3151 1196 3224 universitatis,
1218 3169 1289 3231 par·

56 3263 119 3314 tem
142 3254 274 3333 inquam,
297 3273 373 3333 quae
395 3255 430 3315 ed
453 3254 646 3316 commissum
669 3254 726 3317 sibi
749 3274 857 3315 munus
880 3252 1049 3316 obeundum
1066 3253 1131 3315 sine
1146 3254 1212 3315 eliis
1232 3271 1294 3315 non

58 3355 101 3416 sil
128 3355 248 3416 idonee.
293 3355 382 3429 Quod
403 3375 469 3417 eum
492 3365 594 3436 aperte
617 3356 739 3436 impium
762 3356 817 3429 sit,
847 3364 1009 3434 agnoscent
1030 3355 1134 3434 igilur,
1166 3354 1294 3417 Verbum

57 3455 139 3516 inter
161 3473 212 3516 res
234 3456 326 3516 lactes
349 3474 410 3517 nen
432 3456 542 3518 habere
565 3458 672 3530 lucum,
697 3457 749 3519 sed
768 3457 865 3518 solum
880 3456 1035 3536 proprium
1051 3456 1148 3518 Patris
1164 3455 1293 3518 Verbum

58 3573 131 3617 esse
154 3563 186 3616 el
205 3574 307 3618 rerum
330 3557 470 3618 securum
495 3558 641 3636 opificem.
684 3558 722 3619 Al
743 3568 902 3637 reponunt,
930 3566 1060 3619 ereetum
1083 3556 1203 3637 quidem
1226 3573 1294 3619 eum

93 3811 110 3858 l.
140 3809 182 3859 Sie
208 3823 265 3859 mss.
285 3824 371 3860 omnes
389 3818 485 3874 praeter
503 3810 608 3859 Felnlm.
628 3809 652 3860 2.
706 3819 729 3859 el
747 3811 852 3860 rursu.
872 3811 895 3861 l.
915 3803 1112 3876 τῶνέναῦτῇ.
1147 3809 1254 3859 Felclsm.
1273 3809 1296 3858 5.

57 3880 100 3959 qni
126 3886 153 3926 m
177 3886 202 3928 et
225 3879 282 3928 edili
307 3879 378 3929 bebel
405 3880 520 3928 mendose
539 3868 571 3925 eb
587 3868 651 3944 μεθ’
706 3878 763 3927 τῶν
780 3871 810 3928 ἐν
828 3868 928 3932 αὐτοῖς.
953 3880 1014 3929 Edui
1026 3880 1099 3928 elabi
1111 3867 1297 3940 relre’rubrql.

57 3941 655 4077 llll·=-⁹²³l⁰12⁹⁰2212222‘'··llll
707 3981 823 4098 uu
838 3977 1298 4097 urrunnu·eram

58 4073 132 4130 οὕτω
145 4071 266 4145 ἀστέρες.
296 4081 357 4130 Ediri
375 4072 654 4146 etuliiee‘disiurlqer.
707 4106 754 4163 031
757 4129 779 4163 ω

93 4167 115 4212 g.
143 4152 184 4200 Sic
208 4153 310 4212 segnes.
336 4149 433 4198 anler.
458 4158 482 4198 el
507 4150 611 4197 l'elelm.
630 4150 654 4198 5.
782 4150 788 4162 '
1128 4203 1132 4207 ,

55 4221 86 4269 di
110 4220 167 4268 edin
192 4226 216 4268 el
240 4218 282 4266 elii
305 4210 427 4281 γίνεται,
445 4209 490 4263 καὶ
507 4210 577 4281 πρὸς
594 4209 652 4276 τήν.
741 4218 756 4266 i.
784 4217 824 4266 Sic
842 4217 942 4278 Seguer.
962 4215 1060 4266 Gubler.
1080 4215 1186 4264 Felckm.
1208 4212 1298 4262 netu.

56 4288 132 4351 paulo
148 4296 203 4350 puel
222 4287 326 4347 Seguer.
338 4286 393 4346 lleg.
405 4286 535 4333 mulene
549 4285 654 4334 l'elelrm.
707 4285 750 4333 llil
769 4299 825 4333 vern
844 4293 867 4333 et
881 4285 953 4332 editio
965 4285 1081 4333 Commel.
1101 4274 1115 4329 ὁ
1133 4275 1222 4345 λόγος,
1243 4278 1300 4328 τῶν

59 4356 81 4404 l.
101 4364 124 4404 et
142 4356 165 4406 b.
190 4345 229 4408 εἷς
245 4344 353 4420 μόνους
375 4345 439 4404 τοὺς
454 4344 590 4416 καρπούς,
609 4347 656 4401 καὶ
707 4346 737 4400 δὲ
760 4350 883 4417 γενητῶν
900 4342 1075 4417 δημιουργός,
1112 4351 1173 4398 lbid.
1194 4348 1299 4398 Felelm.

55 4415 146 4489 βάσιν.
184 4424 231 4472 llii
252 4430 277 4471 el
295 4421 352 4470 elui
371 4411 408 4474 tls
423 4412 525 4485 μόνους
534 4413 656 4485 καρποὺς
708 4421 733 4470 l.
751 4430 831 4470 senium
850 4421 932 4469 subdu
950 4411 986 4471 ὡς
1004 4413 1033 4468 δὲ
1043 4411 1119 4485 παρὰ
1134 4406 1298 4465 διδασκάλου

55 4486 102 4540 καὶ
116 4483 251 4558 pluium.
287 4488 351 4541 lbid.
374 4488 474 4551 Seguer.
499 4490 556 4553 lleg.
581 4488 655 4539 besil.
709 4490 808 4541 emissus
826 4487 986 4540 intermediis.
