2948 5092
472 246 580 293 omnio
597 248 617 290 1.
634 247 750 292 conrnu
763 247 899 293 menos.
1179 233 1184 241 ’
1230 237 1311 319 1117ι

66 407 127 478 est),
147 408 184 462 ut
203 397 335 461 llomino
356 397 522 472 adiurante,
545 405 576 459 et
597 397 647 459 illo
670 405 703 460 ut
725 398 803 460 solet
823 398 851 460 vi
870 407 1111 480 argumentomm
1125 409 1375 482 prostraturus.

63 502 113 584 ipsi
134 501 257 564 tandem
280 499 469 574 erubescant,
491 501 664 562 haerentem
684 499 840 576 videntes,
864 503 913 581 qui
936 503 1084 565 baeresim
1106 503 1182 584 ipsis
1204 504 1288 567 inse-

63 603 190 678 mimrit,
213 603 380 682 saltemque
400 602 446 664 vel
469 621 538 663 sero
562 602 686 678 discant,
713 621 777 678 eos,
800 604 868 682 quia
888 605 988 666 Ariani
1010 606 1079 680 sint,
1103 605 1288 668 Christianos

63 723 117 767 ron
138 723 221 768 esse.

145 1015 194 1074 11.
240 1009 363 1072 [linistis
385 1009 475 1089 igitur
498 1017 528 1071 et
550 1009 685 1084 sentitis,
707 1009 757 1071 illo
779 1009 866 1072 vobis
889 1021 1084 1092 suggerente,
1115 1013 1210 1075 fuisse
1231 1014 1287 1076 ali·

64 1113 187 1192 quando,
211 1131 278 1173 eum
302 1130 363 1173 uon
386 1121 469 1172 esset
490 1111 593 1186 Filius,
616 1130 684 1173 nam
706 1112 765 1173 hoc
786 1112 914 1191 primum
937 1114 1029 1175 vestri
1051 1115 1211 1177 commenti
1234 1135 1286 1177 ve-

63 1214 116 1275 lum
145 1213 363 1275 detrabendum
393 1221 449 1274 cst.
500 1212 577 1285 Quid
611 1232 681 1292 ergo
711 1213 766 1275 luit
793 1213 967 1293 aliquando,
1001 1235 1066 1276 cum
1099 1215 1192 1277 Filius
1225 1235 1287 1280 non

64 1313 164 1377 esset?
192 1333 262 1376 nam
283 1314 358 1375 baec
377 1321 477 1375 vestra
500 1322 571 1375 sunt
590 1314 696 1388 verba,
728 1334 745 1376 o
768 1315 902 1377 maledici
925 1325 955 1376 et
976 1316 1069 1395 impii.
1114 1317 1146 1379 Si
1166 1318 1287 1380 Patrem

64 1437 126 1479 csse
149 1415 357 1496 respondetis,
387 1416 481 1477 maior
501 1423 601 1476 restra
623 1424 670 1478 est
691 1416 843 1496 impietas3
872 1418 955 1479 nolas
977 1419 1086 1499 quippe
1108 1426 1155 1480 est
1176 1420 1213 1481 de
1235 1419 1286 1481 illo

63 1519 166 1592 dicere,
188 1517 346 1596 aliquando
363 1517 426 1590 luit,
451 1517 494 1579 vel
516 1518 642 1580 eundem
664 1537 736 1579 uoce
757 1520 922 1600 aliquando
945 1519 1122 1599 significare.
1152 1520 1286 1600 Namque

63 1629 89 1679 et
107 1638 229 1700 semper
250 1626 281 1680 et
301 1638 380 1682 nunc
402 1628 457 1694 est,
481 1627 511 1681 et
531 1620 605 1682 Filio
629 1620 773 1682 existente
796 1628 859 1694 est3
881 1620 947 1700 ipse
970 1622 1081 1700 estqui
1097 1631 1152 1696 est,
1177 1630 1207 1683 ct
1220 1622 1287 1684 Filii

63 1712 158 1782 Peter.
197 1721 233 1782 Si
254 1739 325 1781 vcro
347 1721 551 1799 respondetis,
580 1721 688 1783 Filium
715 1721 808 1783 luisse
835 1723 1008 1802 aliquando,
1040 1743 1106 1785 cum
1138 1724 1204 1804 ipse
1226 1742 1288 1787 non

63 1833 148 1895 esset,
172 1823 262 1884 slrdta
283 1823 416 1902 prolecto
440 1832 469 1884 et
491 1826 569 1886 latua
592 1831 638 1885 est
659 1824 830 1904 responsio.
874 1825 947 1886 Nam
969 1825 1018 1904 qui
1034 1824 1097 1887 lieri
1120 1834 1230 1904 potest,
1254 1834 1288 1888 ut

62 1926 174 2006 etipse
195 1933 280 1986 esset
309 1933 339 1986 et
367 1925 445 1986 idem
473 1926 540 2005 ipse
562 1945 624 1987 non
646 1925 751 1988 esset?
793 1926 895 2005 ltaque
917 1927 1088 1988 necessario
1117 1936 1225 2001 restat,
1254 1935 1288 1990 ut

61 2025 104 2088 bic
124 2027 306 2089 haesitantes
329 2027 554 2106 respondeatis,
578 2028 672 2090 luisse
694 2027 850 2107 aliquando
873 2037 1009 2107 tempus,
1032 2048 1099 2091 cum
1120 2048 1182 2090 nou
1205 2037 1288 2090 essct

61 2128 194 2190 Verbum.
238 2128 304 2190 lloc
330 2129 409 2189 enim
430 2139 560 2191 vestrum
582 2128 754 2190 adverbium
776 2130 939 2210 aliquando
962 2130 992 2191 id
1015 2150 1051 2192 er
1074 2149 1107 2192 se
1129 2130 1284 2210 significat.

62 2230 143 2303 Quod
167 2231 239 2290 item
261 2248 367 2292 rursus
390 2230 571 2310 scripsistis:
601 2231 668 2291 Non
696 2237 759 2292 erat
780 2229 873 2291 Filius
901 2231 1073 2311 priusquam
1102 2240 1284 2307 nasceretur,

59 2332 132 2394 idem
156 2333 280 2393 omnino
303 2341 351 2393 est
372 2351 406 2394 ac
428 2332 507 2406 illud,
531 2332 610 2412 qnod
633 2332 747 2405 dicitis3
775 2331 843 2392 Fuit
864 2332 1035 2412 aliquando,
1059 2351 1210 2395 cumuon
1233 2353 1285 2394 cs-

58 2443 115 2507 set3
145 2434 292 2514 siquidem
326 2443 449 2514 uterque
470 2434 611 2514 loquendi
633 2433 741 2494 modus
765 2442 881 2514 tempus
904 2443 972 2494 ante
993 2433 1123 2496 Verbum
1146 2453 1214 2496 esse
1235 2434 1284 2495 in-
1373 2478 1381 2488 -

58 2535 141 2596 dimt.
187 2535 340 2597 Undenam
362 2536 452 2614 igitur
473 2536 546 2598 haec
567 2555 583 2596 a
605 2535 690 2596 vobis
714 2544 785 2596 sunt
806 2533 994 2614 excogitata?
1030 2535 1066 2595 Ut
1089 2536 1158 2614 quid
1182 2544 1210 2596 et
1232 2554 1286 2597 vos

57 2646 195 2717 tanquam
216 2649 319 2718 pentes
346 2639 517 2717 fremuistis
547 2649 575 2699 ct
603 2641 709 2699 inanes
739 2637 863 2698 vocrtios
891 2640 1039 2700 aduersus
1066 2638 1229 2699 Dominum
1257 2646 1286 2698 et

57 2741 205 2801 adversus
230 2739 382 2801 Christum
414 2745 476 2801 erius
499 2738 706 2801 meditamini?
750 2739 834 2799 Nulla
857 2738 987 2800 enimin
1010 2747 1094 2818 parte
1112 2746 1285 2823 ¹sanctarum

56 2841 277 2920 seripturarum
299 2840 356 2901 tale
378 2840 487 2919 aliquid
512 2842 548 2903 de
571 2840 723 2903 Salvatore
746 2849 849 2913 exstat,
877 2839 930 2901 sed
952 2839 1052 2918 potius
1075 2826 1110 2900 er
1132 2838 1189 2900 illis
1211 2859 1283 2919 per·

56 2943 191 3021 spicuum
215 2952 271 3016 est,
295 2943 508 3022 sempiternum
524 2962 591 3004 eum
608 2952 637 3004 et
652 2952 804 3005 aeternum
821 2961 899 3013 esse,
923 2960 1100 3021 semperque
1116 2960 1182 3002 cum
1197 2943 1285 3004 Patre

54 3046 217 3106 exstitisse.
268 3045 341 3105 Nam
369 3045 406 3106 ln
430 3049 585 3126 principio
614 3057 682 3108 erut
713 3043 854 3117 Verbum,
889 3054 917 3105 et
949 3043 1075 3105 Verbum
1107 3055 1175 3106 erut
1203 3045 1285 3125 opud

54 3146 165 3219 Dmm,
196 3158 225 3209 et
246 3147 328 3209 Dius
350 3157 417 3208 erut
443 3147 578 3210 Verbum.
622 3147 659 3208 Et
680 3147 712 3207 in
733 3145 908 3225 Apocalypsi
930 3145 1004 3206 baec
1024 3144 1186 3206 habentur:
1224 3146 1287 3219 Qus·

54 3261 112 3319 est,
143 3253 198 3330 qui
218 3260 299 3319 erut,
331 3261 358 3310 et
381 3254 433 3330 qui
453 3261 600 3312 uenturus
623 3260 678 3311 est.
723 3249 796 3320 Quis
819 3256 916 3309 autem
939 3247 1142 3308 aeternitatem
1165 3247 1210 3320 ei,
1233 3247 1284 3325 qui

53 3359 100 3410 est
121 3357 153 3410 et
174 3349 226 3428 qui
249 3358 327 3421 erat,
357 3351 456 3429 possit
482 3349 661 3412 detrahere?
706 3351 755 3411 Sic
776 3349 855 3410 enim
879 3357 908 3409 et
935 3348 1001 3427 ipse
1022 3349 1148 3421 Paulus,
1177 3355 1210 3409 ut
1230 3347 1282 3408 lu·

52 3450 144 3510 daeos
166 3450 366 3524 convinceret,
389 3451 522 3530 Epistola
544 3452 579 3512 ad
602 3452 752 3512 Romanos
777 3450 913 3529 scripsit:
941 3450 1117 3531 dequibus
1143 3449 1283 3511 Christus

53 3553 221 3614 scandum
244 3570 380 3629 curnem,
415 3546 472 3634 qui
494 3565 537 3615 est
559 3573 652 3634 super
675 3557 776 3615 omnio
797 3552 878 3614 lieris
903 3552 1073 3613 benedictus
1096 3555 1129 3612 in
1150 3549 1282 3612 soeculo.

52 3651 125 3713 Cium
149 3654 222 3714 item
246 3653 377 3715 Gentiles
400 3656 574 3728 confutaret,
598 3656 652 3717 ait:
675 3654 845 3715 Invisibilia
868 3656 947 3714 enim
961 3656 1058 3732 ipsius
1074 3670 1113 3713 en
1132 3654 1282 3713 erectione

50 3755 161 3817 mundi
178 3775 237 3835 per
260 3774 312 3827 eo,
336 3775 410 3836 quoe
432 3758 517 3836 [octo
539 3768 627 3832 sunit,
651 3756 802 3819 intellecto
825 3757 1071 3835 conspiciuntur,
1100 3757 1284 3832 sempiterno

52 3876 171 3939 quoquc
193 3862 257 3919 erus
280 3861 381 3921 uirtus
405 3869 432 3920 et
456 3860 610 3921 dim'm'tus.
656 3858 739 3929 Quae
761 3875 833 3917 vero
855 3857 895 3918 sit
915 3856 1010 3916 virtus
1033 3852 1096 3927 liei,
1123 3853 1201 3914 idem
1223 3853 1281 3914 ite·

52 4011 162 4059 Felclm.
181 4010 203 4086 1ζ
229 3965 374 4075 σημαίιίειν
397 4001 498 4065 αὐτὸν,
523 4005 569 4058 καὶ
594 4008 644 4058 νῦν
729 4011 750 4058 1.
769 4009 811 4058 Sic
829 4009 927 4086 Seguer.
947 4017 970 4056 et
989 4009 1043 4068 lqu.
1063 4006 1146 4057 codex.
1179 4007 1208 4054 m
1226 4005 1282 4054 editi

51 4070 140 4132 ἔστιν,
157 4070 399 4130 sancitificati
416 4070 431 4124 d
450 4070 496 4127 ὥν.
693 4073 798 4142 μᾶλλον
816 4067 859 4124 oisc
875 4070 907 4124 τὸ
927 4067 1025 4124 ἀΐδιον.

84 4147 101 4194 l.
122 4145 164 4194 Sic
180 4145 280 4207 Seguer.
317 4146 345 4194 ln
373 4146 442 4195 editis
461 4154 485 4195 et
503 4145 556 4195 aliis
576 4146 643 4195 deest
729 4145 745 4193 l.
764 4146 862 4206 Seguer.
888 4153 911 4193 ct
929 4144 986 4205 ling.
1014 4133 1114 4207 ἀφέλοι
1130 4134 1163 4187 τὸ
1181 4129 1279 4214 didroy.

49 4207 131 4262 ἔπῖν
693 4212 746 4261 ldox
756 4213 897 4271 seruerim.
907 4212 1005 4263 anler.
1024 4219 1051 4259 et·
1066 4209 1169 4258 Felclm.
1181 4206 1202 4255 1.
1217 4219 1280 4253 του-

84 4297 107 4343 g.
129 4251 226 4342 berner.
247 4281 348 4333 Gobler.
363 4279 497 4330 ethlclm.
511 4281 532 4330 1.
544 4273 639 4345 φύσιν.
694 4293 752 4332 τοις
768 4274 825 4346 γὰρ
843 4274 896 4328 καί.

85 4351 110 4398 b.
132 4349 187 4411 lieg.
203 4346 321 4417 γενηθῇ.
360 4351 459 4411 Sequor.
482 4345 641 4413 γενηθῆναι.
728 4363 758 4396 m.
779 4350 878 4409 Seguer.
904 4347 1001 4398 Gobler.
1025 4344 1131 4394 Velelm.
1149 4342 1170 4390 1.
1207 4338 1280 4416 basil.

84 4421 101 4467 i.
120 4416 218 4480 Sequer.
237 4419 342 4471 Gobler.
366 4424 391 4467 et
408 4417 513 4467 Felelm.
528 4417 549 4467 1.
567 4409 642 4477 iiviri·
695 4423 719 4464 ot
736 4415 827 4476 logiis.
845 4411 952 4468 Παῦλος
969 4404 1099 4462 διδάσκει.
1135 4408 1194 4458 lbid.
1208 4407 1280 4458 Basti.

50 4498 156 4554 emo·
693 4475 825 4550 resurr·
1216 4517 1219 4523 ·
