2948 5092
347 282 496 328 aaronem
508 282 547 326 oa
562 283 706 328 numeris
721 282 865 328 nicaenae
881 283 997 329 ennom.
1246 272 1288 336 59

63 455 123 496 mm
143 437 348 515 proferuntur,
371 436 422 496 his
444 435 583 508 indicant,
606 434 712 514 quibus
736 455 823 498 aures
847 455 937 498 sanae
959 445 989 497 et
1009 437 1141 516 integrae
1164 448 1235 499 sunt
1255 440 1372 501 inum.

63 537 176 615 pietate.
220 537 253 597 ld
282 556 356 598 sane
386 545 416 596 et
442 535 495 598 tibi
517 536 665 616 inspirare
687 545 717 598 et
738 538 885 617 imperitis
907 538 964 599 illis
987 539 1056 600 licet
1076 539 1186 600 audire.
1231 541 1286 601 Ni·

63 639 164 698 mirum
194 657 287 717 sopra
315 647 471 699 ostensum
500 647 546 699 est
567 657 695 717 vereque
717 637 861 711 creditur,
891 640 1017 702 Verbum
1041 660 1108 701 esse
1131 661 1165 701 ex
1188 641 1286 716 Patre,

62 740 186 818 illudque
216 739 314 801 solum
344 730 499 819 proprium
527 739 592 800 eius
622 748 653 800 et
679 748 782 801 natura
812 741 902 800 letum
932 759 1008 802 esse.
1053 742 1095 801 Ex
1125 762 1184 822 quo
1208 745 1285 805 enim

63 841 113 901 alio
135 841 255 915 Filium,
278 841 329 920 qni
352 849 382 901 et
404 840 549 920 sapientia
571 849 667 902 estet
689 840 829 913 Verbum,
853 842 883 902 in
905 861 963 920 quo
987 843 1085 904 omnia
1109 852 1180 905 sunt
1203 848 1285 919 iacta,

63 961 143 1021 qoam
168 961 204 1002 ex
226 943 290 1003 lieo
313 939 390 1003 esse
404 941 526 1019 intelligi
548 939 661 1020 queat?
704 943 811 1003 l'erum
835 942 904 1003 illud
927 962 1043 1021 quoquo
1065 965 1100 1004 ex
1123 946 1295 1025 scripturis·

64 1044 226 1104 didicimus.
271 1043 360 1104 Pater
382 1043 460 1103 enim
483 1062 536 1121 per
557 1041 647 1104 David
670 1043 755 1104 dicit:
784 1044 944 1131 Eructavit
968 1063 1138 1107 cormeum
1162 1049 1286 1109 verdum

64 1146 177 1216 donum,
200 1154 245 1204 et:
268 1144 318 1205 lle
338 1154 427 1206 utero
450 1156 519 1206 onte
543 1144 704 1224 lanciferum
724 1149 817 1224 genui
836 1157 873 1207 te.
919 1145 1009 1205 Filius
1032 1145 1100 1206 item
1125 1147 1160 1209 de
1184 1149 1284 1227 seipso

65 1246 99 1305 ita
120 1247 155 1306 ad
178 1246 307 1307 ludaeos
330 1245 477 1323 loquitur:
500 1245 538 1306 Si
556 1247 639 1308 licus
659 1257 750 1328 poter
772 1257 872 1308 aester
894 1257 981 1317 esset,
1004 1248 1168 1326 diligeretis
1184 1253 1286 1329 utique

66 1367 115 1407 ne.
159 1346 222 1425 Epo
247 1332 331 1408 'enim
359 1365 398 1407 em
419 1346 511 1408 Patre
535 1352 630 1423 exivi,
665 1357 694 1408 et
726 1348 849 1408 iterum:
885 1346 953 1409 Non
975 1352 1044 1428 quio
1066 1348 1187 1411 Patrem
1211 1351 1287 1411 vidit

67 1451 230 1527 quicquum,
253 1452 317 1509 nisi
336 1451 389 1529 qui
409 1460 453 1510 est
476 1466 496 1508 o
518 1448 596 1519 Deo,
621 1449 666 1511 dic
688 1451 763 1512 vidit
785 1448 915 1512 Patrem.
962 1448 1033 1510 ltem
1056 1449 1143 1510 illud:
1172 1450 1234 1529 Epo
1258 1461 1286 1512 et

67 1547 151 1609 Potor
177 1568 274 1609 unum
301 1567 422 1624 eumue,
452 1558 495 1609 et:
523 1538 585 1628 ligo
615 1553 649 1610 irc
671 1549 762 1611 Putre
785 1561 812 1611 et
834 1549 980 1612 Peterin
1000 1570 1060 1622 me,
1083 1551 1162 1611 idom
1184 1562 1231 1612 est
1252 1570 1287 1613 ac

69 1648 90 1707 si
110 1649 234 1709 diceret:
256 1649 320 1727 Ego
344 1649 480 1710 exPatre
502 1668 566 1710 sum
590 1668 646 1712 nec
667 1650 762 1711 abeo
784 1669 910 1728 possum
926 1651 1025 1712 dividi.
1059 1653 1187 1713 loannes
1207 1672 1299 1731 quo-⁴

68 1769 118 1827 que
138 1750 221 1811 dicit:
256 1750 432 1830 [tergendos
455 1750 567 1822 Filius,
598 1756 650 1832 qui
671 1762 716 1812 est
740 1757 771 1813 in
795 1758 865 1814 sinu
887 1752 1006 1822 Patria,
1029 1757 1093 1832 ipse
1116 1759 1285 1815 occorrooit.

68 1851 176 1911 Scilicet
196 1851 271 1912 haec
291 1852 358 1930 ipse
380 1852 563 1913 aSalvatore
585 1853 735 1913 didicerat
780 1853 852 1914 Nam
875 1852 944 1931 quid
967 1853 1045 1913 aliud
1064 1843 1138 1914 'illud
1162 1859 1193 1915 in
1216 1859 1286 1918 sinu

71 1952 212 2029 significat,
237 1971 324 2031 quam
346 1971 445 2013 veram
466 1952 531 2014 Filii
554 1974 589 2016 eu
610 1955 697 2015 Patre
719 1951 964 2034 generationem?

145 2258 194 2319 22.
241 2257 272 2317 Si
301 2256 367 2335 quis
391 2276 462 2335 ergo
484 2257 578 2318 Deum
601 2258 798 2337 compositum
821 2275 889 2318 esse
912 2257 1077 2330 existimat,
1101 2268 1133 2318 ut
1156 2259 1185 2319 in
1209 2260 1283 2321 suh-

71 2357 166 2417 stantia
194 2357 346 2430 accidens,
377 2341 423 2418 vol
444 2359 483 2420 ita
506 2368 538 2420 ut
560 2360 686 2438 aliquem
710 2358 892 2420 extrinsecus
915 2359 1051 2421 amictum
1075 2360 1196 2433 lrabeat,
1225 2380 1285 2439 quo

70 2469 251 2538 contegatur,
285 2468 335 2520 aut
367 2461 509 2538 quaedam
545 2461 654 2522 circum
683 2481 751 2522 eum
781 2460 857 2532 sint,
892 2479 966 2538 quae
996 2461 1058 2522 eius
1087 2462 1283 2523 substantiam

69 2561 239 2639 compleant,
269 2561 342 2621 adeo
371 2569 404 2621 ut
425 2580 490 2621 cum
512 2561 605 2622 Deum
628 2562 752 2622 dicimus
776 2561 820 2621 vol
842 2561 959 2622 Patrem
983 2563 1189 2634 neminemne,
1223 2582 1284 2622 non

69 2661 122 2720 eius
143 2662 350 2733 substantiam,
374 2681 449 2740 quae
473 2682 526 2723 nec
547 2663 638 2722 videri
661 2682 716 2723 neo
737 2662 946 2741 comprehendi
969 2671 1077 2740 potest,
1101 2665 1152 2724 sed
1176 2663 1284 2740 aliquid

68 2781 171 2835 eorum,
194 2782 270 2840 quae
293 2763 403 2824 circum
426 2763 519 2841 ipsam
543 2771 629 2835 sunt,
653 2764 868 2843 significeinus3
898 2763 1048 2840 Synodum
1070 2782 1125 2841 per
1147 2784 1194 2824 me
1216 2764 1286 2824 licet

68 2863 212 2933 incusem,
236 2883 310 2943 quae
332 2864 383 2924 llei
407 2865 513 2925 Filium
536 2884 571 2925 ex
595 2866 658 2925 eius
681 2865 846 2926 substantia
869 2883 937 2924 esse
961 2864 1123 2943 scripserit
1168 2865 1282 2925 intelli-

68 2974 128 3040 gant
155 2975 270 3039 tamen,
299 2985 332 3025 se
354 2966 393 3026 ita
416 2966 572 3026 sentiendo
596 2966 742 3044 duplicem
765 2966 945 3043 impietatem
969 2966 1163 3027 committere.
1209 2967 1283 3026 Nam

68 3069 201 3142 quendam
224 3066 318 3127 Deum
341 3086 517 3146 corporeum
541 3068 692 3140 inducunt,
716 3076 745 3128 et
765 3066 922 3127 Dominum
947 3086 1006 3127 non
1030 3067 1077 3128 sui
1100 3068 1207 3140 Patris,
1231 3069 1282 3129 sed

67 3185 167 3239 rerum,
190 3188 265 3246 quae
289 3168 399 3227 circum
421 3168 518 3246 ipsum
542 3178 620 3241 sunt,
644 3169 736 3229 filium
761 3188 828 3230 esse
850 3169 1042 3229 mentiuntur.
1088 3169 1145 3230 Sed
1163 3169 1283 3229 silicus

68 3269 165 3346 aliquid
189 3270 314 3348 simplex
337 3278 401 3341 est,
425 3270 467 3330 uti
487 3289 590 3331 revera
613 3279 674 3343 est,
697 3270 789 3349 liquet
810 3270 882 3330 nihil
904 3290 979 3343 nos,
1010 3270 1088 3348 quod
1112 3270 1199 3330 veluti
1222 3271 1282 3330 cir-

68 3388 124 3429 cum
147 3372 242 3450 ipsum
265 3371 323 3443 sit,
345 3371 515 3444 nominare,
539 3391 604 3432 cuin
627 3371 720 3431 licum
743 3371 868 3431 dicimus
892 3379 921 3431 et
943 3372 1060 3432 Patrem
1083 3371 1282 3443 nominamus,

67 3471 112 3529 sed
140 3471 233 3549 ipsam
263 3472 327 3533 eius
355 3472 552 3533 substantiam
583 3457 758 3552 significare.
805 3471 946 3544 Quamvis
970 3474 1048 3533 enim
1071 3471 1283 3551 comprehendi

66 3589 117 3630 non
138 3573 253 3651 possit,
276 3574 346 3651 quid
369 3574 485 3635 tandem
510 3575 548 3634 sit
569 3574 622 3634 Ilei
646 3572 828 3645 substantia,
852 3582 979 3634 attamen
1004 3575 1029 3634 si
1054 3574 1150 3633 solum
1173 3572 1280 3634 intelli-

66 3691 158 3747 gamus
180 3675 275 3736 licum
297 3693 374 3746 esse,
397 3695 522 3754 cumque
546 3676 698 3755 Scriptura
721 3675 803 3735 illum
825 3675 996 3735 huiusmodi
1020 3675 1140 3736 vocibus
1164 3673 1282 3746 indicet,

65 3774 103 3833 sic
123 3794 179 3835 nos
203 3776 291 3836 ctiam
314 3795 379 3837 cnm
401 3776 494 3838 Deum
518 3785 547 3838 et
568 3777 686 3838 Patrem
709 3784 737 3836 et
759 3775 917 3836 Dominum
940 3774 1081 3848 dicimus,
1113 3775 1282 3836 uenalium

64 3878 189 3950 prolecto
219 3877 346 3957 aliquem
374 3897 462 3956 quarn
490 3878 586 3957 ipsum
610 3877 706 3938 solum
729 3877 864 3938 volumus
888 3877 1055 3955 significari.
1101 3876 1172 3937 Cum
1195 3876 1284 3954 igitur

64 3976 139 4039 dicit:
162 3978 224 4058 Ego
247 3999 314 4041 sum
336 3983 388 4059 qui
409 3999 491 4049 sum,
516 3988 558 4039 et:
581 3979 643 4059 Epo
667 3999 733 4040 oum
756 3979 904 4040 Dominus
927 3978 1025 4052 Deus,
1049 3996 1083 4037 ac
1105 3977 1281 4054 ubicumque
1291 4003 1368 4047 ms,

64 4079 205 4157 Scriptura
235 4080 306 4141 dicit
327 4080 426 4154 Deus3
459 4099 524 4141 cum
554 4098 611 4140 nos
640 4081 696 4141 ista
725 4078 866 4157 legimus,
895 4077 967 4137 nihil
990 4077 1068 4138 aliud
1091 4077 1282 4155 intelligimus

64 4179 221 4257 significari,
245 4201 334 4261 quam
356 4181 452 4260 ipsam
475 4182 539 4243 cius
561 4181 836 4260 incomprehensam
860 4178 1064 4250 substantiam,
1088 4186 1118 4238 et
1139 4178 1217 4256 quod
1233 4176 1282 4237 ille

63 4281 103 4341 sit.
125 4303 210 4362 quem
235 4303 304 4345 esse
326 4291 483 4344 testantur.
527 4283 621 4343 Nemo
645 4283 734 4361 igitur
758 4281 959 4360 obstupescat,
983 4299 1049 4340 cum
1072 4280 1152 4340 auclit
1177 4278 1282 4338 Filium

90 4452 109 4482 a,
127 4438 165 4486 Sic
184 4438 240 4499 Reg.
266 4446 292 4487 ot
318 4445 341 4485 et
367 4436 454 4497 legitur
472 4436 537 4486 loan.
557 4435 581 4498 6,
600 4435 641 4486 46.
728 4437 751 4484 l).
770 4436 811 4484 Sic
822 4435 878 4511 lleg.
904 4434 972 4512 'Editi
991 4448 1046 4482 vero
1066 4441 1089 4481 et
1107 4432 1147 4480 alii
1165 4423 1276 4495 πατρός.

61 4501 99 4552 dlii
117 4515 138 4554 et
155 4506 212 4556 editi
230 4498 280 4554 τόν
296 4506 422 4557 omittunt.
729 4519 749 4552 c.
769 4503 825 4566 [tog.
844 4514 936 4550 autor.
