2948 5092
444 267 554 311 omaro
566 268 607 310 rr.
623 268 740 323 corrue
754 268 888 314 mans.
1023 284 1027 293 ·
1203 260 1266 324 ott

32 421 119 484 Deus
149 421 321 482 benedictus
350 421 382 479 ta
406 418 542 489 soeculo,
572 438 667 480 amen.
714 419 788 492 Quia
811 438 902 498 porro
927 439 961 481 ex
983 420 1044 482 Deo
1068 424 1146 484 Deus
1168 434 1351 488 estatem.

32 521 89 582 bei
120 519 267 607 Verbum,
283 519 460 598 Sapientia,
493 518 584 580 Filius
615 527 645 580 et
666 519 765 581 Virtus
794 529 841 581 est
862 521 1015 594 Christus,
1049 524 1159 586 ideireo
1188 546 1265 589 unus

32 621 117 685 Deus
139 621 171 682 in
193 620 299 681 divinis
322 619 483 699 Scripturis
506 620 709 681 annunciatur.
755 622 828 682 Cum
851 623 931 684 enim
953 625 1080 687 Verbum
1103 627 1191 688 unius
1213 629 1266 690 [lei

33 724 77 785 sit
100 723 190 795 lilius,
213 723 250 783 ad
271 722 352 783 illum
376 721 460 799 ouius
484 731 530 782 est
551 722 688 794 refertur,
711 722 752 784 ita
775 732 807 784 ut
828 725 887 785 duo
910 725 1029 804 quidem
1053 727 1114 788 sint
1128 729 1216 790 Pater
1237 739 1267 792 et

34 823 143 896 Filius,
159 823 264 887 unitas
288 843 358 884 vero
381 823 541 884 divinitatis
564 823 713 885 individua
736 824 775 886 sit
797 825 937 906 nulloque
960 828 1049 888 modo
1073 831 1266 908 separabilis3

18 943 71 986 ,ae
93 906 221 1003 proinde
243 924 398 986 dicendum
422 933 482 998 est,
512 943 604 985 unum
627 943 695 986 esse
718 925 877 987 divinitatis
899 928 1093 1008 principium,
1125 951 1184 992 non
1207 933 1266 994 duo

34 1024 202 1105 principia;
230 1026 309 1088 unde
336 1027 457 1106 proprie
486 1036 516 1088 et
543 1026 713 1088 monarchia
742 1036 799 1089 εει.
841 1028 886 1089 Ex
913 1029 978 1108 ipso
1001 1039 1097 1092 autem
1120 1035 1266 1114 principio

35 1127 169 1188 Verbum
192 1128 270 1189 lilius
293 1132 398 1189 natura
421 1129 530 1202 existit,
554 1146 613 1188 non
637 1137 669 1190 ut
690 1129 767 1190 aliud
782 1129 959 1210 principium
975 1135 1176 1214 perseipsum
1192 1136 1266 1198 sub·

35 1230 170 1301 sistens,
201 1249 298 1310 neque
326 1230 443 1292 aliunde
471 1249 558 1310 quam
588 1249 624 1291 ex
645 1231 711 1309 ipso
734 1250 793 1291 uno
815 1232 961 1313 principio
984 1243 1089 1308 natus,
1118 1256 1156 1298 ne
1178 1237 1266 1316 dyar-

35 1331 135 1392 obiam
159 1340 189 1391 et
209 1331 406 1411 polyarchiam
429 1332 459 1392 id
482 1341 529 1392 est
548 1333 608 1392 duo
630 1331 676 1393 rel
697 1332 781 1411 plura
802 1333 947 1415 principia
969 1336 1124 1399 diversitas
1137 1339 1266 1414 inducat,

35 1434 93 1497 sed
117 1435 206 1496 unius
227 1434 363 1513 principii
386 1435 525 1513 proprius
548 1442 593 1495 est
607 1433 711 1507 Filius,
733 1435 856 1515 propria
877 1436 1032 1515 sapientia,
1055 1439 1268 1520 propriumque

35 1535 169 1597 Verbum
192 1555 227 1597 ex
250 1554 286 1596 eo
310 1536 450 1596 existens.
495 1536 578 1609 Nam,
602 1543 635 1595 ut
657 1535 745 1596 dooet
759 1536 897 1610 loannes,
920 1537 950 1597 in
965 1538 1025 1600 isto
1040 1542 1186 1621 principio
1204 1551 1269 1604 erat

34 1636 187 1709 Verbum,
219 1646 249 1698 et
276 1637 405 1700 Verbum
439 1646 502 1698 erat
534 1637 610 1723 apud
639 1637 743 1698 Deum.
788 1637 867 1698 Deus
897 1639 976 1700 enim
1003 1642 1187 1722 principium*
1210 1653 1267 1706 est.
1327 1648 1328 1653 ’

36 1738 124 1801 Unde
156 1739 225 1817 quia
260 1757 297 1800 ex
325 1738 383 1800 boe
410 1738 555 1817 principio
586 1746 648 1812 est,
682 1738 792 1799 ideireo
822 1739 911 1800 etiam
932 1742 1016 1803 Deus
1040 1756 1106 1805 eret
1132 1745 1267 1808 Verbum.

34 1838 136 1901 Porro
159 1840 405 1919 quemadmodum
431 1859 520 1901 unum
544 1849 590 1901 est
611 1840 790 1920 principium
814 1849 844 1901 et
866 1843 991 1921 proinde
1015 1863 1091 1905 unus
1114 1846 1204 1920 Deus,
1226 1848 1291 1912 ita'

36 1960 116 2021 quae
136 1942 294 2003 verissime
316 1951 362 2004 est
384 1942 515 2003 essentia
537 1951 566 2002 et
587 1941 764 2015 substantia,
787 1961 845 2003 una
862 1952 908 2004 εει
923 1962 998 2022 quae
1013 1945 1099 2006 dicit:
1122 1949 1185 2028 llpo
1201 1968 1269 2011 sum

36 2050 93 2126 put·
119 2063 202 2119 sum,
230 2062 292 2104 non
320 2051 419 2106 autem
447 2043 539 2117 duae,
567 2062 604 2105 ne
636 2042 750 2106 seilicet
777 2043 836 2104 duo
866 2045 925 2106 sint
947 2046 1100 2125 principia.
1144 2049 1187 2111 Ex
1210 2062 1353 2113 unaeats.

35 2155 138 2210 autem
170 2147 218 2207 illa
248 2146 413 2207 substantia
438 2145 537 2207 existit
558 2147 663 2207 natura
685 2153 715 2206 et
736 2163 806 2206 vere
828 2146 918 2220 lilius,
939 2147 1083 2222 Verbum,
1113 2149 1268 2230 sapientia,

36 2248 221 2329 propriaque
249 2248 314 2310 eius
342 2246 452 2320 virtus,
481 2265 537 2308 nec
566 2246 601 2306 ab
626 2264 660 2307 ea
681 2245 865 2324 separabilis.
909 2248 1039 2310 Utvero
1062 2269 1122 2312 non
1145 2252 1270 2316 aliaest

36 2350 172 2412 essentia
196 2368 251 2411 seu
274 2350 455 2422 substantia,
479 2367 516 2410 ne
539 2349 596 2409 duo
620 2348 682 2409 sint
703 2348 865 2427 principia,
889 2350 933 2411 sic
955 2350 1098 2423 Verbum,
1129 2355 1209 2432 quod
1232 2374 1269 2417 ex

37 2470 98 2515 una
121 2450 232 2525 existit,
254 2450 328 2511 nibil
351 2452 460 2511 lluxum
483 2469 539 2512 nec
560 2468 616 2510 vox
639 2457 751 2511 tantum
775 2450 945 2527 significans
962 2461 1017 2525 est,
1041 2454 1096 2514 sed
1111 2455 1269 2516 essentiale

37 2551 170 2613 Verbum
200 2562 230 2613 et
258 2552 423 2614 essentialis
453 2560 499 2612 est
521 2551 682 2629 sapientia,
712 2570 877 2630 quaerere
900 2552 992 2613 Filius
1016 2562 1071 2614 est.
1115 2555 1188 2615 Nam
1210 2557 1269 2618 nisi

37 2653 201 2716 essentiale
217 2653 344 2714 Verbum
366 2662 457 2726 esset,
480 2661 656 2731 sequeretur
676 2651 770 2713 Deum
793 2652 882 2712 rerba
905 2671 958 2713 sua
980 2673 1034 2733 per
1054 2661 1153 2717 aerem
1169 2658 1267 2718 ellun-

39 2756 132 2829 dere,
161 2774 329 2835 corpusque
357 2765 390 2815 ut
416 2755 555 2816 homines
583 2753 704 2815 habere.
750 2753 898 2825 Quoniam
921 2774 991 2816 vero
1015 2757 1104 2816 bomo
1128 2776 1189 2818 non
1212 2767 1268 2832 εει,
1383 2795 1386 2801 ·

37 2875 97 2918 nec
131 2858 201 2918 item
235 2858 298 2918 eius
321 2856 451 2917 Verbum
484 2856 638 2935 quiequam
668 2854 821 2916 hominum
855 2855 1016 2917 infirmitati
1046 2858 1142 2919 simile
1171 2859 1269 2922 babet.

41 2960 79 3020 tt
103 2959 182 3019 enim
204 2959 381 3038 principium
403 2978 461 3018 una
485 2966 530 3018 est
553 2956 694 3030 essentia,
718 2957 758 3016 ita
781 2976 871 3018 unum
895 2965 941 3018 est
963 2960 1120 3019 essentiale
1143 2968 1173 3020 et
1194 2961 1268 3021 sub-

39 3063 154 3122 sistens
184 3061 248 3121 eius
271 3060 400 3122 Verbum
430 3068 459 3119 et
480 3057 634 3137 sapientia.
678 3058 751 3118 Nam
774 3067 806 3118 ut
828 3077 862 3119 ex
884 3059 945 3118 Deo
970 3058 1047 3120 Deus
1072 3070 1130 3132 est,
1161 3080 1194 3121 ex
1218 3081 1268 3123 sa-

40 3163 143 3242 piente
175 3162 338 3240 sapientia,
370 3180 406 3220 ex
434 3160 568 3221 rationali
592 3168 689 3221 mente
711 3159 797 3220 ilatio
821 3178 874 3221 seu
899 3159 1041 3233 Verbum,
1076 3170 1105 3222 et
1127 3181 1162 3223 ex
1182 3162 1271 3224 Patre

40 3263 152 3334 Filius,
180 3264 220 3324 ita
248 3282 283 3324 ex
306 3263 469 3324 substantia
493 3260 694 3322 substantialis
718 3270 777 3334 est,
808 3280 844 3323 ex
867 3262 997 3323 essentia
1020 3263 1202 3337 essentialis,
1237 3284 1271 3327 ao

41 3366 172 3444 denique
195 3384 264 3425 vere
288 3374 344 3437 est,
367 3365 471 3443 utqui
495 3364 534 3423 sit
556 3363 592 3423 ab
615 3381 662 3435 eo,
686 3362 735 3441 qui
758 3372 813 3424 est.

129 3470 160 3529 2.
204 3465 342 3545 Alioquin
365 3465 423 3527 nisi
446 3464 613 3526 essentialis
636 3471 719 3525 esset
739 3464 882 3543 sapientia
904 3465 1089 3545 Verbumque
1112 3467 1272 3532 essentiale

43 3578 73 3630 et
96 3568 190 3629 Filius
213 3567 263 3645 qui
286 3587 356 3628 rere
379 3567 435 3640 sit,
464 3567 519 3629 sod
541 3564 717 3645 simpliciter
738 3566 902 3644 sapientia,
924 3567 1051 3629 Verbum
1075 3577 1105 3628 et
1125 3568 1217 3631 Filius
1240 3571 1272 3630 in

42 3670 144 3742 Patre,
168 3688 240 3729 sane
264 3669 329 3746 ipse
350 3668 437 3728 Pater
460 3687 495 3728 er
519 3667 664 3744 sapientia
687 3674 717 3726 et
732 3664 828 3727 Verbo
852 3676 934 3730 esset
949 3669 1145 3748 compositus.
1184 3669 1272 3741 Quod

44 3771 166 3852 quidem
189 3771 215 3831 si
237 3789 341 3831 rerum
364 3779 420 3842 est,
445 3787 534 3847 supra
559 3769 643 3829 allata
666 3767 794 3828 absurda
816 3748 980 3848 sequentur
1003 3770 1183 3841 necessario,
1207 3769 1273 3849 ipse

41 3883 143 3936 autem
168 3872 279 3932 suimet
305 3878 390 3949 pater
412 3878 449 3944 et,
463 3872 541 3931 lilius
563 3871 681 3931 iuturus
704 3877 766 3942 est,
796 3870 860 3948 ipse
883 3870 1016 3949 seipsum
1039 3880 1086 3931 est
1107 3870 1273 3948 geniturus,

44 3987 114 4037 eta
137 3973 240 4051 seipso
262 3973 414 4051 gignetur,
437 3971 483 4033 vel
505 3980 586 4034 certe
608 3989 722 4033 merum
747 3962 858 4032 nomen
880 3973 936 4033 erit
959 3972 1101 4043 Verbum,
1124 3970 1275 4051 Sapientia

44 4084 75 4136 et
97 4074 202 4146 FiliuS,
225 4073 273 4134 ille
296 4083 404 4145 autem,
429 4073 466 4133 de
489 4091 547 4151 quo
571 4073 645 4135 bueo
666 4072 804 4133 dicuntur
826 4073 871 4133 vol
892 4074 993 4153 potius
1016 4074 1066 4151 qui
1088 4071 1275 4133 haecomnia

41 4185 108 4248 est,
138 4175 211 4237 nihil
235 4175 292 4236 erit
313 4176 492 4237 subsistens.
538 4175 569 4235 Si
593 4175 691 4255 itaque
713 4176 787 4236 nibil
810 4186 855 4236 est
877 4175 1062 4247 subsistens,
1091 4190 1164 4232 rana
1186 4172 1276 4250 igitur

76 4364 101 4412 d.
119 4364 161 4412 Sic
179 4363 279 4424 Seguer.
299 4362 371 4411 Basil.
390 4373 413 4413 et
430 4362 520 4424 lnglie.
556 4361 634 4411 ltalii
721 4361 737 4410 i.
763 4362 819 4424 ch.
846 4370 869 4412 et
886 4361 984 4422 Seguer.
1013 4351 1168 4412 ὑποσταιὸς
1191 4358 1276 4410 ultima

37 4442 66 4483 et
85 4432 143 4480 editi
162 4425 366 4494 διαλελυμένως.
687 4428 759 4491 gravi.

74 4514 99 4552 e.
115 4498 209 4562 buglis.
227 4489 309 4563 εἴπερ.
