2948 5092
359 248 602 321 ,interemunt
618 250 814 295 tempranen.
1131 236 1192 305 081

101 413 176 485 ptum
200 405 285 467 rubis
309 411 453 464 occurret.
498 401 556 462 Sed
584 411 685 463 centra
713 402 744 464 in
766 402 874 464 Genesi
898 403 1124 484 scriptumest:
1156 406 1279 469 Etnau.

101 527 108 568 s
130 508 189 568 Dei
208 508 368 586 serebatur
396 523 489 583 super
511 522 619 583 aquae,
642 512 672 566 et
693 503 781 582 paula
802 513 888 583 past:
917 505 988 569 Nau
1006 509 1196 587 permanebit

101 630 107 671 r
136 628 219 670 meus
248 613 280 669 iu
303 607 469 668 haminibus
492 604 553 676 us,
588 608 657 685 quia
686 622 793 668 carices
821 618 904 669 suut.
948 607 986 669 Et
1006 609 1037 670 in
1058 608 1194 670 Numeris

101 727 182 790 >yses
205 709 240 770 ad
263 708 353 769 tilium
376 707 469 768 Nave:
492 705 536 768 Ne
556 696 633 768 miici'
650 705 822 769 aemuleris.
871 707 946 782 Quis
970 711 1114 783 tribuerit
1135 711 1196 774 Pa-

100 813 225 875 Dcmiui
244 829 307 873 esee
331 809 513 889 Prophetas,
543 826 608 869 cum
630 808 746 872 dederit
766 809 914 872 Domitius
936 809 1086 892 Spiritum
1108 832 1197 876 suum

101 911 164 976 ece?
206 912 244 972 Et
265 912 295 973 in
317 911 449 971 iudicum
472 908 554 971 libris
582 909 618 970 de
641 909 783 973 Othoniel
803 910 925 972 dicitur:
955 912 996 974 m·
1019 914 1122 993 sactus
1151 925 1196 978 est

101 1035 154 1078 um
176 1012 470 1094 SpiritueDcmiui,
499 1021 527 1072 et
549 1010 692 1074 iudicauit
713 1010 831 1084 decadi,
862 1020 891 1074 et
912 1014 1014 1093 sactus
1036 1026 1196 1096 estsuper

101 1118 235 1198 Spiritus
257 1114 388 1176 Damiui.
432 1112 469 1173 Et
489 1112 526 1173 de
541 1110 703 1173 Samsone:
727 1113 837 1183 Creuit,
860 1113 965 1192 inquit,
985 1134 1075 1195 puer,
1099 1127 1127 1178 et
1142 1117 1278 1178 tie-nui.

111 1223 139 1281 ei
158 1218 315 1287 Dominus,
340 1218 488 1295 caepitque
510 1212 644 1295 Spiritus
659 1213 785 1276 Damiui
804 1217 850 1276 ire
873 1234 940 1277 cum
960 1215 1026 1288 iila,
1049 1226 1078 1278 et
1092 1216 1195 1281 Irruit

115 1314 407 1400 Spiritus'Damiui.
450 1315 540 1377 David
563 1315 634 1377 item
656 1315 768 1395 psallit:
790 1315 942 1397 Spiritum
959 1329 1097 1380 sauctum
1111 1331 1197 1382 tuum
1252 1325 1255 1330 '

101 1440 158 1482 :ras
182 1442 199 1480 a
221 1439 276 1481 mc.
320 1418 356 1479 Et
378 1436 482 1478 rursus
504 1417 535 1477 in
556 1417 674 1479 Psalmo
704 1418 866 1480 centesima
895 1420 1121 1499 quadragesima
1143 1439 1194 1483 ee-

115 1523 252 1603 Spiritus
283 1531 354 1582 tuus
383 1520 478 1582 banus
502 1520 624 1583 deducet
649 1538 695 1580 me
717 1524 750 1582 iu
772 1531 888 1583 terram
909 1532 1037 1594 rectam,
1067 1531 1197 1603 prepter

103 1636 204 1694 tuum,
226 1623 367 1692 Domine,
395 1621 561 1701 vivificabis
583 1639 637 1681 me.
681 1620 715 1681 ln
737 1619 824 1682 Eucti
846 1640 964 1700 quoque
985 1622 1128 1702 scriptum
1150 1624 1195 1685 le-

109 1726 243 1806 Spiritus
266 1724 388 1785 Domini
409 1740 502 1801 super
523 1741 586 1800 me,
610 1732 780 1802 prepterea
807 1727 899 1787 uenit
926 1742 981 1786 me.
1025 1725 1100 1787 Ante
1122 1744 1197 1804 quae

101 1828 186 1889 ictum
209 1836 286 1887 eret:
313 1826 368 1886 Vae
389 1825 450 1905 filii
470 1824 649 1886 decertares.
693 1823 775 1887 Huic
796 1826 866 1887 dicit
886 1826 1049 1890 Dominus:
1074 1827 1197 1892 Fecistis

105 1949 133 1990 m
154 1948 217 1990 uau
234 1948 294 2010 per
314 1946 375 1998 me,
405 1939 435 1990 et
452 1937 558 2006 pacta,
587 1927 641 1988 scd
668 1944 731 1988 mart
756 1945 817 2007 per
839 1926 989 2007 Spiritum
1014 1947 1125 2002 meum,
1158 1931 1198 1992 ad

115 2035 245 2112 peccatis
267 2030 412 2092 addenda.
456 2029 494 2088 Et
514 2027 638 2089 iterum:
670 2028 780 2091 Audite
801 2029 890 2091 iaec:
914 2029 984 2092 Nau
1004 2049 1024 2092 a
1041 2035 1196 2113 principia

101 2135 201 2196 audita
227 2133 343 2195 locutus
366 2149 442 2192 sum.
490 2130 561 2192 Cum
582 2130 679 2211 piaret,
701 2128 765 2192 iilic
787 2149 879 2202 eram,
902 2141 930 2193 et
952 2150 1033 2194 uursc
1047 2131 1197 2197 Daminue

101 2254 120 2296 e
142 2244 170 2296 et
191 2235 326 2313 Spiritus
348 2237 422 2295 eius.
467 2231 579 2292 Deinde
600 2231 702 2310 paucis
725 2231 887 2294 interiectis
914 2233 1011 2298 addit:
1043 2233 1109 2298 Hac
1129 2237 1198 2315 sae-

101 2355 149 2396 um
171 2355 236 2397 curu
258 2339 347 2415 apsis,
378 2336 455 2396 dimit
476 2332 641 2406 Damiuus3
671 2332 807 2412 Spiritus
829 2353 930 2407 meus,
958 2343 1011 2418 qui
1035 2347 1080 2399 est
1105 2342 1138 2399 iu
1161 2350 1198 2401 te.

101 2437 140 2508 is,
165 2456 239 2515 quae
261 2445 440 2516 sequuntur,
470 2453 573 2495 rursus
595 2435 649 2495 nit:
673 2434 743 2497 Nare
764 2435 879 2514 icpatus
901 2457 955 2498 uec
978 2439 1124 2517 impetus,
1147 2441 1200 2502 sed

101 2544 206 2600 ciuiuus
230 2543 366 2600 servavit
388 2557 448 2612 eae,
472 2542 541 2618 quia
563 2536 633 2599 iilos
656 2536 796 2615 dilipebat
813 2547 846 2599 ut
863 2542 937 2618 ipsis
949 2541 1111 2619 parcebam
1135 2545 1199 2620 ipre

121 2660 170 2702 eas
194 2651 222 2702 et
244 2645 388 2703 assumsit
410 2658 476 2714 eae,
510 2650 537 2701 et
566 2638 693 2701 eleuauit
720 2656 770 2701 eas
800 2644 916 2701 cuuctis
944 2642 1046 2703 diebus
1074 2642 1198 2706 saeculi.

103 2761 137 2804 ra
167 2751 416 2822 repupuaveruut
443 2753 473 2802 et
504 2742 544 2802 ad
571 2736 762 2803 iracundiam
779 2729 1030 2820 provocaverunt
1049 2741 1200 2824 Spiritum

101 2865 112 2904 c
134 2848 217 2915 eius,
242 2856 269 2905 et
292 2862 471 2906 conversum
494 2853 538 2904 cst
560 2847 602 2904 eis
625 2847 657 2904 iu
679 2846 873 2906 inimicitiam.
919 2842 997 2905 Haec
1019 2851 1089 2906 sunt
1111 2844 1198 2906 etiam

100 2946 136 3007 lis
159 2947 261 3007 verbe:
291 2946 329 3007 Et
354 2946 464 3009 leuauit
486 2963 531 3007 me
554 2944 687 3024 Spiritus
709 2944 894 3025 adduxitque
915 2948 947 3007 iu
970 2958 1085 3009 terram
1107 2946 1199 3009 Cisal-
1259 2961 1262 2975 ·

102 3133 163 3181 Editi
182 3142 236 3196 past
254 3147 335 3181 rocem
351 3128 452 3197 ψαλμῷ
471 3131 561 3180 addunt
611 3139 632 3180 et
653 3146 665 3178 a
684 3131 775 3181 Graeca
793 3130 931 3194 Scripturas
950 3139 1022 3194 textu,
1041 3133 1064 3182 in
1083 3148 1130 3198 qua
1142 3133 1198 3183 item

102 3195 144 3255 αι’,
172 3202 234 3264 quod
256 3218 267 3249 a
287 3202 365 3262 Regiis
383 3216 440 3248 mss.
461 3199 559 3261 Seguer.
611 3212 665 3246 mox
685 3199 749 3247 etin
769 3198 823 3260 Res.
837 3199 859 3247 l.
879 3208 902 3248 ut
915 3202 1014 3261 Seguer.
1032 3200 1119 3262 legitur
1137 3192 1199 3248 dai-

101 3278 120 3318 rt
145 3270 297 3318 Fcieiunenui
317 3269 336 3317 l.
359 3271 433 3319 abest
470 3267 560 3315 ibidem
612 3261 704 3315 στειλε.
740 3265 904 3317 ineiiistern
922 3276 945 3316 et
963 3260 1199 3318 editisc'tataaaixt.

105 3352 137 3386 ss.
154 3336 189 3404 γῇ
207 3329 315 3399 εὐθείᾳ,
336 3339 375 3385 uhi
395 3336 450 3386 editi
469 3333 502 3400 τῇ
521 3326 560 3383 εὖ·
646 3335 668 3383 h.
688 3328 980 3396 nantuadensium.
1007 3336 1073 3387 idem
1092 3339 1199 3388 maxie-

115 3410 176 3468 epud
202 3407 265 3455 LXX.
295 3406 387 3467 iegitur.
432 3404 561 3467 Sequentia
612 3403 652 3452 bet
670 3393 736 3462 airu
754 3394 829 3450 ἐστὶν
847 3395 862 3462 ἢ
880 3393 943 3466 παρ’
963 3395 1097 3469 lyaei-etc.
1124 3404 1198 3455 Paulo

101 3488 140 3536 pue
159 3474 187 3522 sd
206 3466 293 3532 ζήσεις
309 3486 343 3539 με
361 3474 448 3522 desunt
460 3473 482 3519 in
495 3473 560 3521 Geb-
611 3479 667 3534 pust
685 3472 741 3533 Reg.
753 3470 779 3520 1:
793 3472 892 3533 Segner.
911 3472 1009 3522 Gabier.
1028 3482 1052 3522 et
1061 3473 1165 3523 isicius.
1176 3474 1199 3522 1.

102 3543 256 3591 tieletuml.
294 3541 455 3591 tinccuitirna
475 3533 561 3598 ζήσεις
614 3548 637 3587 et
656 3540 760 3588 Graecus
779 3539 918 3602 Scriptnree
941 3549 1018 3589 textus
1043 3535 1075 3589 τὸ
1093 3540 1200 3607 πνεῦμα

102 3618 121 3658 ιι
138 3619 228 3659 tuntum
249 3613 271 3658 in
291 3611 346 3671 [teg.
364 3610 384 3657 l.
404 3618 426 3657 et
444 3610 543 3670 Seguer.
614 3599 645 3653 τὸ
664 3599 731 3673 ἐμὸν
748 3596 764 3653 ὅ
781 3597 857 3654 iarn
874 3599 918 3654 tut
937 3603 983 3654 σοι’
1000 3616 1044 3658 eta
1080 3609 1159 3659 Ceteri
1177 3619 1201 3659 et

101 3691 204 3744 paucae
230 3679 298 3727 deest
325 3679 348 3726 in
376 3676 521 3727 Gabieriuna
540 3684 563 3724 et
615 3676 671 3723 editi
690 3666 705 3722 ὅ
722 3677 843 3725 emittunt.
880 3675 939 3726 ibid.
958 3677 1056 3727 Gebier.
1080 3672 1126 3724 καὶ
1151 3671 1200 3724 πά-

101 3749 116 3795 i.
152 3747 195 3794 lid.
210 3748 321 3794 amittunt
339 3737 442 3822 ἐλέγετο
462 3738 491 3791 dt
508 3737 562 3806 πρὸ
614 3738 670 3788 λιν·
690 3733 721 3790 ar'r
738 3734 856 3807 πρεσρὑς
873 3752 917 3792 etc.

105 3815 172 3864 cuius
192 3814 245 3862 torn
264 3822 325 3876 puri.
334 3826 379 3860 και
392 3813 487 3860 unisset.
512 3812 563 3859 idox
649 3811 664 3858 i.
683 3812 724 3860 Sic
742 3812 797 3872 Reg.
811 3811 1165 3871 1.suaer.uonter.tetsun.
1177 3812 1200 3861 1.

118 3873 149 3928 οὐ
168 3872 201 3928 dt’
222 3875 288 3946 ἐμοῦ
313 3890 335 3930 ut
363 3871 394 3926 οὗ
418 3873 464 3925 διὰ
487 3870 563 3925 auri·
616 3880 903 3942 etGraecnsScripturae
922 3888 1004 3929 textus.
1040 3880 1084 3929 Alii
1104 3888 1127 3928 et
1144 3880 1201 3929 editi

103 3965 135 3997 aa
153 3952 243 3999 addunt
260 3951 349 4012 dugiic.
369 3948 440 3996 Besil.
459 3947 564 3996 Feieim.
616 3947 728 3995 omittunt
751 3940 797 3993 arai
823 3938 952 4009 ἀνέλαβεν
980 3938 1085 4000 αὐτούς.
1126 3947 1200 3997 Paula

100 4021 124 4069 ti.
162 4020 220 4067 ibid.
240 4020 295 4079 ch.
316 4017 339 4068 2.
358 4007 391 4065 δι’
411 4007 466 4079 tpt.
615 4023 671 4077 post
689 4015 760 4063 iidem
778 4007 810 4060 τὸ
829 4004 910 4078 ἅγιον
927 4006 1020 4064 αὐτοῦ.
1054 4017 1088 4064 tn
1107 4015 1160 4064 eliis
1178 4025 1202 4064 et

110 4088 165 4149 Res.
182 4087 202 4136 1.
222 4086 320 4148 Segucr.
341 4094 364 4133 ct
382 4083 564 4134 GraecusSrri·
616 4083 685 4132 editis
708 4096 752 4131 vax
777 4074 861 4130 αὐτοῦ
880 4084 956 4132 abest.
992 4083 1082 4132 ibidem
1101 4084 1156 4145 fleg.
1176 4083 1200 4132 2.

101 4163 165 4204 ustus.
194 4147 413 4221 Editicipupat'uu.
446 4152 564 4211 Mexfleg.
615 4141 783 4215 ἇνεστράφη.

102 4239 120 4271 r.
145 4224 242 4273 anier.
271 4225 375 4271 Fulcitur.
395 4221 415 4269 i.
435 4221 515 4270 Ottnb.
541 4227 565 4267 et
649 4220 672 4269 t.
690 4219 961 4281 Siciieg.l.eiSceuer.
997 4219 1023 4267 iu
1043 4217 1140 4269 Gabler.
1158 4234 1202 4266 en·

101 4292 200 4354 ipturue
209 4293 312 4340 Graecus
323 4282 456 4336 ἀκούσατε
469 4286 563 4335 ταῦτα.
614 4295 662 4335 tem
682 4295 704 4335 et
714 4287 818 4337 tetrum.
832 4288 852 4336 i.
871 4280 916 4334 καὶ
930 4277 1060 4351 Ἰεζεχιήλ.
1089 4279 1134 4333 καὶ
1144 4276 1202 4334 ἀνέ-

124 4360 180 4408 cditi
206 4351 338 4406 ἀκούσατε
361 4350 451 4404 πάντα
470 4355 563 4404 ταῦτα.
615 4351 679 4417 dade
697 4363 740 4405 etc.
782 4356 826 4404 diii
851 4364 874 4404 et
900 4355 957 4404 editi
981 4349 1028 4401 uui
1058 4346 1072 4402 ὁ
1101 4347 1214 4419 dccliii,

101 4441 112 4476 u
145 4419 210 4492 ὑμῖν
242 4436 296 4491 post
322 4420 449 4482 λελάληκα
476 4425 566 4473 addunt
617 4414 687 4470 οὕτω
705 4417 829 4486 λέγειειε.
866 4421 1202 4474 Μοιῦοὺίεῐ.εῑΙ·”οΙοΙιω.Ι.

101 4497 191 4547 intest
209 4512 221 4545 a
240 4510 299 4545 unes.
317 4495 396 4557 Regiis
415 4493 521 4555 etSegu.
540 4500 566 4542 ut
617 4483 745 4555 ἀνήγαγε.
783 4491 837 4541 itan
860 4491 916 4541 item
941 4491 1007 4554 Regii
1034 4504 1093 4541 nst.
1117 4497 1141 4542 et
1157 4490 1203 4543 Ss-
1299 4518 1306 4533 .
