2948 5092
508 268 654 324 ”aarum
669 269 707 312 rr.
726 269 761 313 ro
777 268 974 322 semerom
1272 253 1345 320 «189

119 394 345 506 qnididieistis
368 395 472 482 iillum
494 439 555 481 non
579 439 647 482 esse
669 426 831 492 creatmam
858 422 1013 499 (pereum
1042 438 1168 501 namque
1196 430 1347 485 creaturae
1356 435 1431 480 nroo.

119 525 262 588 conditae
284 528 384 599 sunt),
406 523 608 602 interrogare:
629 522 719 583 Pater
739 538 810 609 ergo
832 530 878 587 εει
898 520 1016 585 ultius?
1057 522 1116 584 Aut
1136 522 1195 585 sic:
1218 523 1347 604 Spiritus

121 646 199 706 ergo
219 633 269 688 ‚est
288 624 389 697 Filius,
414 633 443 687 ει
463 624 554 685 Filius
577 624 641 704 ipse
663 630 710 685 εει
729 622 859 705 Spiritus
882 622 1027 694 conmuni
1070 624 1145 686 ilum
1166 633 1264 687 autem
1281 625 1350 688 talia

120 729 265 808 cogitent,
289 735 320 788 ει
340 735 420 789 extra
443 734 573 788 sanctam
589 725 762 793 Trinitatem
776 732 864 791 crunt
880 725 1245 806 et‚atltei..iudicabuntur,
1268 729 1349 808 quod

119 831 284 894 immutent
304 847 413 891 nomen
434 828 530 889 Patris
553 838 581 889 et
601 827 666 889 Filii
690 835 720 888 ει
739 826 869 907 Spiritus
892 827 996 901 sancti,
1020 829 1260 911 transierantque.
1276 830 1348 893 illud

121 952 184 994 suo
212 931 353 994 arbitratu
382 931 413 992 in
442 928 664 993 similitudinem
692 928 891 1007 generationis
906 929 1080 1004 humanae,
1115 932 1193 1010 quod
1224 941 1348 1013 nepotes

119 1053 256 1114 avosque
283 1033 452 1106 nominent,
480 1052 515 1094 ac
542 1033 665 1094 deorum
694 1030 914 1110 generationem
942 1033 1190 1113 quemadmodum
1226 1036 1350 1114 gentiles

121 1136 276 1215 effingant.
320 1134 386 1196 Non
409 1143 455 1196 est
475 1143 573 1196 antem
596 1135 669 1196 haec
690 1132 840 1199 Ecclesiae
860 1133 952 1207 fides,
981 1134 1051 1208 sed,
1084 1143 1117 1197 ut
1144 1136 1184 1196 ait
1206 1136 1349 1209 Salvator,

121 1237 157 1305 in
178 1237 296 1298 Patrem
330 1246 359 1298 et
378 1236 485 1300 Filium
508 1246 537 1298 et
559 1236 701 1316 Spiritum
725 1243 876 1309 sanctum,
904 1236 1022 1307 Patrem
1049 1236 1177 1311 scilicet,
1211 1239 1260 1317 qui
1288 1257 1350 1301 non

124 1339 225 1418 possit
247 1357 318 1400 arno
345 1339 461 1413 vocari,
490 1339 611 1411 Filium,
645 1339 696 1418 qui
723 1355 784 1400 non
813 1337 909 1417 possit
937 1338 994 1401 dici
1020 1346 1119 1420 pater,
1154 1347 1185 1401 et
1207 1339 1350 1421 Spiritum

124 1448 263 1503 ειεειειε
292 1459 353 1501 non
381 1440 438 1501 alio
466 1459 554 1519 qnam
579 1440 637 1503 hoc
661 1440 781 1503 nomine
808 1430 995 1520 appellatum.
1045 1440 1087 1502 ile
1115 1443 1170 1504 hac
1198 1442 1257 1504 ilde
1288 1462 1350 1505 non

120 1542 198 1605 iicet
228 1543 307 1604 varic
339 1541 435 1622 loqui,
472 1542 524 1607 sed
558 1561 677 1622 semper
706 1542 794 1606 Pater
826 1552 920 1622 pater·
942 1551 1005 1616 εει,
1043 1552 1073 1604 ει
1090 1543 1195 1615 >iilius
1232 1562 1351 1624 semper

119 1643 222 1714 iilius,
259 1653 289 1705 et
317 1644 446 1724 Spiritus
480 1653 601 1706 sanctus
635 1663 754 1724 semper
784 1653 831 1706 εει
861 1645 1025 1724 diciturque
1056 1645 1184 1725 Spiritus
1218 1655 1349 1711 sanctus.

120 1745 160 1807 in
190 1745 279 1809 rebus
309 1747 388 1807 enim
410 1746 546 1807 humanis
575 1765 635 1807 non
661 1747 701 1808 ita
726 1765 761 1808 se
781 1765 831 1807 res
859 1746 963 1819 habet,
996 1748 1128 1826 quamvis
1156 1747 1255 1811 Ariani
1282 1747 1350 1811 talia

119 1849 398 1915 comminiscantur.
447 1848 520 1910 Nam
553 1840 806 1928 quemadmodum
833 1850 975 1928 scriptum
1007 1859 1069 1910 est:
1101 1849 1168 1911 Non
1196 1857 1229 1912 ut
1259 1849 1350 1911 homo

118 1950 223 2021 Dens,
257 1950 297 2011 ita
329 1950 435 2011 dixerit
466 1951 585 2029 aliquis:
620 1970 681 2012 non
714 1961 747 2013 ut
777 1950 857 2012 Deus
890 1952 1038 2013 homines.
1092 1952 1177 2031 Apud
1212 1952 1350 2022 homiues

121 2051 208 2113 enim
237 2061 320 2130 pater
347 2069 408 2112 non
436 2067 556 2131 semper
582 2064 666 2131 pater
694 2060 754 2126 est,
788 2071 885 2131 neque
905 2053 989 2115 lilius,
1005 2072 1124 2133 semper
1146 2054 1234 2115 lilius.
1278 2055 1352 2116 Nam

106 2155 195 2232 ,ipse
222 2154 340 2232 quidem
366 2154 418 2214 lilii
444 2163 528 2233 pater
554 2155 694 2226 efficitur,
714 2154 780 2217 -sed
814 2154 935 2223 alterius
964 2155 1029 2234 ipse
1052 2156 1130 2217 lilius
1157 2156 1261 2218 extitit.
1314 2157 1352 2217 Et

123 2255 208 2317 iilius
231 2273 296 2316 cum
319 2255 359 2318 sit
379 2255 583 2335 patris'lilius,
606 2256 727 2317 alterius
741 2264 826 2336 pater
842 2256 976 2329 efficitur.
1007 2256 1154 2330 ibreium
1167 2258 1257 2337 igitur
1272 2258 1350 2323 iilius

118 2376 197 2423 oum
218 2367 298 2419 esset
319 2358 476 2430 Naohoris,
506 2367 590 2436 pater
611 2359 704 2421 iactus
728 2366 776 2420 est
796 2358 893 2431 isaac,
922 2367 951 2420 et
976 2359 1060 2421 isaac
1081 2376 1148 2422 oum
1163 2369 1253 2441 Ιεεεει
1274 2360 1351 2422 lilius

119 2458 277 2532 Abrahae,
304 2468 388 2539 pater
410 2460 465 2520 luit
485 2459 583 2521 iacob.
627 2459 837 2538 Unusquisque
860 2460 939 2521 enim
970 2479 1036 2523 cum
1058 2460 1098 2521 sit
1118 2480 1189 2540 pars
1210 2461 1351 2539 pureuu's,

120 2561 260 2623 nascitur
281 2561 400 2640 quidem
422 2561 510 2633 lilius,
535 2561 661 2622 efficitur
683 2569 780 2624 autern
803 2571 832 2622 ει
853 2561 918 2640 ipse
939 2561 1059 2625 alterius
1082 2571 1174 2640 pater.
1218 2562 1252 2623 ln
1275 2562 1438 2631 diri-mot.

121 2663 220 2727 nitate
241 2682 311 2724 vero
333 2682 394 2724 non
416 2664 469 2735 sic,
493 2664 632 2742 qnoniam
655 2682 714 2725 non
736 2663 814 2734 sicut
835 2664 925 2725 homo
943 2663 1033 2725 [leue.
1077 2664 1165 2726 Pater
1178 2664 1276 2743 itaque
1291 2683 1352 2729 nou

121 2784 162 2826 ex
186 2773 268 2844 patre
291 2774 353 2835 est,
382 2764 509 2843 ideoque
530 2783 590 2825 non
613 2766 706 2844 gignit
726 2783 809 2837 eum,
838 2765 887 2844 qui
909 2766 1031 2835 iuturus
1054 2767 1095 2827 sit
1115 2766 1236 2828 alterius
1257 2775 1351 2849 pater,

126 2886 228 2946 neque
249 2866 343 2928 Filius
365 2885 436 2945 pars
458 2876 503 2927 est
524 2867 632 2938 Patris,
656 2875 836 2946 quapropter
858 2885 920 2928 nou
942 2876 990 2929 est
1008 2869 1086 2929 letus
1101 2869 1137 2930 ad
1153 2868 1353 2954 generandum

120 2967 232 3031 filiurn.
277 2968 360 3030 Unde
389 2968 419 3028 in
446 2969 555 3030 deitate
584 2969 648 3030 sola
669 2968 758 3031 Pater
784 2968 905 3049 proprie
921 2969 1070 3048 ,solusque
1097 2977 1181 3049 pater
1209 2988 1276 3033 oum
1303 2971 1353 3044 eit,

124 3079 177 3133 est
201 3080 234 3131 ει.
251 3072 305 3133 luit
327 3080 357 3131 et
385 3087 504 3148 semper
527 3071 592 3130 erit.
636 3070 673 3129 Et
694 3069 786 3147 Filius
806 3071 929 3149 proprie
951 3081 980 3131 et
999 3070 1083 3133 solus
1105 3071 1196 3142 Filius
1220 3079 1276 3132 ost„
1319 3072 1354 3135 ln

124 3174 177 3237 uis
198 3173 279 3234 enim
301 3181 419 3233 constat
439 3170 525 3245 illud,
556 3172 672 3233 Patrem
703 3190 823 3251 semper
844 3171 961 3246 Patrem
983 3181 1015 3233 ει
1033 3171 1141 3243 Filium
1161 3191 1283 3252 semper
1301 3173 1355 3236 Fi-

123 3276 202 3339 lium
223 3294 291 3337 csse
313 3293 347 3336 ac
368 3273 441 3346 dici,
471 3274 613 3353 Spiritum
642 3281 776 3336 sanetum
799 3286 923 3352 ‘semper
944 3273 1088 3353 Spiritum
1115 3283 1250 3346 sanonum
1278 3294 1355 3350 esse,
1458 3276 1459 3280 ’

124 3385 159 3438 ει
189 3377 266 3438 hunc
294 3376 346 3437 llei
375 3396 444 3438 esse
472 3385 501 3436 et
529 3377 655 3438 aPatre
681 3393 736 3455 per
762 3374 869 3437 Filium
898 3375 960 3437 dari
990 3376 1147 3439 credimus.
1199 3376 1248 3438 Sic
1275 3378 1355 3443 euim

125 3487 231 3540 sancta
253 3478 382 3539 Trinitas
403 3478 583 3538 invariabilis
606 3486 775 3557 permanet,
807 3477 837 3538 in
865 3496 923 3538 una
953 3477 1062 3538 deitate
1084 3479 1209 3557 cognita.
1252 3479 1355 3559 ltaque

125 3582 181 3661 qui
204 3579 379 3658 interrogat:
402 3579 520 3658 Ergone
541 3579 634 3641 Filius
658 3589 705 3641 εει
726 3578 879 3660 Spiritus?
901 3579 941 3640 ita
961 3580 1008 3641 ille
1023 3581 1257 3642 comminiscitur
1268 3580 1355 3660 quasi

125 3699 242 3744 nornen
263 3680 369 3743 mutari
392 3682 506 3760 possit,
537 3692 623 3762 atque
652 3701 705 3743 sua
735 3691 842 3762 sponte
871 3682 990 3742 insanit.
1035 3681 1072 3742 lit
1099 3682 1150 3761 qui
1178 3682 1354 3760 interrogat:
1455 3722 1459 3728 -

125 3784 247 3863 Ergone
270 3802 341 3844 avus
370 3792 417 3844 est
439 3783 548 3844 Pater?
578 3802 688 3845 nomen
709 3784 790 3845 Patri
818 3782 989 3870 excogitans
1019 3791 1098 3843 crrat
1119 3781 1221 3842 corde.
1266 3782 1354 3844 Cete-

125 3903 196 3948 rum
219 3887 344 3965 posthac
365 3885 402 3946 ad
425 3885 640 3948 haereticorum
663 3886 877 3967 impudentiam
898 3884 1082 3965 respondere
1104 3903 1165 3946 non
1188 3893 1235 3948 est
1249 3892 1354 3960 tutum,

163 4056 186 4087 ε.
204 4040 317 4114 S'egueria
322 4054 344 4087 n.
355 4033 400 4086 ded
418 4037 508 4086 τοῦτο
545 4038 597 4088 ltox
616 4039 677 4090 idem
697 4048 720 4089 et
806 4041 821 4089 1.
845 4040 886 4090 Sic
903 4039 959 4102 lieg.
979 4040 1113 4102 etSeguer.
1148 4040 1209 4089 iiditi
1227 4053 1283 4089 vero
1300 4029 1354 4086 dix

126 4108 188 4167 ileg.
208 4100 241 4154 τὰ
258 4103 368 4169 yevqrri
406 4109 469 4157 Editi
486 4101 521 4155 τὰ
537 4099 664 4171 reward.
772 4098 813 4163 od,
833 4107 903 4158 mole.
940 4107 990 4156 llor
1008 4107 1064 4168 ileg
1085 4115 1107 4156 ει
1120 4107 1260 4173 Segoerran
1277 4104 1355 4173 γοῦν.
1419 4119 1424 4132 ·

164 4177 188 4224 b.
208 4176 305 4224 Gobler.
324 4185 347 4225 ει
364 4175 469 4225 Feiclrm.
483 4177 503 4225 1.
520 4175 653 4243 κριθεῖεν
769 4177 830 4226 Editl
849 4190 905 4222 ουν.
944 4169 983 4240 [ln
1002 4175 1121 4236 margine:
1140 4174 1358 4238 Memoriuolapsu

165 4242 261 4305 c..lteg
286 4245 444 4321 §aguero
411 4245 507 4294 Go.bler
527 4244 673 4295 etielclrm.
695 4244 716 4292 l.
769 4245 866 4308 ponitur
887 4258 940 4324 pro
964 4243 1042 4293 ilaare
1060 4233 1175 4320 Necnon]
1209 4242 1283 4291 Paulo
1301 4250 1358 4305 post

124 4305 238 4428 ε’γῦενὸα.
257 4304 463 4430 Ι)1ὶι1ιι1ἴῦκ>ἷ)ε1να,
516 4379 619 4429 Flu·
634 4380 654 4429 l
770 4307 800 4362 di
814 4320 873 4430 'quet
887 4304 1005 4428 'logne
997 4311 1088 4360 deest
1082 4310 1200 4370 ineditis,
1215 4308 1358 4373 sedlegitut·

165 4396 253 4496 e.S'ica
272 4389 620 4512 ἕζεοὃεέεεῗεεριειθΒῦεεῖἷ.
656 4448 717 4498 Editi
771 4381 1050 4527 mgegupet'tuceddedt
1045 4460 1068 4496 tu
1085 4445 1379 4499 thleriauoeti'elclt·

126 4507 328 4583 φαντάζονται.
771 4529 853 4570 mount
871 4517 893 4567 i.
935 4572 939 4585 1
