2948 5092
472 266 615 309 sersaoni
632 266 654 322 r,
669 268 704 308 so
722 265 919 310 sestaronus.
1224 255 1285 317 745

59 440 181 504 quoque
204 438 270 480 cum
293 418 404 478 Romae
425 425 604 490 versaretur,
629 416 743 478 ludaeis
767 416 804 477 ad
827 436 860 478 se
882 418 1068 479 venientibus
1085 420 1209 489 fidenter
1224 420 1372 482 aie-oneo.

61 526 126 587 bat:
150 525 230 585 liene
246 520 381 599 Spiritus
404 529 527 580 sanctus
552 519 670 581 locattus
695 529 739 580 est
757 530 816 598 per
830 519 948 580 Esaiam
967 521 1149 601 proplietam
1172 524 1211 585 od
1229 542 1290 603 pa-

63 639 129 690 tres
152 635 283 687 uestros.
328 621 365 680 Et
385 621 421 681 ad
445 619 633 680 Timotheum
656 620 729 680 haec
751 620 869 680 scribit:
898 619 1034 700 Spiritus
1064 633 1163 684 autem
1191 627 1290 685 mani-

58 729 140 808 [este
164 726 249 795 dicit,
279 727 349 804 quia
377 727 409 783 in
437 725 611 783 novissimis
641 723 827 801 temporibus
859 723 1009 784 discedent
1031 726 1150 803 quidam
1173 743 1191 784 o
1214 708 1291 786 sona

58 831 131 911 pide,
155 827 342 888 attendentes
365 823 523 902 spiritibus
547 826 676 883 erroris.
722 822 867 895 Quocirca
891 842 955 884 cum
979 824 1107 904 Spiritus
1129 826 1237 887 dicitur
1259 826 1290 887 iu

58 929 161 1009 aliquo
184 945 262 1000 esse,
285 925 414 987 Verbum
437 925 466 993 in
490 924 556 1002 ipso
579 925 653 984 dans
669 924 812 1003 Spiritum
835 925 1015 1003 intelligitur.
1059 927 1215 989 Hinccum
1231 928 1290 988 im-

58 1030 195 1111 pleretur
216 1027 389 1108 prophetia,
421 1045 495 1105 quae
518 1025 603 1086 dicit:
631 1026 794 1109 Effundam
826 1028 859 1088 de
882 1026 1000 1108 Spiritu
1022 1048 1085 1091 meo
1109 1049 1203 1109 super
1226 1049 1291 1091 om-

58 1151 129 1195 nem
159 1149 295 1200 cornua,
323 1127 431 1189 Paulus
454 1127 507 1188 ait:
538 1127 707 1190 Secundum
730 1129 1040 1192 subministrationem
1062 1128 1198 1211 Spiritus
1221 1131 1291 1194 lesu

61 1234 182 1296 Cbristi
201 1236 233 1292 in
254 1250 309 1292 me.
355 1230 391 1289 Et
413 1230 448 1290 ad
465 1228 727 1290 Corinthiosidem
745 1229 863 1290 scribit:
887 1232 932 1292 An
949 1237 1292 1313 euperimentumqnoe-
1327 1225 1330 1231 ’

61 1339 135 1396 ritis
159 1337 232 1403 eius,
256 1336 360 1413 quiin
382 1351 427 1392 me
451 1332 587 1410 loquitur
611 1330 775 1394 Christus?
819 1331 851 1391 Si
874 1350 966 1411 porro
990 1333 1124 1394 Christus
1148 1341 1219 1404 erat,
1241 1333 1292 1413 qui

62 1436 95 1496 in
119 1452 156 1494 eo
179 1432 364 1512 loquebatur,
388 1432 578 1492 manifestum
602 1431 790 1502 est„Christi
814 1432 907 1493 luisse
930 1434 1090 1512 Spiritum,
1114 1435 1164 1513 qui
1188 1435 1218 1494 in
1242 1435 1316 1517 illo¹

59 1535 251 1615 loquebatur.
296 1534 411 1595 Etenim
435 1552 502 1594 cum
525 1532 661 1593 Cllristas
683 1533 712 1593 in
736 1534 814 1595 elatis
837 1535 956 1613 inipso
979 1536 1162 1614 loqueretur,
1184 1554 1292 1596 rursus

62 1638 114 1699 ille
137 1636 268 1697 dicebat:
303 1637 344 1721 dt
369 1654 450 1697 nunc
479 1654 542 1696 ecce
564 1635 708 1713 alligatus
739 1654 789 1714 epo
814 1635 932 1715 Spiritu
962 1639 1037 1700 oado
1060 1642 1092 1698 in
1115 1638 1378 1710 lumnicensem.

23 1774 30 1781 ·
61 1758 141 1821 guae
164 1744 195 1799 in
224 1757 258 1800 aa
280 1748 411 1798 ventura
433 1746 505 1798 aurat
527 1736 601 1797 mibi
621 1740 782 1814 ignorans,
816 1741 880 1798 nisi
906 1739 985 1817 quod
1007 1737 1140 1819 Spiritus
1169 1749 1293 1801 sanctus

59 1858 124 1922 per
139 1843 274 1907 deitates
288 1849 483 1919 protestatur
497 1838 571 1898 mibi
592 1839 701 1907 dicens,
725 1841 865 1917 quoniam
887 1839 1010 1900 uincula
1032 1854 1060 1903 et
1083 1827 1294 1902 tribulationes

61 1961 111 2003 nae
132 1952 264 2002 manent.
309 1940 393 2000 Unde
416 1958 481 2000 cum
506 1937 606 1999 Sancti
628 1937 744 1998 dicunt:
767 1938 849 2000 Haec
866 1940 936 2001 dicit
952 1940 1110 2013 Dominus,
1130 1960 1194 2020 pon
1210 1941 1295 2003 aliter

63 2061 137 2104 saue
167 2060 253 2120 quam
281 2042 311 2101 in
341 2041 453 2119 Spiritu
481 2049 583 2101 sancto
613 2040 791 2118 loquuntur,
823 2048 853 2101 et
881 2041 911 2101 in
941 2042 1053 2121 Spiritu
1081 2043 1237 2122 loquentes
1264 2044 1296 2105 iu

64 2125 186 2204 Christo
210 2143 282 2203 haec
304 2143 406 2203 eadam
429 2143 598 2221 loquuntur.
644 2141 731 2214 Quod
755 2142 780 2201 si
804 2141 921 2220 Agabus
946 2145 976 2203 in
998 2144 1077 2205 llctis
1100 2145 1191 2206 dicat:
1215 2145 1297 2208 Haec

65 2246 140 2307 dicit
161 2243 298 2324 Spiritus
321 2255 459 2314 sanetus,
492 2261 552 2303 noa
581 2243 664 2303 aliter
691 2244 763 2303 item
792 2243 998 2322 intelligendus
1027 2255 1073 2306 est
1096 2265 1182 2324 quarn
1206 2247 1295 2326 quod,

66 2364 134 2407 cum
158 2347 194 2406 ad
217 2346 313 2425 ipsum
336 2347 445 2406 lactum
469 2346 572 2405 luisset
595 2343 733 2417 Verbum,
758 2344 885 2422 Spiritus
910 2347 1086 2425 suggerebat
1109 2367 1183 2426 rpuae
1206 2348 1235 2407 in
1259 2366 1296 2408 eo

65 2448 257 2526 loqueretur,
287 2457 319 2507 ut
346 2457 375 2508 et
403 2467 477 2525 quae
499 2447 590 2506 Paulo
613 2446 804 2524 ierosolymis
834 2457 955 2507 ventura
984 2435 1079 2508 erant*
1095 2449 1296 2510 denuntiaret.

64 2549 206 2610 Proiecto
229 2568 294 2610 cum
318 2549 446 2628 Spiritus
469 2548 559 2608 Paulo
583 2548 690 2608 iterum
713 2556 940 2627 protestaretur,
964 2549 1029 2627 ipse
1052 2549 1188 2610 Christus
1212 2548 1242 2609 in
1261 2569 1297 2611 eo

23 2631 29 2645 ⁴
66 2649 254 2729 loquebatur,
277 2650 316 2710 ita
340 2661 372 2711 ut
394 2651 522 2729 Spiritus
545 2648 749 2710 testimonium
773 2649 811 2708 sit
834 2667 952 2729 quiaque
976 2650 1062 2710 Verbi
1086 2651 1297 2712 testimonium.

66 2752 119 2812 Sia
146 2751 234 2811 etiam
263 2771 328 2812 cum
352 2752 479 2812 Verbum
508 2752 538 2811 in
569 2758 699 2812 sanctam
722 2751 872 2830 Virginem
901 2751 1020 2812 Mariam
1051 2752 1182 2823 advenit,
1212 2751 1299 2813 simul

67 2872 189 2932 quoque
212 2853 303 2915 adluit
325 2854 453 2933 Spiritus
477 2863 506 2915 et
528 2853 655 2915 Verbum
678 2853 708 2913 ia
732 2853 844 2932 Spiritu
872 2854 928 2914 sibi
952 2855 1009 2934 ipsi
1033 2873 1140 2932 corpus
1163 2852 1301 2925 formarit

69 2965 100 3016 et
122 2956 241 3045 aptavit,
266 2975 313 3016 res
337 2964 449 3016 creatas
472 2975 526 3034 per
549 2957 682 3035 seipsum
699 2955 777 3016 Patri
794 2955 974 3034 coniungere
998 2965 1026 3017 ct
1049 2957 1157 3016 olierre
1182 2954 1298 3016 omnia·
1354 2950 1356 2954 ’

103 3143 127 3190 b.
146 3141 398 3204 SicReg.l.Seguer.
419 3143 515 3191 Gobler.
535 3151 558 3189 et
577 3142 661 3190 l'olclt·
713 3150 772 3190 tunt.
808 3140 851 3189 ilii
876 3148 900 3190 et
927 3142 983 3192 editi
1008 3143 1095 3191 liabent
1114 3137 1255 3207 δεδεμένος
1271 3133 1302 3194 λυ

68 3211 151 3260 manni
173 3209 194 3257 l.
240 3209 285 3258 atti
317 3225 371 3257 vero
400 3218 423 3257 et
450 3211 505 3258 editi
532 3203 661 3273 γράφων,
712 3206 751 3271 τῷ
769 3200 911 3274 πνεύματι,

69 3278 163 3327 ibidem
182 3278 238 3338 Reg.
255 3277 277 3326 2.
298 3270 327 3322 τὸ
346 3275 453 3340 πνεῦμα
472 3271 502 3323 τὸ
522 3271 610 3340 ἅγιον.
747 3292 768 3337 g.
788 3279 843 3338 Reg.
862 3277 883 3326 1.
902 3288 925 3326 et
943 3278 1081 3336 Segueriau.
1107 3270 1302 3343 ουμβησόμενά

103 3361 125 3395 c.
150 3345 242 3405 Regi.
262 3354 285 3394 et
303 3346 401 3404 Seguer.
420 3337 540 3399 πλάνοις.
711 3358 769 3410 μοι.
797 3344 947 3407 lloxlleg.2.
967 3337 1011 3391 ὅτι
1028 3346 1123 3394 omittit.
1160 3347 1303 3409 l’eulopost

103 3413 127 3461 d.
147 3414 188 3461 Sic
207 3413 262 3473 lleg.
283 3414 304 3460 l.
331 3413 429 3473 Seguer.
454 3415 545 3474 buglis.
564 3414 662 3464 Gabios.
714 3414 769 3474 Reg.
787 3413 808 3460 l.
828 3415 960 3475 etSeguer.
980 3406 1181 3477 διεμαρτύρυτό
1198 3427 1255 3478 μοι,
1277 3421 1304 3463 ut

70 3489 93 3530 et
112 3480 218 3529 Felcltm.
239 3481 260 3529 l.
280 3489 302 3529 et
321 3481 417 3560 guidem
438 3490 509 3531 recte.
555 3481 599 3529 ilii
619 3497 663 3530 au·
714 3479 736 3529 et
761 3481 847 3542 legitur
872 3483 894 3530 in
920 3496 965 3530 ms.
991 3483 1073 3530 codiee
1096 3483 1221 3530 Alexandr.
1249 3482 1303 3531 nori

69 3557 119 3598 tem
139 3556 163 3597 et
181 3549 237 3597 editi
255 3542 298 3595 itai
318 3563 332 3597 o
352 3544 457 3600 Παῦλος
474 3542 546 3613 ἔλεγε
564 3549 663 3613 Kapan·
714 3550 861 3598 Testamenti
885 3550 940 3599 edit
962 3549 1111 3598 Osoniensis.
1155 3550 1205 3598 llox
1230 3550 1303 3599 iidem

70 3611 154 3668 Siata.
193 3616 284 3665 ibidem
310 3618 366 3677 lleg.
382 3616 406 3663 2.
427 3614 572 3682 χορηγίαν.
612 3617 662 3665 uox
714 3618 771 3677 lleg.
788 3617 809 3665 1.
829 3626 852 3664 et
870 3619 1008 3678 Seguerian.
1028 3609 1076 3664 icto
1094 3616 1197 3677 babent,
1221 3617 1262 3666 elii
1281 3624 1305 3666 at

60 3685 144 3734 iidem
165 3683 199 3731 illi
219 3700 260 3732 ses
280 3700 337 3732 mss.
357 3686 392 3732 sie
411 3686 512 3734 habeut:
532 3678 664 3750 καὶπρὸς
714 3685 770 3733 editi
790 3676 831 3733 ἄν.

70 3746 240 3817 Κορινθίους
259 3746 287 3799 di
305 3745 437 3817 ἔγραφεν.
481 3754 542 3802 llditi
568 3769 622 3801 sero
642 3761 665 3801 et
751 3753 773 3800 h.
792 3752 848 3812 lleg.
865 3751 885 3800 l.
907 3752 1044 3803 Gobleriau.
1064 3752 1210 3801 etletclm.
1230 3743 1305 3800 1.τᾶ

69 3821 112 3870 alii
141 3813 189 3866 καὶ
216 3813 298 3867 πάλιν
324 3813 393 3884 πρὸς
420 3812 518 3873 critob,-
544 3813 557 3867 ὅ
585 3811 666 3871 αὐτὸς
716 3810 808 3866 αὐτοῦ.

68 3881 205 3956 ἔγραφεν.
244 3889 303 3936 lbid.
323 3888 442 3949 llegiosl.
462 3897 485 3936 et
504 3891 601 3948 Segaee.
621 3890 665 3936 ha·
749 3888 764 3935 i.
786 3887 825 3934 Sic
844 3886 982 3947 Segaeriau.
1007 3886 1096 3946 llnglic.
1125 3884 1306 3935 Goblerion.cl

71 3959 131 4006 beot
150 3950 165 4014 ἢ
186 3949 309 4021 δοκιμήν,
331 3964 355 4004 ut
374 3965 397 4003 et
411 3957 498 4016 legisse
509 3957 599 4004 videtur
612 3955 664 4004 sul·
716 3954 821 4002 Felelrm.
843 3955 863 4002 1.
905 3955 933 4002 ta
952 3955 1007 4014 lleg.
1029 3955 1050 4001 l.
1075 3946 1201 4017 ἐχορήγει
1217 3948 1307 4000 λαλεῖν

70 4033 143 4088 gatae
171 4026 222 4073 nasi
248 4024 393 4072 Testamenti
426 4025 542 4072 versionis
573 4031 664 4071 auctor.
716 4012 798 4084 αὐτῷ.
843 4022 899 4081 lleg.
918 4020 940 4069 2.
971 4013 1128 4086 ἕποχυρηγυῖ
1159 4014 1204 4065 urai
1233 4015 1309 4067 λαλεῖ

70 4094 119 4143 ntn
145 4100 169 4140 et
195 4093 251 4140 editi
278 4083 301 4138 ti
326 4085 448 4155 δοκιμήν,
485 4094 590 4140 Graecus
610 4105 664 4139 sero
717 4080 799 4152 αὐτῷ.
843 4089 915 4144 llasil.
941 4079 1123 4153 ἆποχορηγεῖν
1150 4081 1196 4134 καὶ
1218 4083 1308 4135 λαλεῖν

72 4161 129 4209 riori
143 4161 291 4209 Testamenti
310 4167 387 4206 textus
405 4151 460 4206 irati
480 4154 594 4222 δοκιμήν
613 4159 665 4207 siue
717 4149 747 4205 ἓν
765 4149 847 4219 αὐτῷ.
883 4158 928 4206 lllii
951 4165 973 4204 ct
998 4157 1054 4203 editi
1079 4147 1247 4221 ἄποχορηγεῖ
1263 4148 1309 4201 καὶ

70 4229 202 4278 ulla-mss.
223 4228 278 4274 edit.
299 4228 372 4273 Oson.
394 4227 562 4289 discrepantis.
717 4220 807 4272 λαλεῖν
825 4218 854 4272 ἰν
872 4215 952 4287 uisui
990 4224 1062 4271 Patrio
1088 4233 1143 4285 post
1162 4224 1217 4283 lleg.
1239 4223 1260 4271 l.
1286 4230 1309 4272 et

107 4312 130 4343 e.
151 4295 191 4343 Sic
216 4293 310 4354 negt.
337 4295 435 4352 Segaer.
463 4305 486 4343 et
513 4294 665 4355 taglicanus.
718 4296 819 4353 Seguer.
837 4285 1093 4357 διαμαρτυρομένου
1112 4289 1149 4354 τῷ
1168 4284 1275 4353 Παύλῳ.
1337 4339 1341 4348 ,

70 4364 154 4414 Ceteri
175 4370 198 4410 et
215 4363 272 4410 editi
291 4354 424 4418 δηλονότι.
754 4363 775 4408 lr.
795 4361 834 4409 Sic
854 4362 908 4420 lleg.
928 4361 948 4407 l.
975 4369 998 4407 et
1015 4360 1114 4419 Seguer.
1140 4360 1179 4422 qui
1206 4367 1229 4407 et
1247 4358 1331 4409 intre,

107 4431 126 4480 l.
146 4431 188 4478 Sic
211 4430 259 4489 lleg
289 4429 310 4476 l.
335 4430 473 4488 Segacrian.
502 4428 624 4483 inplicari.
643 4436 667 4477 et
719 4428 807 4476 liabent
825 4421 1020 4492 συνειςήρχετυ.
1056 4426 1101 4475 lin
1123 4435 1146 4474 et
1164 4421 1312 4476 institutit

70 4498 184 4549 retum.
196 4497 218 4546 l.
253 4501 280 4546 tt
299 4497 356 4557 λος.
369 4495 393 4545 2.
412 4496 516 4546 etlitsil.
528 4488 582 4560 ἐγώ
594 4496 666 4546 omit·
719 4503 742 4544 et
760 4496 822 4544 inira
840 4488 997 4559 συνήρχετο.
