2948 5092
44 244 86 307 20
445 256 473 299 ε.
488 253 879 299 ιτιιιιιιειιιταιιτειεσσνι

4 407 96 474 καί
120 404 167 483 είς
187 402 298 491 ἀβρεις
320 403 590 489 ἐκτραπήσονται,
613 405 666 467 καλ
688 401 773 485 μετὰ
794 404 899 467 ταῦτα
912 399 971 486 τὴν
986 406 1130 487 σπείραν
1145 404 1201 467 καί
1216 426 1274 468 τον

41 508 225 592 ’χιλίαρχον
254 500 506 592 ἀπειλησουσιν·
536 503 570 570 ἐν
597 502 729 581 τούτοις
756 503 818 587 γάρ
841 502 932 569 ἐστιν
953 497 1063 569 αὐτῶν
1084 499 1106 589 ἡ
1128 503 1274 570 δοκοῦσα

41 607 201 685 σύστασις
221 608 280 692 τῆς
300 601 502 684 κακοδοξίας.
548 603 606 671 τὸν
627 603 688 689 γὰρ
710 606 770 669 τοῦ
792 606 876 671 θεοῦ
899 602 996 689 λόγον
1011 599 1213 690 ἀρνούμενοι
1227 604 1274 673 εί-

40 708 145 787 κότως
171 709 225 775 καί
253 706 350 792 λόγου
379 706 505 785 παντός
534 705 618 773 είσιν
647 705 773 793 ἔρημοι.
817 707 922 772 ταῦτα
949 707 1028 792 γοῦν
1056 703 1155 783 εέδὼς
1178 702 1274 772 οὐδὲν

41 802 102 877 ῑάν
125 804 349 895 ἀπεκρινάμην
372 808 539 893 ἐριοτῶσῖν
555 808 710 884 ἐκείνοις·
734 806 850 892 ἐπειδὴ
866 805 903 873 δὲ
918 801 937 895 ἦ
953 804 995 892 σὴ
1011 805 1170 885 διάθεσις
1185 803 1273 894 ἀπῄ-

40 934 121 999 τησε
146 912 268 995 γνῶναι
294 908 337 975 τὰ
364 908 397 975 ἐν
419 912 459 995 τῇ
482 908 610 995 συνόδῳ
632 914 843 994 πραχθέντα,
868 902 927 990 οάχ
948 902 1178 995 ὑπερεθέμην·
1201 903 1271 975 ἀλλ’

0 1006 160 1091 (ι-ιάθός,
185 1006 230 1089 ὥς
250 1008 326 1076 τότε
347 1015 472 1094 γέγονε,
497 1008 679 1094 δεδήλωκα,
710 1006 820 1089 δείξας
842 1006 883 1076 δι’
909 1004 1029 1095 ὀλίγων
1037 1060 1047 1091 ,
1077 1004 1159 1076 ὅσον
1182 1005 1275 1077 τάσε-

40 1114 122 1199 βυάς
149 1110 340 1199 φρονήσεως
360 1106 380 1195 ἡ
400 1104 552 1197 Ἀρειανη
575 1111 704 1195 αἵρεσις
726 1110 912 1197 ἐστέρηται,
935 1112 990 1177 καί
1011 1108 1115 1194 μόνον
1137 1109 1275 1197 προφά-

43 1234 114 1293 σεις
134 1211 347 1279 πλάττονται.
393 1210 513 1277 σκόπει
542 1212 578 1275 δὲ
600 1213 654 1276 καὶ
677 1211 727 1291 σύ,
752 1208 918 1298 ἀγαπητέ,
948 1210 978 1278 εί
998 1210 1044 1297 μὴ
1067 1207 1176 1290 οὕτως
1198 1211 1272 1293 ἔχει.

43 1312 74 1379 εί
94 1314 280 1399 θαρροῦσιν
303 1306 354 1390 οἷς
377 1310 517 1399 ἐφεῦρον
539 1305 633 1377 αάτοί
656 1323 778 1393 κακοῖς,
803 1314 1062 1398 ἐπισπείραντος
1084 1306 1201 1391 αὐτοῖς
1215 1315 1274 1378 τοῦ

43 1413 200 1498 διαβόλου
222 1412 280 1498 τὴν
301 1410 558 1499 κακοφροσόνην,
582 1407 886 1498 ἀπολογείσθωσαν
903 1416 981 1500 περί
998 1402 1045 1480 ὧν
1059 1411 1275 1501 ἐγκληθέντες

43 1510 290 1601 ἀπεδείχθησαν
313 1514 485 1599 αἱρετικοί,
509 1516 564 1580 καὶ
585 1512 661 1581 τότε
683 1514 805 1582 λοιπὸν
827 1513 1078 1597 αἰτιάσθωσαν,
1103 1514 1133 1582 εί
1157 1514 1275 1583 δόναν-

41 1640 106 1694 ται,
129 1615 171 1681 τὰ
192 1611 259 1680 κατ’
284 1610 392 1681 αὐτῶν
415 1610 612 1699 ὁρισθέντα·
635 1610 746 1695 οὐδεὶς
766 1615 828 1701 γὰρ
852 1616 1020 1701 ἐλεγχθεὶς
1034 1616 1093 1683 ἐπὶ
1108 1616 1205 1703 φόνῳ
1220 1618 1275 1684 καὶ

41 1722 172 1802 μοιχείᾳ
202 1716 286 1800 μετὰ
312 1714 370 1804 τὴν
398 1717 490 1802 δίκην
514 1714 625 1800 χώραν
654 1718 720 1799 ἐχει
741 1715 799 1801 τὴν
822 1714 998 1805 ἀπόφασιν
1020 1719 1079 1784 τοῦ
1101 1712 1282 1805 κρίναντος,

44 1818 237 1895 αἰτιᾶσθαι,
268 1818 358 1883 διατέ
377 1815 421 1903 μὴ
445 1812 551 1894 οάτιος
573 1810 642 1882 ἀλλ’
667 1817 799 1896 ἐκείνως
821 1818 977 1906 ἐλάλησε;
1006 1821 1109 1885 τοῦτο
1130 1819 1194 1905 γὰρ
1218 1814 1276 1887 οάκ

42 1918 215 2003 ἐλευθεροῖ
241 1917 298 1983 τὸν
326 1922 498 2001 κριθέντα,
529 1912 613 1983 ἀλλὰ
640 1921 693 1984 καὶ
715 1920 843 2003 μᾶλλον
866 1914 967 1985 αάτυῦ
989 1918 1028 1985 τὸ
1051 1920 1197 2006 ἐγκλημα
1218 1900 1276 1989 διά

42 2020 99 2106 την
128 2024 331 2105 προτείνειαν
359 2021 412 2085 καί
441 2018 499 2107 τὴν
527 2018 652 2103 τόλμαν
681 2018 868 2099 ἐπαυξάνει.
915 2016 1032 2087 οὐκοῦν
1059 2025 1115 2088 καί
1138 2011 1275 2108 οἷσοιῆ

44 2120 260 2187 δεικνάτοισαν
293 2120 332 2187 τὸ
366 2120 519 2207 φρόνημα
552 2120 677 2187 ἑαυτῶν
712 2117 859 2207 εὐσεβές·
899 2128 1182 2211 κατηγορηθέντες
1212 2122 1277 2211 γὰρ

44 2218 258 2311 ιζλίγχθησαν,
283 2216 321 2289 οά
342 2222 556 2309 μεμψάμενοι
577 2221 755 2309 πρότερον·
777 2224 833 2289 καί
849 2222 977 2290 δίκαιόν
992 2223 1065 2291 ἐστι
1075 2222 1154 2302 τοὺς
1165 2224 1276 2291 αέτια-

42 2330 166 2403 θιῗντας
192 2326 293 2411 μηδὲν
322 2324 432 2409 ἕτερον
460 2333 572 2391 ποιεῖν
600 2317 621 2407 ἢ
649 2319 905 2409 ἀπολογεῖσθαι.
951 2318 973 2413 ἢ
1002 2324 1032 2391 εί
1058 2325 1100 2391 τὸ
1124 2324 1276 2405 συνειδὸς

45 2428 155 2511 έχουσι
177 2426 326 2512 ῥυπαρὸν
348 2428 401 2493 καὶ
426 2428 609 2511 συνορῶσιν
631 2424 767 2504 ἑαυτοὺς
790 2421 1000 2511 ἀσεβοῦντας,
1022 2426 1069 2512 μὴ
1084 2426 1276 2493 αἰτιάσθω-

45 2554 105 2595 σαν
137 2526 159 2594 ἀ
188 2522 376 2615 ἀγνοοῦσιν,
411 2526 467 2593 ίνα
493 2526 539 2615 μὴ
567 2529 620 2592 καί
651 2526 793 2594 διπλοῦν
815 2526 932 2593 οκακὸν
955 2520 1110 2611 ἀσεβείας
1131 2527 1276 2613 ἔγκλημα

43 2633 96 2697 καὶ
126 2624 347 2711 ἀπαιδευσίας
374 2624 617 2715 ἀπενέγκωνται
642 2634 780 2714 μέμψιν.
827 2627 1066 2708 ἐξεταζέτωσαν
1090 2629 1275 2713 δὲμᾶλλον

44 2734 255 2821 φιλομαθῶς,
279 2728 319 2801 ἐν’
345 2731 533 2819 ἐπιγνόντες
555 2728 577 2797 ἀ
597 2730 760 2817 πρότερον
782 2723 930 2815 ἠγνόουν,
954 2722 1195 2815 ἀπονίψωνται
1216 2730 1276 2808 τὰς

44 2836 169 2902 ἐιιυτῶν
192 2830 323 2921 ἀσεβεῖς
344 2829 445 2912 ἀκοὰς
465 2836 512 2920 τῷ
534 2834 593 2919 τῆς
614 2825 776 2919 ἀληθείας
799 2828 920 2915 νάματι
941 2833 996 2896 καὶ
1018 2840 1092 2911 τοῖς
1105 2834 1166 2917 τῆς
1182 2826 1273 2901 εάσε-

43 2942 136 3018 βείας
159 2936 328 3020 δόγμασιν.
360 2932 446 3001 οότιυ
468 2914 606 3019 γὰρ’καί
629 2931 663 2997 ἐν
684 2959 723 3019 τη
746 2930 830 2998 κατὰ
853 2937 996 2998 Νίκαιαν
1018 2932 1150 3019 συνόδῳ
1164 2938 1276 3019 γέγονε

44 3046 116 3113 τοῖς
141 3039 218 3120 περὶ
242 3032 411 3119 Εάσέβιον.

131 3142 160 3203 3.
202 3132 256 3213 Ὡς
279 3129 503 3222 ἐφιλονείκουν
526 3128 722 3218 ἀσεβοῦντες
742 3136 795 3200 καὶ
818 3140 1000 3218 θεομαχεῖν
1015 3133 1216 3219 ἐπεχείρουν,
1234 3134 1277 3200 τὰ

44 3240 104 3320 μὲν
134 3237 291 3322 λεγόμενα
312 3231 390 3320 παρ’
415 3231 523 3301 αὐτῶν
546 3230 699 3319 ἀσεβείας
720 3225 759 3321 ἦν
781 3234 895 3320 μεστά.
941 3236 975 3302 οἱ
997 3236 1034 3302 δὲ
1055 3234 1277 3313 συνελθόντες

46 3338 241 3417 ἐπίσκοποι,
265 3327 348 3423 ἦσαν
372 3338 407 3402 δὲ
429 3338 531 3403 πλέον
553 3331 574 3425 ἢ
597 3337 737 3405 ἐλασσον
758 3336 962 3425 τριακόσιοι,
997 3334 1116 3423 πρᾴως
1136 3338 1192 3402 καί
1217 3360 1278 3424 φι-

45 3439 256 3526 λανθρώπιυς
284 3434 432 3526 ἀπῄτουν
462 3432 596 3519 αὐτούς,
626 3441 704 3523 περί
732 3427 778 3505 ὧν
808 3438 917 3523 ἔλεγον
946 3436 1078 3505 διδόναι
1098 3435 1199 3522 λόγον
1220 3438 1277 3505 καλ

45 3534 234 3620 ἀποδείξεις
255 3535 410 3626 εὗσεβεῖς.
456 3536 501 3618 ὡς
523 3541 559 3607 δέ
574 3540 629 3605 καί
642 3537 744 3623 μόνον
761 3536 1277 3627 φθεγγόμενοικατεγινώσκοντο

43 3646 98 3709 καὶ
120 3643 206 3729 πρὸς
228 3642 364 3720 ἑαυτοὺς
386 3638 595 3725 διεμάχοντο,
622 3640 749 3729 πολλὴν
772 3637 913 3725 ὁρῶντες
935 3644 993 3727 τῆς
1014 3640 1162 3706 ίέαυτῶν
1184 3640 1276 3725 αἱρέ-

45 3767 129 3825 σεως
150 3744 208 3831 τὴν
231 3740 393 3830 ἀπορίαν,
417 3736 548 3823 ἀχανεῖς
569 3741 630 3825 μέν
653 3742 766 3825 ἐμενον
789 3730 884 3809 οὗτοι
904 3743 959 3807 καί
982 3739 1039 3805 διὰ
1060 3743 1119 3827 τῆς
1141 3744 1278 3830 σιωπῆς

46 3840 235 3931 ὡμολόγουν
257 3843 315 3931 τὴν
338 3843 395 3910 ἐπὶ
417 3846 456 3929 τῇ
479 3842 674 3929 οκακοδοξίᾳ
696 3837 806 3910 αὐτῶν
828 3842 999 3929 αίσχόνην·
1022 3842 1056 3907 σί
1070 3836 1184 3908 τοίνυν
1200 3842 1277 3909 ἐπί-

46 3968 168 4013 σκοποι
190 3943 310 4012 λοιπὸν
333 3940 502 4021 ἀνελόντες
523 3943 566 4010 τὰ
587 3940 665 4029 παρ’
690 3938 798 4009 αάτιῦν
820 3942 1044 4029 ἐπινοηθέντα
1059 3940 1202 4028 ῥήματα,
1218 3938 1277 4008 σό-

45 4072 111 4125 τως
134 4044 286 4126 ἐξέθεντο
303 4042 371 4113 κατ’
386 4040 494 4113 αάτιόν
504 4046 562 4133 την
574 4042 785 4130 όγιαίνουσαν
796 4047 848 4112 καί
861 4042 1128 4131 ἐκκλησιαστικην
1139 4048 1275 4109 πίστιν·

47 4149 181 4215 πάντων
204 4173 239 4212 τε
262 4144 537 4232 ὗ,·ιογραφάνιιυν.
563 4142 758 4231 όιιέγραηίιαν
780 4148 834 4212 καὶ
858 4146 890 4211 σί
912 4146 990 4230 περί
1012 4138 1176 4229 Εάσέβιον
1198 4144 1277 4209 voi·—

82 4356 103 4387 a.
122 4340 162 4389 Sic
180 4353 207 4387 ex
225 4351 271 4387 ms.
284 4337 357 4399 Regio
376 4337 561 4386 ειυευδωίυιιιε.
588 4337 632 4386 Alii
718 4337 742 4385 b.
759 4336 794 4385 Ex
818 4352 863 4386 ms.
881 4336 937 4398 Res.
961 4332 1105 4399 particulam
1127 4324 1164 4381 ἀν
1181 4330 1279 4383 :dcliii-

47 4416 127 4455 ουιιιιι
147 4416 170 4456 ει
187 4405 244 4455 editi
261 4396 312 4463 τήν
329 4405 452 4453 mendose.
686 4419 748 4464 mus,
767 4418 840 4468 quam
857 4402 899 4453 alii
917 4412 941 4453 οι
958 4402 1016 4452 edin
1032 4402 1155 4451 omittunt.

720 4488 740 4521 c.
758 4462 842 4519 κακόν
860 4470 928 4523 abest
945 4484 958 4519 ι
975 4468 1050 4532 Regio
1069 4482 1116 4531 ων.
