2948 5092
461 262 569 310 umrro
586 265 607 309 r.
622 263 739 308 conaus
753 262 890 308 munos.
1232 250 1293 314 tet

58 396 290 485 delectedmcrs
320 416 518 491 Quandouam
540 429 618 496 'ergo
648 416 779 496 seipsum
801 398 890 478 Pater
916 401 978 476 uon
1000 414 1169 478 intuebatur
1189 416 1220 478 in
1244 382 1377 480 euim

59 523 156 604 ipsius
177 520 318 600 imagine,
339 526 392 581 aut
413 519 601 598 quandonam
622 519 725 581 eadem
746 534 809 583 non
830 514 1040 591 delectabatur,
1063 525 1097 579 ut
1109 518 1177 597 quis
1193 517 1292 581 dicere

61 625 176 697 audeat,
198 641 236 684 ax
256 620 351 683 nihilo
374 638 443 684 esse
465 620 713 699 imaginem-nec
726 609 843 680 Patiem
862 617 1036 680 delectatum
1052 634 1122 681 esso
1135 627 1294 700 antequam

62 728 156 806 imago
179 720 378 786 nasceretur?
421 720 577 795 Qulrero
600 722 724 784 effector
747 731 777 781 et
797 727 913 782 creator
935 719 1069 800 seipsum
1091 720 1122 781 in
1143 728 1241 784 ereata
1263 729 1295 784 et

63 830 132 890 laeta
153 834 262 889 natura
282 832 390 905 posset
410 820 626 903 contemplari?
669 820 787 883 liteuim
808 820 876 883 talis
895 821 992 901 imago
1008 840 1078 884 esse
1092 821 1192 897 dehet,
1215 841 1291 902 qua·

64 930 98 991 lis
119 937 169 990 est
191 928 256 990 eius
279 926 378 988 Pater.
756 939 762 957 ⁸

145 1134 199 1194 21.
243 1128 304 1209 Age
326 1129 434 1208 itaque,
457 1144 533 1206 quae
554 1125 590 1189 ad
604 1125 721 1188 Patreuu
744 1124 896 1204 pertinent
915 1124 1118 1210 inspiciamus,
1141 1146 1201 1207 quo
1215 1145 1292 1208 pos·
1381 1176 1384 1181 .

67 1233 157 1293 simus
180 1231 358 1311 dignoscere
380 1237 480 1290 utrum
501 1227 598 1308 imago
621 1228 686 1290 eius
708 1227 758 1290 sit.
801 1227 948 1290 heternus
971 1239 1017 1292 est
1037 1230 1143 1303 Pater,
1165 1228 1293 1290 immor-

68 1335 139 1408 talis,
161 1341 281 1414 potens,
294 1326 364 1404 lux,
386 1348 448 1405 rex,
471 1329 670 1408 omnipotens,
692 1329 782 1402 Deus,
805 1329 961 1402 Dominus,
984 1339 1101 1393 creator
1115 1340 1144 1392 et
1158 1331 1291 1392 effector.

67 1437 142 1498 llaec
163 1452 238 1497 sanc
259 1434 362 1496 eadem
384 1433 416 1494 iu
437 1431 565 1511 imagine
586 1449 656 1493 esse
678 1438 808 1510 oportet,
834 1438 868 1491 ut
888 1450 958 1494 rere
979 1432 1029 1511 qui
1049 1431 1156 1494 Filium
1177 1431 1294 1508 uiderit,

67 1539 158 1600 adeat
179 1537 309 1599 Patrem.
351 1535 426 1596 Nam
447 1533 506 1595 nisi
527 1534 567 1594 ita
589 1532 644 1606 ait,
674 1532 746 1606 sed,
773 1540 806 1593 ut
827 1531 926 1594 Ariani
948 1534 1095 1609 sentiunt,
1118 1535 1212 1595 lechas
1235 1541 1294 1609 est,

67 1658 124 1701 uon
144 1656 219 1701 reru
242 1645 381 1699 aeternus
401 1635 511 1708 Filius,
533 1652 596 1696 nou
618 1642 665 1699 est
685 1634 759 1695 haec
780 1652 847 1695 vera
871 1634 967 1714 imago
989 1635 1101 1708 Patris,
1133 1635 1194 1696 nisi
1216 1636 1294 1697 torte
1396 1678 1404 1686 -

68 1741 179 1821 pudore
201 1738 284 1801 unani
305 1736 396 1799 exuto
420 1737 528 1811 dicant,
550 1736 630 1817 quod
652 1735 745 1797 lilius
767 1735 864 1815 imago
887 1736 1064 1815 appellatur,
1087 1730 1148 1799 nou
1169 1737 1199 1798 id
1223 1754 1294 1807 esso¹

68 1843 169 1904 similis
192 1840 376 1903 substantiae
397 1839 548 1912 indicium,
572 1839 626 1899 sed
648 1838 712 1900 nius
736 1838 875 1899 duntaxat
896 1857 1006 1900 nomen
1029 1858 1109 1901 csse.
1151 1838 1250 1919 Atqui,
1274 1856 1293 1899 o

69 1945 146 2024 impii
169 1954 200 2006 et
221 1944 326 2005 hostes
350 1940 469 2014 Christi,
492 1941 550 2002 hoc
571 1959 627 2002 nec
648 1938 745 2019 imago
767 1958 823 2001 nec
844 1940 937 2020 figura
959 1949 1015 2003 est.
1049 1941 1131 2014 Quae
1154 1941 1232 2002 enim
1248 1939 1293 2001 si-

69 2044 198 2109 militudo
219 2062 322 2109 rerum
344 2062 361 2105 e
382 2042 474 2105 nihilo
487 2044 640 2127 ‚laetarum
661 2060 728 2104 cum
750 2041 811 2116 illo,
834 2042 884 2121 qui
906 2061 951 2115 ea,
974 2050 1049 2121 quae
1062 2060 1123 2103 nou
1145 2051 1238 2113 erant,
1260 2047 1295 2102 ut

70 2155 166 2208 essent
187 2144 322 2209 crearit?
344 2153 395 2207 aut
415 2163 474 2225 quo
497 2153 584 2225 pacto
606 2144 647 2218 id,
670 2144 750 2224 quud
771 2161 832 2205 raon
856 2152 917 2217 est,
941 2144 1023 2220 eius,
1045 2144 1096 2225 qui
1118 2152 1174 2219 est,
1197 2142 1296 2205 simile

70 2266 131 2311 esse
152 2255 254 2329 queat,
277 2248 361 2310 maius
383 2247 410 2308 is
433 2247 564 2309 delectus
587 2255 643 2321 est,
667 2246 877 2326 utaliquando
899 2264 959 2308 non
982 2246 1071 2308 luerit
1093 2254 1123 2308 et
1143 2248 1222 2308 iuter
1243 2263 1293 2308 res

70 2352 153 2413 unas
174 2350 353 2412 collocatum
376 2348 439 2411 sit?
482 2348 581 2411 Ariani
610 2348 700 2428 igitur
728 2367 796 2409 cum
817 2347 921 2410 lilium
950 2350 990 2410 ita
1013 2366 1082 2410 esse
1103 2347 1209 2420 velint,
1238 2346 1296 2408 sibi
1329 2402 1336 2413 .

70 2453 138 2532 ipsis
160 2450 336 2514 huiusmodi
358 2450 560 2530 excogitavere
581 2449 772 2513 ratiunculas.
817 2450 848 2511 Si
871 2450 972 2524 Filius,
994 2450 1142 2530 inquiunt,
1165 2450 1243 2510 letus
1265 2455 1296 2509 et

70 2554 162 2635 imago
186 2560 235 2615 est
254 2551 368 2627 Patris,
397 2552 424 2614 si
444 2552 705 2633 perlectesimilis
728 2560 775 2613 est
795 2553 890 2625 Patri,
923 2553 1020 2614 debet
1032 2560 1128 2625 certe,
1150 2549 1293 2630 quemad-

70 2656 186 2718 modum
209 2653 327 2734 genitus
351 2662 412 2727 est,
444 2655 489 2715 sic
516 2662 546 2716 et
572 2654 638 2733 ipse
667 2671 809 2734 generare
837 2654 961 2734 fierique
983 2654 1099 2734 etipse
1120 2652 1172 2715 lilii
1194 2659 1294 2731 pater3

70 2758 112 2836 qui
133 2757 207 2818 item
232 2774 268 2817 ex
290 2755 358 2835 ipso
380 2757 497 2835 genitus
520 2757 623 2831 luerit,
655 2774 797 2835 generare
818 2757 935 2836 etipse
957 2756 1061 2831 debet,
1094 2754 1186 2817 etita
1207 2753 1294 2815 deiu-
1362 2802 1367 2811 .

70 2877 133 2939 ceps
154 2858 284 2920 infinite.
327 2858 360 2919 ld
383 2858 529 2937 siquidem
552 2858 695 2939 genitoris
718 2859 850 2937 genitum
873 2858 998 2920 similem
1022 2857 1163 2919 ostendit.
1207 2855 1293 2916 Blas-

70 2961 251 3038 phemiarum
273 2977 330 3021 nae
351 2960 393 3021 illi
414 2959 595 3034 inventores,
618 2960 667 3040 qui
689 2959 742 3022 Dei
765 2961 859 3040 ipsius
881 2961 997 3032 hostes,
1018 2978 1057 3021 ne
1079 2961 1225 3020 fateantur
1240 2956 1397 3043 Ili-retas.¹

71 3062 134 3123 lum
150 3062 250 3124 Patris
272 3080 343 3124 esse
357 3062 524 3141 imaginem,
547 3080 691 3143 corporea
706 3071 736 3125 et
751 3063 903 3124 terrestria
919 3063 955 3124 de
970 3063 1037 3142 ipso
1052 3062 1140 3124 Patre
1155 3061 1294 3141 cogitant,

72 3164 245 3236 excisiones,
268 3164 443 3238 effluentiae,
465 3165 678 3228 influxionesre
701 3165 732 3227 in
754 3165 804 3226 illo
827 3184 916 3244 praue
938 3165 1061 3246 lingunt.
1104 3164 1248 3245 Equidem
1268 3164 1296 3226 si

74 3263 146 3327 lleus
168 3265 299 3327 hominis
322 3266 428 3340 similis
450 3276 507 3338 est,
531 3267 681 3331 sitellam
704 3286 739 3329 eo
756 3268 845 3330 modo
861 3269 979 3347 genitor
997 3285 1057 3346 quo
1079 3269 1181 3341 humo,
1204 3268 1296 3330 lilius

74 3367 118 3430 liat
138 3376 225 3449 pater
245 3368 388 3442 alterius,
411 3378 498 3448 atque
521 3370 562 3432 ita
583 3370 722 3451 deinceps
745 3371 794 3432 alii
817 3388 852 3431 ex
875 3370 940 3431 aliis
961 3379 1166 3450 procreentur,
1190 3378 1223 3430 ut
1243 3388 1294 3431 se·
1328 3408 1332 3413 -

76 3469 196 3531 randum
217 3469 286 3532 illos
308 3471 485 3533 iudeorum
507 3472 724 3535 multitudinem
747 3478 908 3535 crescat-oa
923 3473 1092 3553 progenies.
1123 3472 1161 3535 ht
1175 3472 1200 3534 si
1215 3472 1295 3534 Deus

78 3586 130 3631 uon
151 3580 199 3633 est
219 3581 255 3633 ut
274 3571 382 3647 homo,
409 3575 454 3636 uti
476 3591 579 3637 revera
599 3593 662 3636 non
685 3583 748 3649 est,
778 3593 849 3638 sane
878 3593 934 3636 nec
961 3574 1088 3637 humana
1111 3575 1148 3636 de
1170 3593 1206 3636 eo
1228 3573 1298 3636 licet
1346 3646 1351 3657 ι

80 3672 208 3750 cogitare.
252 3673 372 3736 Etenim
393 3675 497 3738 brutae
519 3677 682 3740 animantes
704 3685 792 3758 atque
814 3678 951 3738 homines
966 3677 994 3737 vi
1008 3677 1122 3758 primae
1137 3674 1296 3738 creationis

81 3771 120 3835 alii
140 3794 175 3836 ex
196 3774 263 3837 aliis
283 3778 478 3840 successione
500 3780 669 3859 gignuntur,
692 3788 722 3842 et
744 3781 781 3854 is,
804 3780 854 3859 qui
877 3779 1014 3859 gignitur,
1038 3798 1073 3841 ex
1092 3779 1190 3859 genito
1213 3789 1297 3858 patre

106 4044 127 4079 r.
146 4032 186 4082 Sic
203 4031 408 4096 Seguer.etlleg.
444 4033 470 4082 lu
490 4033 561 4083 editis
579 4043 658 4084 autem
714 4026 818 4101 ματαά
842 4042 887 4083 etc.
930 4035 1004 4084 Paulo
1028 4042 1085 4100 post
1107 4036 1179 4085 iidem
1198 4035 1297 4096 Seguer.

80 4089 229 4150 iactuum.
265 4100 327 4151 lhid.
345 4101 375 4150 rd
394 4103 659 4179 marginemhaecha·
712 4102 850 4154 Goblerian.
876 4110 899 4152 et
922 4103 1026 4153 Felclm.
1047 4104 1069 4152 1.
1095 4095 1298 4170 ἇπορῥοὰςκαὶ

78 4166 113 4216 let
129 4169 184 4231 lleg.
204 4162 283 4249 daeg!
296 4162 335 4234 μὴ
354 4162 401 4217 καὶ
416 4160 477 4222 υἷος
493 4167 593 4233 γεννᾷ,
613 4161 658 4218 ἵνα
709 4162 848 4237 ἕπιρῥοάς.

75 4230 223 4305 ηὶπαήρ
241 4253 274 4303 ῃ,
301 4227 369 4284 ἀλλὰ
391 4230 655 4303 μόνονέστὶνυῖός.
744 4254 766 4301 g.
786 4238 938 4301 SicSeguer.
973 4240 1001 4288 dt
1020 4241 1060 4290 alii
1079 4248 1102 4290 et
1120 4239 1175 4289 editi
1194 4229 1209 4284 ὁ
1228 4227 1293 4290 υἱός·

77 4303 115 4352 tar
130 4322 177 4357 nor
194 4307 273 4356 Filias
290 4312 313 4355 et
330 4308 382 4370 ipre
399 4308 486 4371 gignit,
512 4313 537 4356 et
555 4314 576 4357 et
593 4314 659 4371 pater
712 4307 786 4357 Paulo
811 4314 868 4371 post
892 4308 1031 4370 Segueriau.
1058 4309 1130 4356 Basil.
1157 4305 1255 4356 Gohler.
1272 4310 1298 4356 cl

74 4376 107 4433 nl,
127 4377 169 4425 red
187 4383 222 4426 ert
240 4377 358 4425 duntasot
374 4376 446 4437 filias.
711 4375 816 4425 falcium.
828 4377 850 4425 l.
866 4368 959 4442 ἑτέρου
975 4371 1096 4440 γένηται.
1124 4374 1183 4423 lbid.
1196 4375 1296 4435 Segner.

101 4444 118 4492 i.
137 4443 238 4507 Seguer.
266 4443 365 4494 Gobler.
392 4449 416 4492 et
432 4441 538 4492 l’elchm.
559 4443 584 4492 1.
600 4436 658 4496 due-
709 4438 755 4491 καὶ
775 4435 845 4494 οὕτω
864 4439 894 4494 dt
910 4441 1032 4501 καθεξῆς.

71 4506 182 4578 mter.
218 4512 274 4563 Ιοι
291 4511 395 4576 Srgner.
413 4501 586 4577 lpadeyutcr,
606 4522 659 4559 uo-
