2934 5078
205 216 264 278 122
600 229 627 274 ε.
642 228 796 273 ιτειιωειι
812 227 1032 273 ιαιειτειειοει

112 396 188 441 m
197 381 251 446 καί
274 382 328 445 σαὶ
350 373 392 444 δι’
416 374 516 458 άλλης
539 376 716 464 ἐπιστολῆς
738 375 885 462 ἔγραψα·
908 374 942 443 έν
964 370 1016 454 οἷς
1037 373 1155 463 ἤλεγξα
1175 377 1229 441 καί
1253 372 1272 440 ὃ
1294 380 1420 463 προφέ-

198 503 311 601 ρονσιν
334 478 475 566 ἔγκλημα
497 504 557 545 κατ
590 478 669 563 ἐμοῦ
695 491 757 563 ψει
742 474 859 557 δας
839 502 886 557 ον,
910 472 956 557 τὸς
978 472 1016 544 αὖ
1039 475 1238 563 λέγοντος
1203 476 1420 581 τονΧριστὸν

198 576 377 665 ὸμυοάσιον
407 575 492 647 εἶναι
521 583 568 666 τῷ
596 584 678 666 θεῷ.
725 580 754 647 εί
781 577 842 665 γάρ
869 604 923 646 και
951 578 990 645 τὸ
1020 576 1126 663 ὄνομα
1146 577 1247 644 τοῦτό
1269 602 1358 666 φημι
1376 603 1418 687 μη

199 678 366 770 εὑρηκέναι
392 680 473 765 μηδ’
498 676 713 768 ἀνεγνωκέναι
739 706 807 747 που
828 684 895 748 τῶν
918 676 1019 766 άγίων
1041 683 1194 768 γραφῶν,
1217 673 1304 747 ἀλλά
1324 704 1362 764 γε
1381 703 1421 745 τα

199 782 439 870 έπεχειρήματά
465 807 531 867 μου
551 781 594 850 τά
617 781 754 872 ἑξῆς,“
734 810 756 849 α
779 782 1022 869 σεσιωπήκασι,
1051 786 1110 871 τῆς
1131 777 1283 859 διανοίας
1304 778 1421 868 ταύτης

200 879 257 952 οὐκ
289 881 422 973 ἀπᾴδει.
466 886 519 951 καί
552 884 614 971 γὰρ
646 880 880 971 ’ἀνθρωπείαν
908 884 1005 971 γονὴν
1032 888 1228 969 παρεθέμην
1256 882 1357 969 δῆλον
1378 877 1420 960 ὥς

200 977 301 1053 οὖσαν
333 982 472 1075 ὁμογενῆ
479 1036 488 1066 ,
523 985 632 1073 φήσας
664 985 799 1064 πάντως
827 984 904 1065 τοὺς
931 995 1039 1071 γονεῖς
1059 984 1161 1068 μόνον
1183 983 1315 1069 ἑτέρους
1337 976 1420 1051 εἶναι

198 1091 264 1154 τῶν
286 1093 415 1167 τέκνων,
439 1082 492 1154 ὅτι
512 1086 557 1175 μὴ
579 1082 672 1153 αὐτοὶ
696 1082 761 1154 εἶεν
782 1085 824 1152 τὰ
845 1092 965 1167 rima?
986 1080 1008 1174 ἢ
1027 1085 1110 1174 μήτε
1123 1095 1231 1173 γονεῖς
1247 1079 1421 1172 ἀναγκαῖον

198 1186 357 1274 ὑπάρχειν
379 1184 464 1257 εἶναι
485 1188 567 1277 μητε
587 1194 691 1254 τέκνα.
729 1190 782 1253 καί
805 1186 863 1275 τὴν
884 1190 944 1272 μὲν
966 1186 1154 1274 ἐπιστολήν,
1179 1181 1225 1265 ὡς
1246 1190 1421 1272 προείπω,

199 1290 257 1357 ὸιὸ
283 1290 343 1370 τὰς
365 1290 578 1378 περιστάσεις
601 1285 659 1356 οὐκ
681 1289 742 1372 ἔχω
764 1296 984 1376 πρακαμίσαι·
1013 1284 1076 1356 είὸ’
1102 1278 1175 1368 οὖν,
1200 1282 1286 1355 αὐτά
1307 1310 1363 1354 σοι
1382 1285 1423 1353 τὰ

198 1392 275 1460 τότε
302 1392 446 1479 ῥήματα,
475 1393 601 1476 μᾶλλον
630 1392 666 1457 δὲ
688 1393 758 1457 ‘nal
786 1390 897 1478 πάσης
928 1386 967 1457 ἀν
990 1390 1129 1476 ἔπεμψα
1149 1389 1188 1455 τὸ
1212 1384 1422 1486 ἀντίγραφον,

200 1490 285 1577 ὅπερ
307 1488 347 1559 ἀν
370 1489 554 1583 εάπσρησω,
577 1492 719 1581 ποιήσω.
761 1487 838 1558 olda
860 1494 963 1559 δὲκαὶ
978 1499 1146 1580 μέμνημαι
1167 1492 1309 1558 πλείονα
1322 1515 1423 1576 προς-

200 1598 276 1673 θεὶς
306 1598 372 1661 τῶν
407 1599 568 1681 συγγενῶν
602 1590 806 1679 ὁμοιώματα.
851 1596 905 1659 καί
932 1591 994 1679 γὰρ
1021 1593 1078 1661 καὶ
1107 1593 1211 1682 φυτὸν
1234 1587 1333 1660 εἶπον
1355 1587 1422 1659 ἀπὸ

201 1702 391 1780 σπέρματος
415 1689 434 1782 ἢ
456 1691 526 1762 ἀπὸ
549 1696 639 1784 ῥίζης
661 1690 804 1763 ἀνελθὸν
827 1694 937 1779 ἕτερον
960 1690 1046 1762 εἶναι
1059 1698 1118 1762 τοῦ
1135 1691 1218 1761 ὅθεν
1233 1693 1423 1782 ἐβλάστησε,

116 1800 253 1864 ramma?
277 1797 411 1876 πάντως
432 1797 562 1884 θέκείνῳ
583 1803 784 1885 καθέστηκεν
807 1791 961 1883 ὃμοφυές,
984 1799 1038 1863 καὶ
1060 1795 1212 1882 ποταμὸν
1235 1790 1307 1862 ἀπὸ
1321 1798 1426 1883 πηγῆς

201 1900 318 1985 ῥέοντα
340 1899 450 1984 ἕτερον
474 1902 580 1985 σχῆμα
601 1897 658 1965 καὶ
680 1897 785 1983 ὄνομα
799 1900 1048 1986 μετειληφέναι·
1070 1899 1153 1985 μήτε
1166 1897 1228 1984 γὰρ
1243 1896 1303 1983 τὴν
1319 1895 1425 1986 πηγὴν

200 2000 352 2084 ποταμὸν
373 2001 456 2088 μήτε
475 2001 533 2067 τὸν
555 2000 708 2085 ποταμὸν
730 1998 837 2087 πηγήν
860 2002 1027 2086 λέγεσθαι,
1050 2002 1103 2065 καί
1127 1993 1302 2085 ἀμφότερα
1319 1994 1426 2087 ὑπάρ-

199 2127 284 2185 χειν,
317 2104 371 2168 καὶ
398 2100 457 2188 τὴν
485 2103 545 2186 μὲν
573 2101 681 2191 πηγὴν
704 2101 808 2168 σίονεὶ
828 2107 976 2186 ’πατέρα
999 2096 1100 2181 εἶναι,
1133 2098 1191 2166 τὸν
1213 2102 1251 2167 ὸὸ
1272 2098 1424 2185 ποταμὸν

202 2197 286 2270 εἶναι
315 2202 349 2269 έκ
376 2205 435 2291 τῆς
462 2207 569 2291 πηγῆς
593 2200 688 2287 ὕδωρ.
734 2199 819 2269 ἀλλά
838 2206 943 2269 ταῦτα
963 2205 1024 2287 μὲν
1046 2206 1099 2269 καὶ
1121 2201 1163 2269 τὰ
1183 2204 1324 2268 τοιαῦτα
1344 2201 1425 2289 μηδὲ

203 2299 283 2392 ὸρᾷν
304 2311 524 2389 γεγραμμένα,
558 2299 626 2371 ἀλλ’
652 2306 753 2371 οἱονεὶ
776 2304 980 2391 τυφλώττειν
1002 2300 1254 2390 ὸποκρίνσνται’
1281 2313 1354 2383 τοῖς
1374 2303 1425 2369 ’δὲ

202 2406 277 2471 δυσὶ
299 2407 472 2492 ῥηματίοις
495 2399 694 2485 ἀσυνθέτοις
715 2404 871 2492 καθάπερ
895 2407 1008 2485 λίθοις
1028 2404 1197 2490 μακρόθεν
1221 2404 1425 2491 ἐπιχειροῦσί

200 2532 243 2592 με
263 2507 412 2592 βάλλειν,
442 2500 635 2592 ἀγνοοῦντες
663 2502 708 2585 ὡς
729 2510 795 2573 τῶν
818 2502 1044 2593 ἀγνοουμένων
1066 2510 1121 2573 καί
1142 2509 1360 2594 προςαγωγῆς
1379 2504 1426 2585 είς

202 2604 381 2694 ἐπίγνωσιν
403 2608 566 2693 δεομένων
589 2603 627 2674 or}
649 2607 751 2692 μόνον
773 2603 893 2675 ἀλλοῖα
914 2609 1085 2688 πολλάκις,
1110 2603 1193 2675 ἀλλὰ
1213 2606 1271 2674 καὶ
1284 2600 1425 2675 ἀπεναν-

200 2715 257 2776 τία
288 2708 446 2797 τεκμήρια
476 2716 602 2796 γίνεται
633 2711 699 2775 τῶν
727 2709 991 2796 ἐπιζητουμένων
1013 2709 1199 2799 δηλώματα.
1245 2707 1280 2775 ίν
1300 2708 1360 2775 *δέ
1380 2710 1425 2792 τῷ

200 2816 292 2895 τρί
254 2836 301 2897 τφ
323 2813 431 2897 βιβλί
415 2838 442 2875 ιι
465 2818 582 2899 φησίν
612 2808 740 2933 ζωηέκ
768 2802 852 2897 ζωης
874 2811 1042 2899 ἐγεννήθη,
1064 2806 1161 2878 καίζ
1140 2807 1251 2931 ω’ςπερ
1273 2806 1426 2892 ποταμὸς

202 2905 271 2977 ἀπὸ
286 2917 393 3000 πηγῆς
410 2913 551 2999 ἐ’ῥρευσε,
575 2909 667 2978 κάλ’
648 2910 718 2977 απὸ
730 2910 843 2999 φωτὸς
854 2908 1017 2998 ἀσβέστου
1028 2911 1182 2998 λαμπρὸν
1193 2912 1267 2999 φῶς
1277 2908 1424 2997 άνηφθη.

289 3019 337 3079 19.
385 3020 444 3091 Τίς
475 3012 600 3079 τούτων
634 3007 761 3080 ἀκούων
790 3007 829 3078 οὐ
856 3020 977 3098 μανίας
1003 3014 1126 3081 λοιπὸν
1153 3018 1426 3098 καταψηφίσεται

201 3113 267 3177 τῶν
300 3107 532 3180 ὑπονοούντων
563 3113 621 3180 τὸν
642 3113 823 3181 Διονύσιον
856 3113 898 3181 τὸ
916 3109 1047 3201 Ἀρείου
1076 3124 1211 3203 φρονεῖν
1218 3142 1230 3196 ,·
1264 3111 1338 3179 ίὸσὸ
1365 3112 1425 3199 γὰρ

202 3211 259 3278 ὸιὰ
280 3211 406 3280 τούτων
429 3217 579 3301 φανερῶς
602 3218 715 3283 πᾶσαν
737 3208 839 3282 αάτοῦ
854 3227 957 3283 πατεῖ
970 3215 1029 3304 τὴν
1045 3216 1172 3301 αι’ρεσιν
1186 3224 1260 3293 ταῖς
1260 3238 1335 3339 της
1348 3208 1426 3302 ἀλη-

201 3316 300 3391 θείας
322 3314 502 3400 λογισμοῖς.
546 3315 586 3381 τὸ
607 3314 750 3403 μὲνγὰρ
774 3310 832 3384 οάκ
852 3306 893 3405 ἦν
913 3320 993 3403 πρίν
1008 3319 1150 3405 γεννηθῇ
1164 3314 1274 3383 καὶτὸ
1288 3305 1330 3403 ἦν
1344 3338 1427 3381 ποτε

203 3407 260 3480 άτε
293 3409 352 3483 οὐκ
380 3404 420 3503 ἦν
448 3410 579 3501 ἀναιρεῖ
604 3419 652 3503 τῷ
673 3420 733 3483 τοῦ
756 3412 1016 3505 ἀπανγάσματος
1036 3418 1123 3505 λόγῳ
1144 3443 1201 3485 και
1191 3410 1395 3502 λέγων,“
1374 3440 1426 3481 οτι

201 3514 319 3582 τούτου
343 3511 361 3581 ὸ
382 3517 494 3606 πατὴρ
517 3515 575 3585 οὐκ
595 3507 634 3606 ἦν
656 3541 741 3585 ποτε
763 3515 890 3605 ἀγανὸς,
913 3518 972 3585 *rb
995 3522 1032 3588 δέ
1054 3513 1146 3601 έξ
1110 3543 1169 3586 ουκ
1190 3515 1296 3585 άντων
1319 3510 1425 3583 αι’ντῶν

202 3607 332 3703 ἀναιρεῖ
352 3616 387 3685 έν
408 3622 456 3704 τῷ
478 3622 592 3706 λέγειν,
616 3618 674 3688 τὸν
695 3620 793 3706 λόγον
815 3615 948 3688 εἶναι(
922 3646 968 3700 ως
989 3619 1144 3706 ποταμὸν
1165 3615 1236 3687 ἀπὸ
1249 3642 1360 3707 πηγης
1372 3616 1426 3684 καί

200 3716 345 3802 βλαστὸν
367 3713 494 3787 ἀπὸί
459 3720 550 3810 ῥίζης
569 3723 624 3789 καί
647 3716 800 3789 τέκνον
781 3720 852 3791 απὸ
872 3728 994 3809 γονέως
1015 3719 1071 3789 καί
1093 3722 1167 3811 φῶς
1187 3719 1224 3789 ἐκ
1244 3718 1360 3809 φωτὸς
1372 3721 1425 3787 καί

235 3921 257 3953 α.
276 3906 317 3956 Sic
340 3907 397 3968 neg.
423 3909 521 3959 Τεισία.
546 3908 615 3961 colb.
641 3912 687 3961 les
723 3911 785 3961 miri
838 3920 863 3960 ει
881 3912 968 3960 intrr'
961 3925 987 3961 ια
1005 3910 1069 3961 libro
1087 3904 1327 3977 ὸεθγαοιῖίιῑΐαια.
1335 3910 1353 3960 Ι.
1363 3908 1389 3960 P.
1396 3908 1426 3958 ΙΙ.

202 3986 258 4022 rrro
275 3967 394 4040 καὶγὰρ
411 3970 467 4023 καί.
837 3973 958 4044 Μέθῃ]
992 3978 1045 4028 ῖΙαι
1070 3978 1169 4029 Τεατία.
1193 3977 1264 4029 corb.
1281 3978 1331 4029 lu.
1346 3988 1427 4043 προε-

236 4042 259 4088 b.
278 4042 338 4091 ῖοιε
356 4043 417 4093 Ιιαεε
433 4044 566 4095 εειιιεαιίαε
584 4036 788 4125 ἢμητεγανεῖη
837 4040 959 4110 κομίσαι.

202 4098 355 4171 ἀναγκαίαν
371 4102 504 4179 απάρχειν
520 4099 591 4161 ελναι
606 4107 678 4180 μήτε
694 4108 785 4171 τέκνα,
872 4129 894 4164 ε.
911 4108 959 4161 καί
980 4114 1073 4165 dmt'
1067 4127 1091 4164 ια
1108 4113 1208 4164 Τεατία.
1231 4110 1281 4163 ru.
1305 4119 1331 4163 εί
1347 4110 1426 4169 θεία,

202 4178 267 4240 qnod
285 4177 347 4228 ὸααε
364 4178 512 4228 τΙεαειιΙεε
506 4194 530 4229 ια
544 4182 696 4233 Ιιειιιιοιεια
706 4177 787 4231 τέκνα
839 4182 880 4245 qui
906 4182 1005 4231 αΙῑίιαυε
1028 4181 1094 4259 idrag
1117 4181 1190 4231 habet
1210 4170 1313 4239 νεάτην.
1349 4176 1426 4229 ΜΙ.

201 4245 404 4305 terminarentur,
430 4246 454 4295 in
479 4247 549 4298 editis
576 4249 667 4299 omissa
691 4250 786 4301 Prerrt·
838 4250 946 4299 τευκτὸν
965 4262 1037 4299 ωεαα
1054 4240 1149 4298 πόσιν.

201 4312 244 4360 red
268 4313 371 4363 habetur
398 4314 422 4362 in
447 4312 1426 4379 nerraurrnworrrer.r.8irner.raurrr.errr.1.mmm

201 4378 240 4427 Pr.
260 4379 279 4429 ί.
295 4380 351 4429 item
370 4381 443 4430 αεία
479 4383 616 4433 τιεαιέειιιί
634 4382 716 4436 Τεετί.
734 4384 786 4445 (rbi
837 4376 933 4433 έκεῖνο.
970 4382 1024 4434 flor
1041 4384 1099 4446 fleg.
1108 4384 1207 4434 Puri·
1222 4382 1352 4435 (ῖαΙΗει.
1360 4372 1427 4447 1μο-

201 4438 343 4507 Ιεςῐιαιίνε
397 4450 440 4511 αν)
469 4449 507 4500 rd.
525 4448 697 4515 Μέλιτταν
715 4386 786 4519 εὸὶι]
837 4446 914 4518 φαίη.
951 4450 983 4503 Er
1005 4452 1039 4503 ίιι
1062 4450 1122 4515 Ιτμι
1143 4450 1269 4513 Νεκυίαν,
1291 4450 1336 4515 ηαὶ
1356 4448 1425 4501 mir
