2948 5092
468 251 579 297 omno
594 252 614 295 ι.
631 252 746 296 coum
759 253 897 300 munos.
1229 239 1291 304 teu

63 420 123 464 run
144 400 192 463 his
212 399 318 463 sorbis
341 400 444 462 docet:
467 401 607 465 Christus
622 401 682 465 Der·
694 406 794 465 uirtus
818 414 846 465 et
860 403 919 466 llet'
938 407 1097 484 sapientie.
1132 405 1195 467 Nec
1204 406 1288 469 enim
1296 422 1375 471 m

62 505 114 565 loc
139 502 173 564 in
202 501 273 565 loco
293 501 414 564 Patrem
434 501 529 565 voluit
549 502 732 582 significare,
765 510 802 567 nt
829 504 932 566 soletis
966 505 1044 568 inter
1072 525 1126 570 vos
1155 507 1288 572 diedone

61 606 188 667 aientes:
215 603 307 666 Peter
333 623 388 666 suc
414 603 509 684 ipsius
537 614 583 666 est
612 605 795 686 sempiterne
822 607 925 669 virtus.
967 607 1034 670 Non
1060 609 1101 671 itu
1129 627 1201 671 sene
1232 617 1373 673 estnec.

62 706 117 767 Nec
139 707 222 768 enirn
245 704 333 767 dixit:
362 705 427 785 ipse
448 705 527 768 Dens
550 714 597 768 est
618 706 727 778 virtus,
757 707 827 768 sed:
856 708 920 771 eius
948 717 995 771 cst
1021 711 1126 773 virtus.
1170 709 1288 773 Nemini

63 827 149 887 porro
174 807 299 869 dubium
319 808 416 880 luerit,
439 807 508 887 quin
531 807 572 881 id,
595 808 675 887 qnod
698 809 762 870 eius
786 817 842 884 est,
864 829 926 872 non
948 811 1026 875 idern
1049 812 1089 874 sit
1102 813 1181 892 qnod
1205 813 1288 893 ipse:

64 929 113 971 nec
134 919 237 970 temen
263 910 322 971 lroc
349 910 448 990 ipsum
470 911 506 972 eb
528 930 565 971 eo
588 910 799 983 estolidum,
828 911 881 973 sed
910 913 1011 991 potius
1040 913 1103 976 cius
1131 915 1287 994 proprium

64 1022 114 1072 cst
160 1013 270 1073 Verum
292 1011 397 1091 legite,
420 1030 495 1091 quae
515 1021 621 1092 postes
643 1023 822 1092 sequnntur,
846 1023 876 1076 et
897 1015 1101 1077 convertimini
1123 1016 1160 1078 ed
1182 1016 1286 1080 Domi-

64 1132 128 1174 num
151 1113 314 1188 (Dominus
342 1124 443 1176 cutem
463 1112 601 1194 Spiritus
625 1122 697 1190 eet),
727 1115 857 1194 illudque
885 1116 922 1179 de
949 1116 1023 1177 Filio
1054 1117 1176 1196 intelligi
1205 1118 1289 1181 facile

65 1215 260 1295 perspicietis.
1383 1206 1386 1211 ¹

147 1322 198 1382 12.
242 1317 355 1396 Nempe
381 1326 539 1396 postquam
568 1318 727 1380 creationis
754 1318 953 1387 meminisset.
982 1319 1064 1381 valde
1092 1329 1290 1398 congruenter

66 1421 98 1480 de
117 1419 237 1499 opificis
259 1419 290 1480 in
312 1419 377 1498 ipss
399 1421 547 1482 creatione
569 1419 676 1482 virtuto
696 1419 838 1498 loquitur,
861 1439 935 1499 quac
958 1419 1077 1499 quidem
1099 1420 1191 1484 vituts
1212 1422 1287 1483 Ver-

37 1558 39 1562 »
65 1522 128 1583 bum
152 1533 202 1584 est
221 1521 287 1592 Ilei,
313 1540 367 1601 per
389 1522 467 1600 quod
491 1521 589 1582 omnia
611 1523 685 1584 lacta
707 1530 786 1584 sunt.
831 1521 862 1583 si
886 1521 977 1600 igitur
998 1540 1099 1584 rerum
1121 1531 1287 1585 creatarum

66 1633 162 1685 nature
184 1624 281 1686 Deum
304 1642 339 1684 ex
362 1643 396 1684 se
418 1623 480 1684 sola
503 1623 568 1684 sine
583 1623 657 1684 Filio
680 1624 777 1702 possit
798 1632 902 1685 notum
917 1624 1023 1696 lacere,
1047 1624 1143 1685 videte
1159 1642 1196 1685 ne
1213 1643 1286 1687 rue·
1314 1676 1318 1682 .

65 1726 98 1786 tis
118 1725 299 1786 srbiunntes
323 1725 410 1786 etiarn
432 1724 498 1786 sinc
521 1724 594 1785 Filio
617 1724 696 1785 illam
718 1744 787 1786 esse
808 1727 923 1787 lactem.
960 1726 992 1786 Si
1011 1744 1103 1805 porro
1120 1725 1218 1788 omnic
1232 1744 1287 1805 per

63 1826 162 1887 tntum
183 1827 260 1887 lacta
283 1837 352 1888 sunt
373 1834 403 1887 et
424 1826 455 1887 in
476 1845 512 1887 eo
534 1827 713 1899 consistunt,
737 1827 762 1887 is
786 1826 836 1905 qui
857 1827 913 1889 rite
936 1837 1064 1890 croatam
1079 1836 1213 1890 naturam
1228 1846 1285 1890 vo-

62 1928 144 1989 luerit
165 1927 372 2007 contemplari,
395 1927 521 1989 Verbum
537 1946 666 2007 quoqne,
689 1947 704 1988 a
728 1946 786 2006 quo
810 1937 857 1989 est
877 1928 1006 2001 condita,
1028 1929 1195 1992 necessarie
1210 1949 1285 1994 con·

62 2029 258 2109 templalium,
281 2047 316 2090 ac
335 2029 453 2091 Patrem
474 2048 528 2108 per
550 2029 644 2108 ipsam
667 2028 830 2108 intelligere
851 2031 995 2109 incipiet..
1026 2031 1114 2103 Quod
1130 2032 1156 2091 si
1176 2050 1285 2095 secun·

61 2132 125 2193 dnm
148 2131 333 2192 Salvatorem
356 2129 448 2192 Nemo
470 2134 555 2193 novit
577 2129 699 2192 Putrem
721 2134 784 2191 nisi
805 2130 899 2193 Filius
922 2142 949 2193 et
973 2137 1023 2194 eut·
1042 2132 1174 2194 coluerit
1189 2132 1286 2196 l't'lr'ee

63 2233 204 2302 revelare,
228 2237 253 2292 si
276 2231 347 2292 item
368 2231 504 2311 Philippo
527 2231 654 2293 dicenti:
677 2234 799 2295 ostende
820 2233 906 2295 nodis
922 2233 1054 2306 Patrem,
1077 2253 1137 2296 non
1156 2253 1285 2315 respon-

27 2390 31 2397 .
61 2334 113 2395 dit:
136 2335 481 2405 innumerosorum,
504 2333 575 2394 sed:
605 2338 658 2413 peti
678 2334 752 2395 vidit
773 2353 833 2403 me,
857 2335 932 2395 vidit
954 2334 1095 2409 Potrem3
1129 2336 1288 2399 admodum

60 2437 271 2497 convenienter
292 2434 401 2496 Paulus
425 2435 556 2496 Gentiles
577 2435 751 2514 increpans,
781 2435 860 2513 quod
889 2444 1064 2504 concentum
1092 2447 1122 2498 et
1151 2438 1287 2500 ordinem

59 2557 156 2598 rerum
179 2547 344 2598 creatarum
367 2537 600 2616 contemplantes
630 2536 702 2597 nihil
731 2536 767 2598 de
790 2536 886 2597 Verbo
916 2556 1017 2598 earum
1045 2538 1150 2616 opifice
1173 2541 1286 2617 cogitu-

60 2648 122 2699 rent
143 2643 286 2716 (nemque
308 2656 356 2699 res
378 2647 493 2698 creatae
515 2657 603 2699 suum
625 2637 755 2699 indicant
777 2639 928 2718 opificem,
958 2647 990 2699 ut
1017 2658 1072 2719 per
1094 2639 1174 2718 ipses
1198 2639 1287 2702 etiem

59 2759 160 2801 rernm
180 2739 276 2801 Deum
298 2747 494 2818 agnoscerent
514 2739 758 2818 abstinerentque
773 2758 789 2799 ιι
805 2758 904 2800 rerum
927 2749 1091 2800 creatarum
1107 2740 1208 2814 cultu),
1231 2740 1285 2801 ad-

59 2844 181 2903 modum
203 2842 323 2920 inquam
346 2841 557 2902 convenienter
579 2840 667 2903 dixit:
696 2847 879 2921 sempiterne
907 2859 1022 2921 quoqne
1048 2846 1112 2903 eius
1135 2845 1236 2904 virtus
1259 2850 1288 2905 et

57 2946 220 3013 diuinitas,
254 2951 287 3002 ut
317 2943 364 3003 his
385 2943 491 3004 Filium
521 2943 708 3021 significaret.
757 2942 852 3002 Porro
877 2961 943 3003 cum
966 2943 1048 3003 aiunt
1077 2941 1192 3003 Sancti:
1226 2942 1289 3016 Qut

56 3049 160 3107 ecistr't
184 3055 255 3105 ante
271 3044 402 3115 saecula,
426 3054 455 3105 et
465 3064 525 3125 per
540 3065 625 3124 quem
638 3045 710 3123 [ecit
725 3043 856 3115 soeculo,
880 3062 941 3104 non
956 3044 1054 3105 minus
1066 3043 1173 3105 Filium
1187 3052 1286 3106 neter-

55 3166 126 3207 nnm
151 3145 427 3225 sempiternumque
448 3147 633 3225 praedicant,
663 3164 790 3224 eumque
821 3145 876 3206 hac
897 3145 1012 3207 ratione
1034 3146 1126 3207 [lcum
1149 3164 1218 3207 esse
1241 3145 1285 3206 si-

55 3250 205 3328 gnificant.
249 3246 324 3308 Nam
345 3247 438 3308 lsslns
461 3247 547 3308 dicit:
575 3247 657 3309 Deus
681 3252 898 3326 sempiternus,
929 3252 981 3328 peti
1001 3251 1117 3309 creavit
1139 3251 1285 3309 terminos

55 3361 169 3411 terroe.
214 3348 350 3411 Susanna
373 3367 490 3427 qnoque
512 3349 622 3410 siebat:
645 3349 728 3411 Deus
752 3353 942 3428 sempiterne.
985 3347 1100 3409 Beruch
1115 3348 1186 3408 item
1208 3346 1285 3409 scri-

53 3450 129 3528 psit:
163 3450 303 3512 Clomodo
325 3451 365 3512 od
384 3450 483 3512 Betim
504 3455 721 3529 cenrptternum
741 3455 773 3511 in
796 3451 897 3512 diebus
919 3453 1008 3518 met'r,
1040 3459 1070 3510 et
1091 3448 1178 3527 paulo
1199 3455 1284 3528 post:

53 3551 115 3630 llpo
139 3555 220 3612 enim
234 3554 359 3631 speravi
372 3555 404 3611 itt
419 3555 644 3630 sempiternum,
668 3551 796 3613 salutem
811 3563 954 3620 oestrum,
977 3561 1006 3612 et
1027 3553 1109 3611 venit
1123 3550 1198 3612 milti
1209 3568 1286 3628 putt-

54 3654 138 3713 dr‘um
161 3672 180 3712 o
202 3650 323 3714 Sancto.
369 3650 442 3712 Cum
463 3661 562 3714 antem
583 3652 744 3731 Apostolus
766 3651 802 3713 sd
816 3651 970 3713 llebreeos
991 3651 1115 3712 scribat:
1141 3651 1205 3724 Qor‘
1220 3670 1286 3715 cunt

91 3888 114 3934 g.
135 3872 278 3934 Segnerirn.
291 3864 456 3920 διανοεῖσθε.
731 3871 751 3918 t.
772 3871 812 3919 Sic
829 3871 928 3931 chuer.
944 3870 1039 3921 Gobler.
1060 3871 1164 3919 Fetetm.
1180 3871 1201 3918 1.
1221 3872 1284 3920 etin

697 3946 761 3988 texto
774 3938 960 3988 Graecolestae.
987 3938 1048 3987 liditi
1068 3930 1081 3984 ὃ
1101 3931 1166 3990 θεὸς
1184 3931 1198 3984 ὁ
1218 3930 1284 3986 aiei-

697 4018 762 4057 νιος.
800 4004 851 4054 ldox
870 4006 925 4066 lteg.
944 4014 968 4054 et
985 4006 1091 4054 Felclrn.
1107 3997 1283 4056 1.Σωσάννιι.

731 4073 748 4122 l.
768 4073 809 4122 Sic
826 4072 925 4133 Segner.
951 4080 974 4121 ct
998 4082 1075 4122 textus
1093 4075 1199 4123 Graecus
1217 4074 1285 4123 Scri·

698 4149 791 4205 ptnrse.
828 4141 889 4189 Editi
908 4133 977 4203 πρὸς
1001 4135 1049 4187 τὸν
1066 4134 1135 4188 θῶν
1153 4133 1202 4187 τὸν
1219 4131 1284 4187 atel-

696 4221 766 4257 νιον.
802 4208 853 4256 ldox
873 4208 971 4268 Segner.
989 4201 1035 4254 καὶ
1051 4198 1114 4272 μετ’
1136 4198 1215 4268 ὀλίγα
1229 4220 1284 4272 φη-

698 4270 752 4323 σίν.
788 4275 847 4325 thid.
867 4275 965 4338 Seguer.
984 4276 1083 4328 Gobler.
1103 4275 1206 4322 Felcltm.
1220 4273 1242 4322 l.
1260 4284 1285 4324 et

88 3974 113 4022 lu.
132 3972 174 4020 Sic
192 3972 333 4034 Seguerirn.
352 3981 376 4021 et
394 3972 459 4034 lien,
479 3978 505 4019 nt
523 3979 547 4020 et
561 3971 646 4021 Omni-

55 4041 135 4089 bonus
147 4039 214 4102 tegit.
224 4040 330 4088 Felekm.
343 4039 367 4088 5.
385 4029 424 4085 de’
445 4028 539 4094 cdto'r,
561 4055 645 4103 qnem-

54 4107 186 4157 tdmodnm
214 4107 308 4156 videtur
338 4106 426 4168 legisse
455 4107 578 4164 nannius,
606 4108 645 4170 qui

55 4178 125 4226 uertit
144 4183 168 4223 ut
183 4191 225 4239 per
252 4190 398 4224 cumrerum
416 4175 488 4223 Deum
506 4176 645 4235 intellipont.

55 4244 106 4292 llox
126 4245 225 4305 Segner.
259 4234 379 4301 νοῆσητε
396 4234 443 4288 καὶ
456 4235 608 4301 παύσησθε.

88 4347 105 4394 i.
123 4345 164 4393 Sic
187 4345 331 4408 Seguerien.
357 4343 446 4405 liegint
471 4343 545 4393 Besil.
565 4343 645 4404 dupli·
698 4345 805 4395 Grrecns
823 4344 962 4405 Scriptuttc
981 4351 1057 4392 textus
1074 4335 1119 4390 ἐπὶ
1132 4338 1170 4404 τῷ
1181 4332 1284 4406 αἰωνίῳ

56 4427 109 4492 cerr.
127 4413 265 4463 Goblerisn.
285 4421 309 4463 et
328 4410 467 4462 Felcltmsn.
485 4411 508 4460 l.
543 4412 571 4461 tt
590 4412 645 4461 editi
698 4403 749 4490 eri-r
766 4406 907 4491 quenulae
929 4401 1017 4489 e‘ptuir²
1051 4409 1113 4488 §diti
1140 4416 1164 4458 et
1182 4409 1222 4458 elit
1240 4401 1285 4463 tut

55 4480 162 4539 decent.
699 4492 737 4544 rep
756 4492 861 4543 nemrrrp
879 4490 986 4544 σωτηρι
1003 4491 1089 4542 apter.
