2948 5092
463 269 890 341 numerumnunerum.
1226 282 1289 347 219

63 446 184 510 dmum
206 462 272 509 non
293 455 341 509 est
361 445 399 509 ab
420 444 538 509 illorum
559 446 688 509 haeresi.
731 446 804 508 Cum
826 445 904 508 enim
927 447 1021 509 lieurn
1043 468 1060 511 e
1081 448 1174 510 nihilo
1198 440 1377 512 exer-'ramae'

64 559 117 611 tom
138 558 170 610 et
191 547 301 610 Filium
322 554 454 611 creatum
476 547 538 611 sibi
556 547 710 622 finxerint,
739 566 800 609 non
827 548 976 611 immerito
1005 550 1177 613 huiusmodi
1199 569 1288 613 usur·

64 669 164 731 parere
186 670 290 725 voces,
312 649 499 731 quaerebas
521 650 629 712 creatis
650 648 853 713 conveniant‘
874 650 1121 732 Quandoquidem
1144 671 1216 714 veru
1232 651 1290 734 ipsi

64 755 88 814 in
108 751 383 833 disputationibus,
411 770 484 832 quas
511 770 579 815 cum
599 751 749 816 Ecclesiae
772 751 842 815 siris
865 750 992 827 babent,
1022 773 1134 835 eosque
1162 773 1230 817 oum
1252 755 1290 817 de
1382 734 1393 755 ⁹

64 873 125 916 iero
149 863 182 916 et
204 854 272 916 solo
293 854 391 917 Patris
412 853 509 918 Verbo
532 853 715 916 disserentes
737 854 874 928 audiunt,
904 854 982 920 talia,
999 874 1061 917 non
1093 867 1231 919 verentur
1253 856 1290 918 de
1408 912 1413 921 ,

63 956 216 1037 conloqui,
244 956 316 1037 quid
343 974 455 1036 quaeso
482 955 533 1018 illa
554 956 689 1018 doctrina
706 956 862 1036 impurius
885 955 978 1018 videri
1000 957 1119 1037 possiti
1163 959 1239 1033 Quis
1262 958 1288 1021 si

62 1057 122 1119 illos
144 1057 194 1120 rel
218 1066 332 1119 tanturn
354 1056 499 1131 audierit,
528 1056 645 1119 etiamsi
666 1058 869 1120 contradicere
890 1076 951 1119 non
973 1058 1082 1133 valeat,
1105 1078 1166 1121 non
1189 1060 1289 1122 statim

60 1159 251 1240 perturbetur
271 1152 419 1238 auresque
441 1144 510 1220 nonx
525 1158 677 1233 obstruat,
707 1158 793 1221 noris
820 1158 868 1221 bis
890 1159 997 1222 merito
1020 1163 1176 1242 perculsus
1199 1152 1288 1224 voca-

59 1259 149 1333 bulis,
171 1279 252 1341 quae
273 1270 305 1323 ct
324 1261 366 1323 illi
388 1268 534 1342 usurpant
555 1272 585 1325 et
606 1262 672 1342 ipse
693 1262 788 1336 audit,
811 1280 944 1342 quaeque
965 1262 1030 1342 ipsa
1053 1282 1089 1325 er
1111 1282 1145 1324 se
1167 1264 1212 1325 vel
1234 1281 1288 1324 su-

58 1363 114 1425 lum
135 1363 255 1443 prolata
278 1370 409 1444 apertam
431 1363 603 1443 praeierunt
624 1363 864 1445 blasphemiam?
907 1363 980 1425 Nam
1004 1366 1030 1426 si
1052 1364 1180 1426 Verbum
1214 1363 1289 1426 verti

58 1474 84 1526 et
103 1465 217 1526 mutari
240 1472 352 1551 potest,
373 1464 422 1527 ubi
445 1483 557 1545 quaeso
581 1464 687 1540 stabit,
709 1465 842 1546 qualisve
865 1466 930 1527 eins
952 1465 1127 1528 inerementi
1148 1466 1216 1528 linis
1238 1468 1287 1528 lu·

57 1576 139 1629 tirus
175 1564 249 1629 esti
282 1567 328 1629 rel
356 1568 507 1647 quomodo
536 1566 685 1630 mutabilis
714 1567 888 1630 immutabili
917 1567 1027 1647 poterit
1054 1587 1124 1631 esse
1156 1566 1289 1631 similist

58 1668 220 1741 Quomodo
241 1669 312 1730 item
335 1669 385 1749 qui
407 1669 577 1731 mutabilem
600 1669 715 1744 viderit,
738 1669 949 1731 immutabilem
972 1670 1138 1732 sevidisse
1160 1670 1288 1733 arbitra·

56 1769 160 1833 bium?
189 1771 226 1833 lu
240 1789 371 1852 quonam
392 1780 490 1834 autem
512 1771 577 1833 eius
599 1779 677 1834 statu
699 1772 810 1851 poterit
830 1772 861 1833 in
885 1771 934 1851 illo
951 1771 1042 1834 videri
1059 1771 1169 1835 Pater?
1203 1772 1289 1835 Certe

59 1872 164 1954 liquet,
195 1874 279 1954 qnod
305 1892 393 1936 nemo
423 1891 543 1953 semper
570 1874 602 1935 in
630 1873 680 1935 illo
704 1873 821 1936 Patrem
844 1873 1046 1947 asteismus,
1074 1893 1140 1936 euna
1170 1892 1290 1954 semper

59 1983 190 2037 mutetur
217 1973 310 2037 Filius
336 1974 544 2056 mutabilisque
572 1975 613 2037 sit
640 1983 771 2038 naturae.
821 1976 953 2056 Namque
981 1976 1069 2039 Pater
1097 1976 1288 2038 immutabilis

60 2086 105 2137 est
124 2077 287 2156 omnisque
310 2097 416 2158 expers
439 2077 657 2153 conversionis,
681 2095 857 2158 semperque
873 2087 902 2140 et
918 2077 995 2139 idem
1019 2087 1048 2140 et
1070 2078 1176 2140 eodem
1197 2077 1288 2140 modo

35 2164 39 2171 ⁸
62 2187 111 2239 est.
158 2178 222 2240 Sed
243 2179 271 2241 si
290 2179 402 2253 Filius,
423 2188 457 2242 ut
478 2180 626 2253 sentinat,
660 2188 707 2242 est
727 2178 876 2242 mutabilis
898 2199 953 2241 neo
976 2199 1095 2260 semper
1116 2174 1211 2255 idem,
1235 2173 1373 2245 sedasse.

62 2282 121 2342 eins
143 2289 285 2360 naturae,
307 2300 382 2361 qnae
404 2300 524 2361 semper
544 2291 690 2355 mutetur;
712 2285 763 2361 qul
785 2282 849 2343 lieri
872 2289 983 2361 potest,
1007 2292 1040 2343 ut
1061 2281 1109 2343 ille
1132 2282 1171 2343 sit
1191 2283 1288 2363 imago

61 2380 170 2456 Patris,
187 2383 253 2462 ›qui
281 2382 409 2467 similem
438 2402 499 2445 nou
526 2383 632 2445 lrabeat
660 2381 951 2445 immutabilitatem?
994 2383 1056 2445 lmo
1085 2385 1236 2464 quomodo
1258 2384 1290 2448 in

64 2483 144 2546 Patre
165 2503 237 2546 esse
266 2484 388 2547 omnino
415 2486 530 2565 possit,
564 2485 613 2564 qni
643 2485 779 2565 ambigua
808 2493 854 2548 est
883 2476 1058 2547 voluntate?
1101 2486 1190 2547 Forte
1218 2505 1288 2547 vero
1350 2475 1353 2483 ’

65 2604 123 2647 urm
146 2587 187 2647 sit
208 2587 358 2648 mutabilis
381 2597 409 2648 et
431 2587 556 2666 singulis
578 2587 682 2649 diebus
711 2587 862 2667 proficiat,
893 2589 1042 2666 perlectus
1070 2588 1202 2648 nondum
1232 2596 1288 2649 est.

66 2687 116 2749 led
137 2687 235 2751 valeat
255 2697 315 2751 tana
337 2690 462 2751 insanus
484 2690 660 2751 Arianorunr
683 2708 783 2759 error.
813 2690 980 2770 fulgentque
1002 2673 1127 2761 veritas,
1156 2704 1232 2767 quae
1260 2696 1290 2750 et

67 2807 111 2851 eos
132 2790 273 2870 desipere
294 2792 390 2871 palam
413 2791 559 2853 ostendat.
605 2792 664 2863 Qul
692 2792 770 2852 enim
800 2791 863 2852 fieri
896 2799 995 2871 potest
1018 2799 1050 2852 nt
1071 2791 1119 2851 ille
1141 2792 1289 2870 perlectus

67 2892 199 2964 nonsit,
228 2892 279 2971 qui
307 2892 436 2971 aequalis
457 2893 520 2954 Deo
544 2891 615 2954 est?
657 2894 715 2954 llut
742 2893 892 2972 quomodo
921 2892 1111 2954 immutabilis
1140 2911 1200 2953 non
1232 2900 1288 2966 est,

69 2994 109 3070 qui
130 3012 223 3055 unum
246 3012 314 3054 cnm
334 2994 422 3055 Patre
451 2998 497 3056 es't
525 2996 647 3074 eiusque
676 3004 798 3057 naturae
827 2994 966 3074 proprius
990 3003 1036 3054 est
1056 2992 1171 3056 Filius?
1215 2994 1288 3056 Cum

71 3092 148 3172 igitur
168 3094 268 3157 Patris
291 3104 394 3157 natura
417 3096 457 3156 sit
478 3095 679 3170 immutabilis,
693 3116 772 3175 ,non
787 3096 907 3158 dubium
931 3106 987 3170 est,
1011 3096 1082 3175 quin
1099 3095 1290 3158 immutabilis

10 3242 14 3261 2
72 3213 177 3277 qnoque
200 3196 240 3259 sit
260 3196 402 3277 proprius
425 3198 474 3277 qui
497 3217 533 3260 ex
556 3216 589 3259 ea
613 3197 745 3261 exoritur
766 3200 853 3261 letus.
899 3198 982 3272 Quae
1004 3217 1070 3259 eum
1093 3199 1132 3259 ita
1154 3199 1229 3272 sint,
1263 3196 1289 3273 sl

73 3294 189 3361 lcrburn
210 3298 352 3362 mutabile
373 3318 440 3361 esse
462 3308 587 3379 pergant
606 3300 682 3362 laiso
706 3301 902 3374 contendere,
932 3300 1052 3362 videant
1079 3310 1220 3380 qnantum
1250 3298 1291 3360 sit

76 3395 261 3463 ineiusmodi
283 3419 423 3463 sermone
447 3400 636 3480 perieulum'
664 3401 796 3482 Namque
825 3421 860 3463 ex
887 3403 984 3464 lructn
1012 3402 1102 3463 arbor
1130 3401 1288 3481 cognosci-

12 3580 17 3611 r
78 3506 128 3565 tur:
152 3500 223 3567 binc
243 3502 294 3583 qui
316 3503 388 3565 vidit
409 3502 531 3578 Filium,
560 3503 635 3565 vidit
654 3504 789 3577 Patrem,
818 3514 848 3566 et
875 3504 939 3567 Filii
969 3503 1098 3584 eogrritio
1122 3502 1218 3566 Patris
1241 3510 1291 3565 est

13 3640 17 3661 .
80 3603 197 3680 aequitio.

145 3810 194 3872 36.
241 3807 432 3906 Quapropter
452 3807 643 3870 immutabilis
665 3807 718 3869 liei
742 3807 838 3887 imago
868 3805 1060 3869 immutabilis
1083 3800 1201 3887 quoque
1224 3808 1290 3887 ipsa

82 3903 109 3964 sit
125 3926 244 3971 neeesse
266 3918 322 3972 est.
366 3909 519 3989 Siquidem
548 3909 634 3973 leena
658 3910 798 3973 Christus
830 3909 898 3972 lteri
923 3900 954 3971 'et
983 3909 1068 3972 bodie
1095 3911 1171 3972 idem
1200 3919 1228 3973 et
1257 3914 1290 3972 in

13 4150 19 4163 ·
82 4140 117 4200 ‚e
133 4128 229 4191 Sequar.
249 4130 349 4183 Gobler.
367 4139 391 4181 et
408 4131 543 4182 lelclman.
566 4131 587 4180 l.
605 4124 651 4179 καὶ
702 4131 806 4181 Felelrm.
829 4134 850 4180 l.
869 4137 892 4180 et
910 4130 933 4179 5.
953 4121 977 4178 εἰ
994 4123 1024 4178 δὲ
1041 4121 1118 4178 τοῦθ’
1139 4121 1224 4181 uerae
1241 4125 1291 4176 rori

76 4203 107 4240 ou
122 4188 252 4252 scatroc.
701 4194 791 4263 λόγου.
829 4190 958 4261 liupaldi
977 4195 1026 4245 τοῦ
1044 4189 1120 4245 τοῦθ’
1142 4187 1229 4248 οὕτως
1247 4187 1290 4243 ὄν-

88 4263 268 4339 paemene.
295 4265 433 4318 Goblerien.
460 4274 483 4317 et
500 4266 606 4317 feletem.
627 4266 649 4316 l.
700 4281 755 4382 pope
779 4263 829 4315 τοῦ
846 4260 937 4331 λόγου.
972 4265 1034 4315 Editi
1053 4257 1077 4315 ri
1094 4259 1124 4315 dd
1143 4263 1192 4313 τοῦ
1210 4254 1291 4317 ὄντος

73 4343 170 4381 norw.
717 4349 791 4384 oon.
1272 4340 1277 4349 '

87 4343 230 4466 {Segosa
252 4401 443 4464 deposuerit.
463 4389 626 4468 dloudeqi.
731 4349 920 4463 {susque-
955 4402 1000 4451 lllii
1018 4416 1074 4451 aero
1093 4408 1116 4451 et
1134 4399 1191 4448 editi
1207 4387 1290 4464 ymni·
1374 4434 1377 4439 .

96 4469 116 4517 b.
133 4470 172 4520 Sic
188 4473 289 4535 Sequar.
326 4469 355 4519 dt
377 4469 450 4519 basil.
476 4478 500 4521 et
516 4471 607 4532 lnqlic.
627 4462 651 4519 el
703 4482 804 4528 σκεται,
822 4464 869 4520 καὶ
886 4463 933 4520 διὰ
949 4467 1030 4518 τοῦτο
1050 4460 1074 4517 ὅ.

66 4527 92 4584 dd
112 4536 158 4588 rori
180 4530 269 4594 tinore
287 4530 369 4601 dms
384 4530 475 4605 λόγου.
511 4537 650 4591 Goblerlaa.
