2948 5092
485 113 652 159 ousiam.
667 115 784 160 coum
797 116 922 162 munos
937 96 954 163 'x
1078 76 1081 83 ¹
1237 109 1300 174 ddi

65 263 249 329 moinum
267 265 301 327 iu
321 262 545 327 similitudinem
567 271 597 327 et
624 250 791 345 exemplum
820 285 1007 354 proponere,
1039 256 1239 337 ninimirum
1265 286 1388 338 exesso.

58 367 131 430 idio
154 374 256 429 motus
279 365 444 439 hominum,
467 365 576 445 quiex
598 366 747 428 voluntate
769 367 916 443 oriuntur,
939 370 1012 433 flant
1031 370 1190 448 manifesti,
1213 379 1302 454 atque

54 469 130 531 hnc
153 477 241 548 pacto
269 485 375 529 eurum
402 485 504 528 mores
533 466 578 527 vel
600 465 694 529 mdes
718 468 763 539 vei
784 468 882 530 bonos
905 489 974 548 esse
997 472 1181 536 ostendatur.
1224 474 1305 539 Hinc

51 570 171 633 malos
194 588 297 632 mures
319 568 496 649 perstringit
516 586 584 630 cum
613 568 669 630 ait:
706 568 808 631 Nolite
836 570 910 650 fieri
928 576 1009 637 sicut
1030 592 1122 655 egeas
1144 585 1174 638 et
1194 576 1297 642 mltis

47 673 185 755 quidus
208 690 271 735 soe
293 681 337 733 est
363 670 550 741 intellectus,
579 669 625 731 rel
652 688 718 731 cnm
748 689 817 744 ecs,
846 671 896 751 qui
925 674 998 737 tales
1021 674 1080 738 iam
1101 684 1172 739 sunt
1192 677 1301 754 effecti.

47 774 119 836 luis
146 772 285 852 obiurgat
305 771 425 834 verbis:
447 771 545 835 Homo
569 790 635 833 eum
655 774 689 834 in
704 771 820 834 donare
842 786 928 845 esset,
951 793 1016 837 nun
1037 777 1196 849 iratetteecit.
1221 797 1303 843 coss-

39 886 207 957 porotus
234 884 280 936 est
310 893 377 936 com
404 877 546 936 iumentis
574 872 728 936 intellectu
756 875 907 937 destitutis
936 888 965 940 et
991 878 1099 941 similis
1126 879 1229 959 [octus
1258 882 1305 945 'est

44 976 147 1046 illas,
170 983 203 1037 et
223 993 347 1036 rursus:
369 974 448 1055 Bpoi
467 974 583 1036 acures
603 975 683 1053 socii
701 986 782 1037 sunt.
821 974 955 1038 Salvator
976 996 1095 1058 qucqm
1109 978 1205 1059 qualis
1219 987 1305 1043 esset

40 1076 213 1138 lies-odes
235 1075 318 1138 hisce
340 1075 439 1137 verbis
461 1075 613 1137 indicavit:
636 1075 735 1140 Dicite
757 1076 845 1156 culpi
862 1077 921 1149 itti.
965 1078 1045 1142 Haec
1064 1081 1135 1145 item
1157 1081 1193 1144 ad
1209 1081 1303 1145 disci·
1337 1064 1340 1070 ⁸

41 1178 163 1259 pulos
192 1177 305 1239 aiebat:
339 1177 413 1240 Eece
441 1181 528 1241 mitto
556 1196 610 1241 ors
632 1181 712 1240 sicut
734 1197 803 1241 oues
827 1182 860 1240 io
881 1181 977 1243 medio
999 1181 1153 1264 depeream.
1198 1178 1304 1248 dstote
1374 1212 1379 1219 ¹

43 1297 146 1360 ergo
165 1279 336 1359 prudentes
358 1282 437 1340 sicot
458 1289 630 1358 serpentes,
659 1289 688 1341 et
714 1280 865 1360 simplices
888 1284 967 1344 sicot
993 1282 1163 1359 columbum
1195 1282 1303 1364 quibus

45 1382 178 1460 utique
200 1378 298 1441 verbis
321 1397 383 1440 nou
405 1398 461 1441 nos
483 1379 674 1453 hortabatur,
697 1389 730 1441 ut
750 1399 875 1460 pecora,
904 1391 1059 1462 serpentes
1080 1385 1128 1447 val
1149 1385 1304 1457 comae

45 1492 180 1544 matura
208 1480 409 1554 efficeremur,
443 1499 511 1542 cum
540 1481 607 1561 ipse
636 1498 693 1543 nos
719 1482 793 1543 tales
821 1501 883 1544 non
911 1484 1030 1559 iecerit,
1063 1504 1098 1547 ac
1123 1485 1250 1565 proinde
1271 1484 1303 1549 id

48 1592 181 1645 matura
207 1582 274 1643 fieri
301 1600 363 1643 non
392 1591 496 1662 queat3
528 1582 582 1644 sed
612 1591 645 1643 ut
665 1582 780 1645 ferinus
803 1583 921 1646 illorum
943 1585 1139 1650 devitaremus
1161 1587 1302 1668 impetus,

52 1693 103 1746 et
125 1683 246 1764 cognitu
267 1683 416 1763 serpentis
436 1682 594 1763 prudentia
615 1702 672 1757 nos
694 1683 731 1745 ab
753 1686 819 1763 ipso
841 1703 902 1747 non
931 1687 1099 1749 sineremus
1127 1688 1249 1768 decipi„
1267 1705 1305 1753 au

53 1786 205 1866 denique
226 1795 261 1847 ut
282 1784 435 1847 columbae
457 1785 715 1873 mansuetudinem
737 1786 991 1865 amplecteremur.

163 1990 215 2052 ta.
258 1986 302 2048 Ex
323 1986 414 2052 rebus
437 1987 574 2049 similiter
595 1986 704 2049 divinis
727 1989 860 2069 exempla
882 1990 1053 2053 hominibus
1074 1991 1217 2071 proponit
1233 1988 1302 2053 Sal-

60 2096 169 2151 vatcr.
202 2087 317 2165 Estote,
339 2089 443 2169 inquit,
465 2091 685 2163 misericordes,
708 2095 785 2154 sicut
800 2091 893 2156 Pater
915 2103 1016 2155 uester
1032 2093 1167 2155 credatis
1181 2093 1304 2154 miseri-

62 2209 145 2255 cors
168 2199 225 2263 est,
248 2198 294 2252 ct:
315 2187 410 2253 Eritis
433 2209 487 2252 cos
506 2191 647 2272 perfecti,
669 2194 749 2254 sicut
766 2205 858 2272 puter
873 2205 974 2258 cester
989 2192 1125 2256 coelestis
1144 2194 1304 2275 perfectus

68 2303 130 2354 est.
175 2291 256 2353 Haec
289 2300 386 2353 autem
415 2290 546 2364 dicebat,
579 2309 640 2352 non
671 2300 703 2353 ut
731 2310 788 2352 nos
812 2292 884 2354 tales
907 2294 1107 2368 efficeremur,
1139 2293 1233 2373 qualis
1255 2301 1306 2355 est

66 2391 179 2469 Petam
212 2410 280 2455 nam
310 2392 339 2454 id
368 2393 432 2454 fieri
459 2391 576 2471 nequit,
607 2411 672 2473 cum
702 2401 732 2453 et
760 2394 849 2455 creati
878 2404 908 2456 et
935 2412 970 2456 ex
992 2394 1085 2456 nihilo
1107 2393 1175 2456 iacti
1197 2393 1303 2457 simus.

71 2493 186 2557 ierint
213 2493 460 2572 quemadmodum
490 2512 556 2555 cum
584 2493 643 2554 ait:
679 2492 781 2556 Nolite
807 2495 983 2574 fierisicat
1010 2515 1121 2577 equus,
1154 2513 1216 2556 non
1246 2512 1304 2559 nus
1369 2492 1373 2498 ’

72 2614 180 2657 carere
202 2594 301 2668 iussit,
325 2614 363 2656 ne
384 2596 514 2656 iumenta
537 2595 740 2668 efficeremur,
763 2595 816 2656 sed
839 2614 876 2657 ne
898 2615 1001 2658 eurum
1023 2596 1208 2658 imitaremur
1229 2594 1304 2659 teri-

75 2707 182 2771 tatem3
210 2697 252 2758 ita
281 2714 342 2757 non
365 2705 398 2757 ut
417 2695 471 2757 Dei
494 2695 607 2757 similes
629 2695 814 2757 efficeremur
841 2695 930 2757 dixit:
964 2696 1066 2761 Estote
1092 2694 1304 2759 misericordes

75 2804 155 2887 sisset
183 2797 293 2869 Peter,
326 2796 378 2858 sed
407 2805 441 2859 ut
468 2796 504 2857 ad
533 2795 599 2856 eius
620 2794 763 2857 beneficia
785 2796 971 2858 attendentes
993 2816 1068 2876 quae
1090 2797 1205 2876 agimus
1226 2795 1306 2857 bona

75 2886 137 2961 don
157 2907 283 2979 propter
304 2897 442 2959 homines
463 2897 517 2958 sed
543 2905 667 2977 propter
695 2896 794 2977 ipsum
826 2915 965 2976 agamus,
998 2906 1087 2976 atqua
1115 2898 1156 2959 ita
1176 2896 1214 2958 ab
1234 2886 1389 2977 iprenses.
1442 2914 1444 2918 ⁴

75 3020 136 3062 non
165 3000 203 3061 ab
231 2998 402 3062 homiuibus
435 2998 603 3060 mercedem
635 3016 862 3083 consequamur.
906 2998 945 3061 Ut
971 2999 1051 3061 eninr
1080 2998 1198 3061 tametsi
1225 3015 1305 3061 unus

75 3103 141 3182 ipse
163 3109 214 3162 est
233 3110 339 3162 natura
359 3100 450 3162 Filius
472 3118 560 3161 verus
583 3109 613 3161 et
634 3098 815 3180 unigenitus,
837 3118 895 3161 nos
917 3110 1015 3162 tamen
1037 3099 1089 3161 uui
1104 3117 1222 3179 quoque
1238 3097 1332 3160 effi·-

76 3205 184 3276 umor,
205 3220 270 3273 non
291 3210 324 3264 ut
345 3201 393 3263 ilie
416 3201 534 3280 quidem
557 3219 591 3262 ra
613 3209 783 3275 cinctura,
807 3200 860 3263 sed
883 3201 1016 3264 vocantis
1039 3201 1181 3263 duntaxat
1200 3197 1305 3279 gratid,

76 3294 203 3368 utitem
225 3304 358 3383 quamuis
379 3303 518 3364 homiues
541 3302 651 3364 terreni
681 3303 794 3377 simus,
829 3302 869 3364 dii
897 3301 1090 3365 nihilominus
1112 3301 1304 3382 appellamur,

75 3424 138 3468 nun
160 3404 281 3485 quidem
303 3405 380 3467 sicut
400 3423 490 3466 verus
511 3404 591 3466 Deus
614 3404 738 3484 eiusque
760 3405 899 3479 Verbum,
922 3405 975 3466 sed
998 3413 1031 3466 ut
1044 3403 1108 3465 lieo
1129 3402 1161 3465 id
1182 3402 1306 3477 donanti

74 3585 167 3656 πατὴρ
201 3582 280 3655 ὑμῶν
307 3582 321 3638 ὁ
350 3581 478 3655 οὐράνιος
505 3583 663 3668 οἰκτίρμων.
717 3591 773 3650 fleg.
787 3590 808 3637 i.
823 3598 846 3638 et
864 3589 963 3650 Seguer.
981 3580 1128 3652 γενόμεθα
1146 3580 1183 3641 nic
1201 3579 1215 3635 d
1233 3577 1306 3640 dede.

76 3660 176 3709 Gobier.
195 3667 219 3707 et
238 3659 342 3707 Feiclsm.
362 3659 384 3708 l.
404 3659 492 3708 ibidem
517 3649 667 3724 oisteppeow
716 3657 761 3706 atii
779 3664 804 3704 et
822 3655 880 3705 editi
897 3646 1041 3719 γινόμεθα
1058 3647 1096 3709 oie
1113 3648 1127 3703 ὃ
1145 3646 1219 3708 dso'c.

72 3721 153 3775 ἐστιν
169 3719 243 3789 ἔλεγε
260 3719 289 3775 δὲ
304 3723 385 3773 codro
398 3726 497 3774 omissis
507 3725 665 3775 intermediis.
751 3737 773 3784 g.
792 3722 848 3784 [teg.
869 3723 889 3771 1.
909 3724 1008 3783 Segusr.
1024 3722 1121 3773 Gobier.
1132 3731 1156 3771 et
1166 3722 1271 3771 Feicim.
1283 3721 1306 3770 i.

74 3795 153 3874 iidem
163 3794 261 3872 jbidem
285 3801 309 3869 e}
331 3801 432 3857 uterque
449 3793 506 3855 tieg.
524 3801 549 3842 et
565 3793 665 3870 S'eguar.
717 3781 751 3838 δι’
768 3780 853 3838 αὑτὸν
869 3782 979 3867 desisse.
1013 3790 1041 3840 in
1059 3789 1113 3840 ediis
1126 3796 1151 3867 et
1159 3789 1230 3838 editis
1239 3788 1309 3837 doen

72 3876 129 3978 wi.
153 3874 211 3978 liza
234 3858 665 3989 popmspauuppnffiopptpb.
715 3851 846 3990 {uosztriidg
864 3854 1308 3985 purssopppperdorpppvffim
1371 3897 1376 3912 ’

70 3984 155 4045 εἶναι.
188 3944 267 4044 iidem
285 3995 343 4044 inid.
361 4004 386 4045 et
403 3994 501 4045 Gohler.
521 4003 545 4044 st
562 3995 668 4044 Feickm.
721 3987 801 4047 ὄντος
815 3983 887 4069 picei.
919 3991 965 4042 stit
977 3999 1001 4042 et
1014 3992 1072 4041 editi
1083 3983 1163 4042 ὄντος
1175 3978 1309 4067 rod‘rded.

75 4065 99 4114 1.
120 4052 176 4109 ἀλλ’
196 4052 229 4109 ἵν’
249 4052 346 4128 ὥςπερ.
371 4060 417 4111 stit
433 4069 458 4111 et
472 4061 529 4112 editi
547 4051 600 4109 ἀλλ’
621 4051 669 4114 ὥς·
720 4060 855 4110 deraditis
866 4058 983 4110 Comei.
1001 4053 1146 4124 resipere
1161 4053 1308 4120 menpisic-

69 4143 139 4196 περ.
173 4129 227 4179 lox
250 4132 352 4190 segnes.
369 4137 393 4178 et
410 4129 468 4190 neg.
487 4128 511 4178 2.
534 4120 573 4194 μὴ
597 4123 669 4193 pies·
720 4128 777 4178 iles.
795 4141 851 4176 sero
868 4120 1006 4192 γινόμεθα
1023 4134 1069 4176 ete.
1335 4127 1337 4131 ’

71 4198 155 4247 σθαι.
183 4196 250 4246 ibid..
261 4197 319 4258 fleg.
329 4195 352 4245 2.
371 4196 468 4247 dobin.
487 4205 511 4244 et
529 4197 634 4246 Fetcim.
646 4196 669 4246 1.
753 4196 778 4244 h.
795 4195 838 4244 Sic
855 4203 956 4259 uterque
973 4193 1071 4254 Regius,
1089 4192 1189 4253 snoer.
1208 4187 1308 4266 Gobiq.
1393 4241 1400 4252 ,

69 4258 124 4315 ἵνα
145 4257 186 4329 μὴ
213 4255 253 4313 τό.
294 4263 384 4325 Anglic.
408 4253 462 4310 ἀλλ’
488 4255 533 4310 ἵνα
558 4256 597 4328 μὴ
625 4258 666 4311 τό.
720 4271 744 4312 et
766 4261 871 4312 Felsina.
892 4262 914 4312 1.
954 4261 982 4310 ln
1006 4259 1062 4310 aliis
1086 4267 1166 4308 autem
1189 4265 1214 4308 et
1236 4255 1311 4308 editas

68 4333 159 4385 Ceteri
177 4340 202 4381 et
218 4332 276 4382 editi
294 4321 340 4380 irs
356 4325 387 4380 di
402 4322 440 4395 peri
460 4323 500 4378 rai·
525 4332 670 4395 Pauiupost
719 4331 788 4381 deest
804 4321 877 4382 datis.
1302 4368 1305 4375 .
