<?xml version="1.0" encoding="UTF-8"?>
<!DOCTYPE html PUBLIC "-//W3C//DTD XHTML 1.0 Transitional//EN"
    "http://www.w3.org/TR/xhtml1/DTD/xhtml1-transitional.dtd">
<html xmlns="http://www.w3.org/1999/xhtml" xml:lang="en" lang="en">
 <head>
  <title>
</title>
<meta http-equiv="Content-Type" content="text/html;charset=utf-8" />
  <meta name='ocr-system' content='tesseract 3.04.00' />
  <meta name='ocr-capabilities' content='ocr_page ocr_carea ocr_par ocr_line ocrx_word'/>
</head>
<body>
  <div class='ocr_page' id='page_1' title='image "./sanctiathanasii02athagoog_0861.png"; bbox 0 0 2948 5092; ppageno 0'>
   <div class='ocr_carea' id='block_1_1' title="bbox 460 259 1284 320">
    <p class='ocr_par' dir='ltr' id='par_1_1' title="bbox 460 259 1284 320">
     <span class='ocr_line' id='line_1_1' title="bbox 460 259 1284 320; baseline 0.012 -12"><span class='ocrx_word' id='word_1_1' title='bbox 460 265 605 309; x_wconf 76' lang='lat' dir='ltr'>mussona</span> <span class='ocrx_word' id='word_1_2' title='bbox 620 265 639 308; x_wconf 91' lang='lat'>1.</span> <span class='ocrx_word' id='word_1_3' title='bbox 656 267 692 308; x_wconf 83' lang='lat' dir='ltr'>eo</span> <span class='ocrx_word' id='word_1_4' title='bbox 711 266 905 310; x_wconf 69' lang='lat' dir='ltr'>suessionen.</span> <span class='ocrx_word' id='word_1_5' title='bbox 1226 259 1284 320; x_wconf 79' lang='lat'>741</span> 
     </span>
    </p>
   </div>
   <div class='ocr_carea' id='block_1_2' title="bbox 54 415 1389 3329">
    <p class='ocr_par' dir='ltr' id='par_1_2' title="bbox 54 415 1374 1210">
     <span class='ocr_line' id='line_1_2' title="bbox 57 415 1374 495; baseline 0.005 -13"><span class='ocrx_word' id='word_1_6' title='bbox 57 420 132 482; x_wconf 89' lang='lat' dir='ltr'>dem</span> <span class='ocrx_word' id='word_1_7' title='bbox 153 419 227 479; x_wconf 89' lang='lat' dir='ltr'>fides</span> <span class='ocrx_word' id='word_1_8' title='bbox 250 427 305 478; x_wconf 91' lang='lat' dir='ltr'>est.</span> <span class='ocrx_word' id='word_1_9' title='bbox 351 415 438 490; x_wconf 83' lang='lat' dir='ltr'>Quod</span> <span class='ocrx_word' id='word_1_10' title='bbox 461 416 486 477; x_wconf 93' lang='lat' dir='ltr'>si</span> <span class='ocrx_word' id='word_1_11' title='bbox 509 418 552 478; x_wconf 93' lang='lat' dir='ltr'>uti</span> <span class='ocrx_word' id='word_1_12' title='bbox 574 435 639 489; x_wconf 89' lang='lat' dir='ltr'>vos,</span> <span class='ocrx_word' id='word_1_13' title='bbox 663 416 792 495; x_wconf 84' lang='lat' dir='ltr'>Tropici,</span> <span class='ocrx_word' id='word_1_14' title='bbox 820 420 979 481; x_wconf 81' lang='lat' dir='ltr'>commenti</span> <span class='ocrx_word' id='word_1_15' title='bbox 1002 421 1085 493; x_wconf 90' lang='lat' dir='ltr'>estis,</span> <span class='ocrx_word' id='word_1_16' title='bbox 1108 439 1169 482; x_wconf 93' lang='lat' dir='ltr'>nou</span> <span class='ocrx_word' id='word_1_17' title='bbox 1191 423 1231 484; x_wconf 91' lang='lat' dir='ltr'>ita</span> <span class='ocrx_word' id='word_1_18' title='bbox 1254 443 1374 488; x_wconf 77' lang='lat' dir='ltr'>sensis</span> 
     </span>
     <span class='ocr_line' id='line_1_3' title="bbox 56 518 1288 599; baseline 0.005 -17"><span class='ocrx_word' id='word_1_19' title='bbox 56 540 113 583; x_wconf 87' lang='lat' dir='ltr'>res</span> <span class='ocrx_word' id='word_1_20' title='bbox 135 520 234 592; x_wconf 91' lang='lat' dir='ltr'>habet,</span> <span class='ocrx_word' id='word_1_21' title='bbox 259 519 321 592; x_wconf 90' lang='lat' dir='ltr'>sed,</span> <span class='ocrx_word' id='word_1_22' title='bbox 345 525 378 579; x_wconf 88' lang='lat' dir='ltr'>ut</span> <span class='ocrx_word' id='word_1_23' title='bbox 401 518 583 591; x_wconf 82' lang='lat' dir='ltr'>somniastis,</span> <span class='ocrx_word' id='word_1_24' title='bbox 608 518 736 599; x_wconf 90' lang='lat' dir='ltr'>Spiritus</span> <span class='ocrx_word' id='word_1_25' title='bbox 761 530 880 580; x_wconf 90' lang='lat' dir='ltr'>sanctus</span> <span class='ocrx_word' id='word_1_26' title='bbox 904 539 953 582; x_wconf 89' lang='lat' dir='ltr'>res</span> <span class='ocrx_word' id='word_1_27' title='bbox 976 530 1074 583; x_wconf 90' lang='lat' dir='ltr'>creata</span> <span class='ocrx_word' id='word_1_28' title='bbox 1096 542 1112 583; x_wconf 93' lang='lat' dir='ltr'>a</span> <span class='ocrx_word' id='word_1_29' title='bbox 1134 524 1218 586; x_wconf 85' lang='lat' dir='ltr'>vobis</span> <span class='ocrx_word' id='word_1_30' title='bbox 1241 525 1288 588; x_wconf 93' lang='lat' dir='ltr'>di-</span> 
     </span>
     <span class='ocr_line' id='line_1_4' title="bbox 54 620 1289 703; baseline 0.003 -18"><span class='ocrx_word' id='word_1_31' title='bbox 54 625 154 696; x_wconf 86' lang='lat' dir='ltr'>citur,</span> <span class='ocrx_word' id='word_1_32' title='bbox 183 623 241 683; x_wconf 92' lang='lat' dir='ltr'>iam</span> <span class='ocrx_word' id='word_1_33' title='bbox 264 640 324 681; x_wconf 92' lang='lat' dir='ltr'>nou</span> <span class='ocrx_word' id='word_1_34' title='bbox 346 638 404 681; x_wconf 93' lang='lat' dir='ltr'>una</span> <span class='ocrx_word' id='word_1_35' title='bbox 427 629 474 680; x_wconf 88' lang='lat' dir='ltr'>est</span> <span class='ocrx_word' id='word_1_36' title='bbox 495 620 568 680; x_wconf 91' lang='lat' dir='ltr'>tides</span> <span class='ocrx_word' id='word_1_37' title='bbox 592 628 706 694; x_wconf 83' lang='lat' dir='ltr'>vestra,</span> <span class='ocrx_word' id='word_1_38' title='bbox 737 640 798 681; x_wconf 94' lang='lat' dir='ltr'>non</span> <span class='ocrx_word' id='word_1_39' title='bbox 828 640 919 682; x_wconf 92' lang='lat' dir='ltr'>unum</span> <span class='ocrx_word' id='word_1_40' title='bbox 949 622 1112 701; x_wconf 87' lang='lat' dir='ltr'>Baptisma,</span> <span class='ocrx_word' id='word_1_41' title='bbox 1143 626 1196 687; x_wconf 91' lang='lat' dir='ltr'>sed</span> <span class='ocrx_word' id='word_1_42' title='bbox 1219 627 1289 703; x_wconf 94' lang='lat' dir='ltr'>duo,</span> 
     </span>
     <span class='ocr_line' id='line_1_5' title="bbox 56 712 1312 804; baseline 0.003 -17"><span class='ocrx_word' id='word_1_43' title='bbox 56 743 154 788; x_wconf 87' lang='lat' dir='ltr'>nuum</span> <span class='ocrx_word' id='word_1_44' title='bbox 178 712 291 784; x_wconf 78' lang='lat' dir='ltr'>s&#39;cilicet</span> <span class='ocrx_word' id='word_1_45' title='bbox 312 722 342 782; x_wconf 93' lang='lat' dir='ltr'>in</span> <span class='ocrx_word' id='word_1_46' title='bbox 364 722 481 782; x_wconf 87' lang='lat' dir='ltr'>Patrem</span> <span class='ocrx_word' id='word_1_47' title='bbox 505 730 534 781; x_wconf 92' lang='lat' dir='ltr'>et</span> <span class='ocrx_word' id='word_1_48' title='bbox 555 721 675 796; x_wconf 87' lang='lat' dir='ltr'>Filium,</span> <span class='ocrx_word' id='word_1_49' title='bbox 699 722 775 784; x_wconf 89' lang='lat' dir='ltr'>aliud</span> <span class='ocrx_word' id='word_1_50' title='bbox 800 722 829 783; x_wconf 92' lang='lat' dir='ltr'>iu</span> <span class='ocrx_word' id='word_1_51' title='bbox 851 724 1012 802; x_wconf 79' lang='lat' dir='ltr'><strong>Angelum,</strong></span> <span class='ocrx_word' id='word_1_52' title='bbox 1042 727 1092 804; x_wconf 94' lang='lat' dir='ltr'>qui</span> <span class='ocrx_word' id='word_1_53' title='bbox 1120 745 1170 788; x_wconf 91' lang='lat' dir='ltr'>res</span> <span class='ocrx_word' id='word_1_54' title='bbox 1194 737 1312 792; x_wconf 88' lang='lat' dir='ltr'>creata·</span> 
     </span>
     <span class='ocr_line' id='line_1_6' title="bbox 54 816 1291 905; baseline 0.004 -17"><span class='ocrx_word' id='word_1_55' title='bbox 54 836 127 898; x_wconf 88' lang='lat' dir='ltr'>est,</span> <span class='ocrx_word' id='word_1_56' title='bbox 149 825 282 904; x_wconf 83' lang='lat' dir='ltr'>nihilque</span> <span class='ocrx_word' id='word_1_57' title='bbox 302 824 361 884; x_wconf 92' lang='lat' dir='ltr'>iam</span> <span class='ocrx_word' id='word_1_58' title='bbox 383 823 468 884; x_wconf 78' lang='lat' dir='ltr'>robis</span> <span class='ocrx_word' id='word_1_59' title='bbox 491 823 624 896; x_wconf 87' lang='lat' dir='ltr'>firmum,</span> <span class='ocrx_word' id='word_1_60' title='bbox 647 816 721 884; x_wconf 90' lang='lat' dir='ltr'>nibil</span> <span class='ocrx_word' id='word_1_61' title='bbox 744 844 848 885; x_wconf 82' lang='lat' dir='ltr'>verum</span> <span class='ocrx_word' id='word_1_62' title='bbox 870 826 1060 905; x_wconf 79' lang='lat' dir='ltr'>superfuerit.</span> <span class='ocrx_word' id='word_1_63' title='bbox 1106 828 1188 900; x_wconf 84' lang='lat' dir='ltr'>Quae</span> <span class='ocrx_word' id='word_1_64' title='bbox 1211 832 1291 893; x_wconf 90' lang='lat' dir='ltr'>enim</span> 
     </span>
     <span class='ocr_line' id='line_1_7' title="bbox 56 925 1290 1007; baseline 0.003 -17"><span class='ocrx_word' id='word_1_65' title='bbox 56 927 232 990; x_wconf 90' lang='lat' dir='ltr'>communio</span> <span class='ocrx_word' id='word_1_66' title='bbox 260 927 339 987; x_wconf 87' lang='lat' dir='ltr'>inter</span> <span class='ocrx_word' id='word_1_67' title='bbox 367 944 430 986; x_wconf 91' lang='lat' dir='ltr'>rem</span> <span class='ocrx_word' id='word_1_68' title='bbox 458 926 561 986; x_wconf 86' lang='lat' dir='ltr'>laetam</span> <span class='ocrx_word' id='word_1_69' title='bbox 592 934 621 986; x_wconf 90' lang='lat' dir='ltr'>ot</span> <span class='ocrx_word' id='word_1_70' title='bbox 652 925 716 986; x_wconf 89' lang='lat' dir='ltr'>cius</span> <span class='ocrx_word' id='word_1_71' title='bbox 746 926 941 988; x_wconf 76' lang='lat' dir='ltr'>effectorem?</span> <span class='ocrx_word' id='word_1_72' title='bbox 984 928 1037 989; x_wconf 81' lang='lat' dir='ltr'>Vel</span> <span class='ocrx_word' id='word_1_73' title='bbox 1066 948 1140 1007; x_wconf 91' lang='lat' dir='ltr'>quae</span> <span class='ocrx_word' id='word_1_74' title='bbox 1162 932 1290 995; x_wconf 87' lang='lat' dir='ltr'>societas</span> 
     </span>
     <span class='ocr_line' id='line_1_8' title="bbox 57 1027 1291 1119; baseline 0.004 -27"><span class='ocrx_word' id='word_1_75' title='bbox 57 1031 143 1092; x_wconf 87' lang='lat' dir='ltr'>iuter</span> <span class='ocrx_word' id='word_1_76' title='bbox 165 1030 213 1090; x_wconf 72' lang='lat' dir='ltr'>r‘es</span> <span class='ocrx_word' id='word_1_77' title='bbox 236 1029 394 1119; x_wconf 79' lang='lat' dir='ltr'>inferiores</span> <span class='ocrx_word' id='word_1_78' title='bbox 418 1036 531 1089; x_wconf 87' lang='lat' dir='ltr'>creatas</span> <span class='ocrx_word' id='word_1_79' title='bbox 555 1036 585 1088; x_wconf 90' lang='lat' dir='ltr'>et</span> <span class='ocrx_word' id='word_1_80' title='bbox 607 1027 743 1105; x_wconf 80' lang='lat' dir='ltr'>Verbum,</span> <span class='ocrx_word' id='word_1_81' title='bbox 762 1048 782 1089; x_wconf 88' lang='lat' dir='ltr'>a</span> <span class='ocrx_word' id='word_1_82' title='bbox 806 1049 864 1109; x_wconf 94' lang='lat' dir='ltr'>quo</span> <span class='ocrx_word' id='word_1_83' title='bbox 886 1031 1047 1108; x_wconf 90' lang='lat' dir='ltr'>productae</span> <span class='ocrx_word' id='word_1_84' title='bbox 1069 1030 1161 1093; x_wconf 80' lang='lat' dir='ltr'>sunt?</span> <span class='ocrx_word' id='word_1_85' title='bbox 1205 1034 1291 1097; x_wconf 81' lang='lat' dir='ltr'>Certe</span> 
     </span>
     <span class='ocr_line' id='line_1_9' title="bbox 59 1130 1290 1210; baseline 0.001 -15"><span class='ocrx_word' id='word_1_86' title='bbox 59 1133 171 1196; x_wconf 86' lang='lat' dir='ltr'>beatus</span> <span class='ocrx_word' id='word_1_87' title='bbox 193 1131 313 1203; x_wconf 91' lang='lat' dir='ltr'>Paulus,</span> <span class='ocrx_word' id='word_1_88' title='bbox 337 1131 386 1209; x_wconf 94' lang='lat' dir='ltr'>qui</span> <span class='ocrx_word' id='word_1_89' title='bbox 408 1130 464 1191; x_wconf 94' lang='lat' dir='ltr'>ista</span> <span class='ocrx_word' id='word_1_90' title='bbox 487 1130 607 1191; x_wconf 90' lang='lat' dir='ltr'>minime</span> <span class='ocrx_word' id='word_1_91' title='bbox 630 1130 794 1210; x_wconf 74' lang='lat' dir='ltr'>ignorabat,</span> <span class='ocrx_word' id='word_1_92' title='bbox 817 1150 878 1199; x_wconf 89' lang='lat' dir='ltr'>non</span> <span class='ocrx_word' id='word_1_93' title='bbox 901 1140 934 1192; x_wconf 92' lang='lat' dir='ltr'>ut</span> <span class='ocrx_word' id='word_1_94' title='bbox 948 1151 1000 1194; x_wconf 81' lang='lat' dir='ltr'>vos</span> <span class='ocrx_word' id='word_1_95' title='bbox 1014 1133 1191 1197; x_wconf 75' lang='lat' dir='ltr'>Trinitatem</span> <span class='ocrx_word' id='word_1_96' title='bbox 1213 1135 1290 1196; x_wconf 87' lang='lat' dir='ltr'>divi-</span> 
     </span>
    </p>

    <p class='ocr_par' dir='ltr' id='par_1_3' title="bbox 56 1232 1389 2226">
     <span class='ocr_line' id='line_1_10' title="bbox 57 1232 1362 1313; baseline 0.003 -17"><span class='ocrx_word' id='word_1_97' title='bbox 57 1235 117 1309; x_wconf 88' lang='lat' dir='ltr'>dit,</span> <span class='ocrx_word' id='word_1_98' title='bbox 142 1233 194 1294; x_wconf 90' lang='lat' dir='ltr'>sed</span> <span class='ocrx_word' id='word_1_99' title='bbox 218 1233 281 1294; x_wconf 90' lang='lat' dir='ltr'>eius</span> <span class='ocrx_word' id='word_1_100' title='bbox 305 1232 446 1293; x_wconf 86' lang='lat' dir='ltr'>unitatem</span> <span class='ocrx_word' id='word_1_101' title='bbox 469 1232 633 1294; x_wconf 83' lang='lat' dir='ltr'>luculenter</span> <span class='ocrx_word' id='word_1_102' title='bbox 654 1233 750 1307; x_wconf 88' lang='lat' dir='ltr'>docet,</span> <span class='ocrx_word' id='word_1_103' title='bbox 773 1252 838 1295; x_wconf 93' lang='lat' dir='ltr'>cum</span> <span class='ocrx_word' id='word_1_104' title='bbox 862 1233 898 1294; x_wconf 91' lang='lat' dir='ltr'>de</span> <span class='ocrx_word' id='word_1_105' title='bbox 920 1234 1124 1313; x_wconf 82' lang='lat' dir='ltr'>spiritualibus</span> <span class='ocrx_word' id='word_1_106' title='bbox 1147 1233 1238 1298; x_wconf 90' lang='lat' dir='ltr'>rebus</span> <span class='ocrx_word' id='word_1_107' title='bbox 1254 1237 1291 1300; x_wconf 92' lang='lat' dir='ltr'>ad</span> <span class='ocrx_word' id='word_1_108' title='bbox 1358 1257 1362 1270; x_wconf 69' lang='grc'><strong>“</strong></span> 
     </span>
     <span class='ocr_line' id='line_1_11' title="bbox 56 1334 1377 1418; baseline 0.005 -20"><span class='ocrx_word' id='word_1_109' title='bbox 56 1334 235 1398; x_wconf 77' lang='lat' dir='ltr'>Gorintbios</span> <span class='ocrx_word' id='word_1_110' title='bbox 259 1334 363 1395; x_wconf 86' lang='lat' dir='ltr'>scribit</span> <span class='ocrx_word' id='word_1_111' title='bbox 385 1342 415 1395; x_wconf 92' lang='lat' dir='ltr'>et</span> <span class='ocrx_word' id='word_1_112' title='bbox 437 1334 536 1395; x_wconf 92' lang='lat' dir='ltr'>omnia</span> <span class='ocrx_word' id='word_1_113' title='bbox 559 1335 595 1396; x_wconf 90' lang='lat' dir='ltr'>ad</span> <span class='ocrx_word' id='word_1_114' title='bbox 617 1353 707 1396; x_wconf 92' lang='lat' dir='ltr'>uuum</span> <span class='ocrx_word' id='word_1_115' title='bbox 731 1335 824 1396; x_wconf 85' lang='lat' dir='ltr'>[teum</span> <span class='ocrx_word' id='word_1_116' title='bbox 846 1336 961 1397; x_wconf 90' lang='lat' dir='ltr'>Patrem</span> <span class='ocrx_word' id='word_1_117' title='bbox 985 1346 1122 1415; x_wconf 90' lang='lat' dir='ltr'>tanquam</span> <span class='ocrx_word' id='word_1_118' title='bbox 1145 1338 1181 1398; x_wconf 92' lang='lat' dir='ltr'>ad</span> <span class='ocrx_word' id='word_1_119' title='bbox 1204 1347 1377 1418; x_wconf 77' lang='lat' dir='ltr'>caputran.</span> 
     </span>
     <span class='ocr_line' id='line_1_12' title="bbox 58 1437 1290 1523; baseline 0.002 -22"><span class='ocrx_word' id='word_1_120' title='bbox 58 1439 123 1501; x_wconf 87' lang='lat' dir='ltr'>boo</span> <span class='ocrx_word' id='word_1_121' title='bbox 143 1446 229 1517; x_wconf 90' lang='lat' dir='ltr'>pacto</span> <span class='ocrx_word' id='word_1_122' title='bbox 252 1437 380 1498; x_wconf 89' lang='lat' dir='ltr'>reducit:</span> <span class='ocrx_word' id='word_1_123' title='bbox 403 1437 575 1500; x_wconf 86' lang='lat' dir='ltr'>Diuisiones</span> <span class='ocrx_word' id='word_1_124' title='bbox 598 1454 671 1498; x_wconf 87' lang='lat' dir='ltr'>vero</span> <span class='ocrx_word' id='word_1_125' title='bbox 693 1443 865 1516; x_wconf 82' lang='lat' dir='ltr'>qratiaram</span> <span class='ocrx_word' id='word_1_126' title='bbox 887 1450 974 1509; x_wconf 81' lang='lat' dir='ltr'>siant,</span> <span class='ocrx_word' id='word_1_127' title='bbox 997 1441 1074 1501; x_wconf 84' lang='lat' dir='ltr'>idem</span> <span class='ocrx_word' id='word_1_128' title='bbox 1095 1449 1195 1502; x_wconf 88' lang='lat' dir='ltr'>antem</span> <span class='ocrx_word' id='word_1_129' title='bbox 1217 1440 1290 1523; x_wconf 86' lang='lat' dir='ltr'>Spi-</span> 
     </span>
     <span class='ocr_line' id='line_1_13' title="bbox 58 1540 1356 1617; baseline 0.002 -14"><span class='ocrx_word' id='word_1_130' title='bbox 58 1545 155 1611; x_wconf 75' lang='lat' dir='ltr'>siras,</span> <span class='ocrx_word' id='word_1_131' title='bbox 180 1552 207 1601; x_wconf 87' lang='lat' dir='ltr'>et</span> <span class='ocrx_word' id='word_1_132' title='bbox 231 1540 392 1600; x_wconf 79' lang='lat' dir='ltr'>divisiones</span> <span class='ocrx_word' id='word_1_133' title='bbox 414 1542 677 1600; x_wconf 85' lang='lat' dir='ltr'>ministrationum</span> <span class='ocrx_word' id='word_1_134' title='bbox 699 1549 781 1607; x_wconf 87' lang='lat' dir='ltr'>sant,</span> <span class='ocrx_word' id='word_1_135' title='bbox 805 1540 880 1600; x_wconf 90' lang='lat' dir='ltr'>idem</span> <span class='ocrx_word' id='word_1_136' title='bbox 896 1552 995 1603; x_wconf 85' lang='lat' dir='ltr'>autem</span> <span class='ocrx_word' id='word_1_137' title='bbox 1010 1541 1170 1617; x_wconf 81' lang='lat' dir='ltr'>Dominus,</span> <span class='ocrx_word' id='word_1_138' title='bbox 1195 1554 1223 1604; x_wconf 87' lang='lat' dir='ltr'>et</span> <span class='ocrx_word' id='word_1_139' title='bbox 1244 1543 1292 1605; x_wconf 90' lang='lat' dir='ltr'>di·</span> <span class='ocrx_word' id='word_1_140' title='bbox 1354 1555 1356 1559; x_wconf 83' lang='lat'>&#39;</span> 
     </span>
     <span class='ocr_line' id='line_1_14' title="bbox 59 1640 1293 1722; baseline 0.002 -18"><span class='ocrx_word' id='word_1_141' title='bbox 59 1647 196 1704; x_wconf 76' lang='lat' dir='ltr'>visiones</span> <span class='ocrx_word' id='word_1_142' title='bbox 221 1645 432 1720; x_wconf 81' lang='lat' dir='ltr'>operationum</span> <span class='ocrx_word' id='word_1_143' title='bbox 455 1650 541 1710; x_wconf 87' lang='lat' dir='ltr'>sant,</span> <span class='ocrx_word' id='word_1_144' title='bbox 572 1640 648 1700; x_wconf 85' lang='lat' dir='ltr'>idem</span> <span class='ocrx_word' id='word_1_145' title='bbox 669 1657 744 1700; x_wconf 87' lang='lat' dir='ltr'>uero</span> <span class='ocrx_word' id='word_1_146' title='bbox 766 1640 863 1713; x_wconf 84' lang='lat' dir='ltr'>Deus,</span> <span class='ocrx_word' id='word_1_147' title='bbox 893 1645 946 1721; x_wconf 87' lang='lat' dir='ltr'>qni</span> <span class='ocrx_word' id='word_1_148' title='bbox 966 1653 1115 1722; x_wconf 84' lang='lat' dir='ltr'>operatur</span> <span class='ocrx_word' id='word_1_149' title='bbox 1138 1648 1238 1705; x_wconf 90' lang='lat' dir='ltr'>omnia</span> <span class='ocrx_word' id='word_1_150' title='bbox 1259 1648 1293 1706; x_wconf 91' lang='lat' dir='ltr'>in</span> 
     </span>
     <span class='ocr_line' id='line_1_15' title="bbox 59 1736 1292 1822; baseline -0.002 -16"><span class='ocrx_word' id='word_1_151' title='bbox 59 1736 213 1806; x_wconf 63' lang='lat' dir='ltr'>omnibns}</span> <span class='ocrx_word' id='word_1_152' title='bbox 260 1741 342 1812; x_wconf 83' lang='lat' dir='ltr'>Quae</span> <span class='ocrx_word' id='word_1_153' title='bbox 366 1741 443 1801; x_wconf 92' lang='lat' dir='ltr'>euim</span> <span class='ocrx_word' id='word_1_154' title='bbox 467 1740 595 1819; x_wconf 88' lang='lat' dir='ltr'>Spiritus</span> <span class='ocrx_word' id='word_1_155' title='bbox 619 1740 744 1819; x_wconf 77' lang='lat' dir='ltr'>singulis</span> <span class='ocrx_word' id='word_1_156' title='bbox 767 1741 927 1813; x_wconf 84' lang='lat' dir='ltr'>distribuit,</span> <span class='ocrx_word' id='word_1_157' title='bbox 952 1760 985 1802; x_wconf 89' lang='lat' dir='ltr'>ea</span> <span class='ocrx_word' id='word_1_158' title='bbox 1007 1742 1125 1804; x_wconf 90' lang='lat' dir='ltr'>aPatre</span> <span class='ocrx_word' id='word_1_159' title='bbox 1147 1762 1200 1822; x_wconf 91' lang='lat' dir='ltr'>per</span> <span class='ocrx_word' id='word_1_160' title='bbox 1215 1744 1292 1805; x_wconf 87' lang='lat' dir='ltr'>Ver-</span> 
     </span>
     <span class='ocr_line' id='line_1_16' title="bbox 58 1841 1389 1920; baseline 0.002 -14"><span class='ocrx_word' id='word_1_161' title='bbox 58 1844 136 1906; x_wconf 89' lang='lat' dir='ltr'>bum</span> <span class='ocrx_word' id='word_1_162' title='bbox 159 1844 273 1904; x_wconf 87' lang='lat' dir='ltr'>dantur.</span> <span class='ocrx_word' id='word_1_163' title='bbox 319 1841 391 1901; x_wconf 83' lang='lat' dir='ltr'>Nam</span> <span class='ocrx_word' id='word_1_164' title='bbox 415 1842 524 1913; x_wconf 89' lang='lat' dir='ltr'>omnia,</span> <span class='ocrx_word' id='word_1_165' title='bbox 548 1860 623 1920; x_wconf 90' lang='lat' dir='ltr'>quae</span> <span class='ocrx_word' id='word_1_166' title='bbox 644 1842 742 1903; x_wconf 87' lang='lat' dir='ltr'>Patris</span> <span class='ocrx_word' id='word_1_167' title='bbox 767 1852 845 1912; x_wconf 90' lang='lat' dir='ltr'>sunt,</span> <span class='ocrx_word' id='word_1_168' title='bbox 872 1852 941 1904; x_wconf 92' lang='lat' dir='ltr'>sunt</span> <span class='ocrx_word' id='word_1_169' title='bbox 962 1844 1032 1905; x_wconf 89' lang='lat' dir='ltr'>item</span> <span class='ocrx_word' id='word_1_170' title='bbox 1054 1844 1131 1918; x_wconf 85' lang='lat' dir='ltr'>Filii,</span> <span class='ocrx_word' id='word_1_171' title='bbox 1154 1846 1291 1920; x_wconf 87' lang='lat' dir='ltr'>undeea,</span> <span class='ocrx_word' id='word_1_172' title='bbox 1381 1841 1389 1853; x_wconf 62' lang='lat'>⁸</span> 
     </span>
     <span class='ocr_line' id='line_1_17' title="bbox 59 1943 1292 2025; baseline 0.002 -19"><span class='ocrx_word' id='word_1_173' title='bbox 59 1963 141 2025; x_wconf 89' lang='lat' dir='ltr'>quae</span> <span class='ocrx_word' id='word_1_174' title='bbox 163 1964 178 2006; x_wconf 91' lang='lat' dir='ltr'>a</span> <span class='ocrx_word' id='word_1_175' title='bbox 201 1943 277 2004; x_wconf 87' lang='lat' dir='ltr'>Filio</span> <span class='ocrx_word' id='word_1_176' title='bbox 308 1944 335 2004; x_wconf 94' lang='lat' dir='ltr'>in</span> <span class='ocrx_word' id='word_1_177' title='bbox 361 1943 473 2022; x_wconf 89' lang='lat' dir='ltr'>Spiritu</span> <span class='ocrx_word' id='word_1_178' title='bbox 496 1944 617 2017; x_wconf 87' lang='lat' dir='ltr'>dantur,</span> <span class='ocrx_word' id='word_1_179' title='bbox 647 1963 717 2004; x_wconf 82' lang='lat' dir='ltr'>sera</span> <span class='ocrx_word' id='word_1_180' title='bbox 747 1953 818 2004; x_wconf 86' lang='lat' dir='ltr'>surtt</span> <span class='ocrx_word' id='word_1_181' title='bbox 846 1945 942 2006; x_wconf 88' lang='lat' dir='ltr'>Patris</span> <span class='ocrx_word' id='word_1_182' title='bbox 971 1964 1103 2007; x_wconf 88' lang='lat' dir='ltr'>munera.</span> <span class='ocrx_word' id='word_1_183' title='bbox 1150 1947 1292 2009; x_wconf 84' lang='lat' dir='ltr'>Similiter</span> 
     </span>
     <span class='ocr_line' id='line_1_18' title="bbox 60 2045 1292 2128; baseline 0.001 -19"><span class='ocrx_word' id='word_1_184' title='bbox 60 2066 133 2109; x_wconf 89' lang='lat' dir='ltr'>cum</span> <span class='ocrx_word' id='word_1_185' title='bbox 157 2046 285 2125; x_wconf 89' lang='lat' dir='ltr'>Spiritus</span> <span class='ocrx_word' id='word_1_186' title='bbox 308 2045 338 2106; x_wconf 91' lang='lat' dir='ltr'>in</span> <span class='ocrx_word' id='word_1_187' title='bbox 361 2045 449 2106; x_wconf 91' lang='lat' dir='ltr'>nobis</span> <span class='ocrx_word' id='word_1_188' title='bbox 473 2055 535 2118; x_wconf 92' lang='lat' dir='ltr'>est,</span> <span class='ocrx_word' id='word_1_189' title='bbox 560 2045 697 2118; x_wconf 84' lang='lat' dir='ltr'>l&#39;erbum,</span> <span class='ocrx_word' id='word_1_190' title='bbox 721 2064 736 2105; x_wconf 92' lang='lat' dir='ltr'>a</span> <span class='ocrx_word' id='word_1_191' title='bbox 760 2065 819 2124; x_wconf 92' lang='lat' dir='ltr'>quo</span> <span class='ocrx_word' id='word_1_192' title='bbox 842 2046 923 2108; x_wconf 89' lang='lat' dir='ltr'>illum</span> <span class='ocrx_word' id='word_1_193' title='bbox 945 2049 1124 2128; x_wconf 91' lang='lat' dir='ltr'>accipimus,</span> <span class='ocrx_word' id='word_1_194' title='bbox 1153 2048 1183 2108; x_wconf 93' lang='lat' dir='ltr'>iu</span> <span class='ocrx_word' id='word_1_195' title='bbox 1204 2048 1292 2110; x_wconf 90' lang='lat' dir='ltr'>nobis</span> 
     </span>
     <span class='ocr_line' id='line_1_19' title="bbox 61 2147 1292 2226; baseline 0.002 -16"><span class='ocrx_word' id='word_1_196' title='bbox 61 2150 157 2210; x_wconf 87' lang='lat' dir='ltr'>etiam</span> <span class='ocrx_word' id='word_1_197' title='bbox 179 2156 234 2220; x_wconf 89' lang='lat' dir='ltr'>est,</span> <span class='ocrx_word' id='word_1_198' title='bbox 257 2155 286 2208; x_wconf 90' lang='lat' dir='ltr'>et</span> <span class='ocrx_word' id='word_1_199' title='bbox 309 2148 338 2208; x_wconf 92' lang='lat' dir='ltr'>in</span> <span class='ocrx_word' id='word_1_200' title='bbox 355 2147 451 2207; x_wconf 81' lang='lat' dir='ltr'>Verbo</span> <span class='ocrx_word' id='word_1_201' title='bbox 475 2156 521 2207; x_wconf 92' lang='lat' dir='ltr'>est</span> <span class='ocrx_word' id='word_1_202' title='bbox 543 2166 660 2226; x_wconf 91' lang='lat' dir='ltr'>quoque</span> <span class='ocrx_word' id='word_1_203' title='bbox 675 2147 773 2220; x_wconf 91' lang='lat' dir='ltr'>Pater,</span> <span class='ocrx_word' id='word_1_204' title='bbox 796 2157 885 2226; x_wconf 89' lang='lat' dir='ltr'>atque</span> <span class='ocrx_word' id='word_1_205' title='bbox 901 2150 940 2209; x_wconf 91' lang='lat' dir='ltr'>ita</span> <span class='ocrx_word' id='word_1_206' title='bbox 963 2151 996 2208; x_wconf 91' lang='lat' dir='ltr'>lit</span> <span class='ocrx_word' id='word_1_207' title='bbox 1017 2150 1112 2210; x_wconf 90' lang='lat' dir='ltr'>istud:</span> <span class='ocrx_word' id='word_1_208' title='bbox 1139 2149 1292 2212; x_wconf 81' lang='lat' dir='ltr'>Veniemus</span> 
     </span>
    </p>

    <p class='ocr_par' dir='ltr' id='par_1_4' title="bbox 59 2249 1384 2432">
     <span class='ocr_line' id='line_1_20' title="bbox 59 2249 1384 2335; baseline -0.001 -21"><span class='ocrx_word' id='word_1_209' title='bbox 59 2270 120 2332; x_wconf 82' lang='lat' dir='ltr'>equ</span> <span class='ocrx_word' id='word_1_210' title='bbox 143 2260 172 2313; x_wconf 85' lang='lat' dir='ltr'>et</span> <span class='ocrx_word' id='word_1_211' title='bbox 193 2249 285 2311; x_wconf 87' lang='lat' dir='ltr'>Pater</span> <span class='ocrx_word' id='word_1_212' title='bbox 308 2260 338 2310; x_wconf 88' lang='lat' dir='ltr'>et</span> <span class='ocrx_word' id='word_1_213' title='bbox 359 2254 544 2310; x_wconf 77' lang='lat' dir='ltr'>inclusionem</span> <span class='ocrx_word' id='word_1_214' title='bbox 567 2251 648 2329; x_wconf 85' lang='lat' dir='ltr'>apud</span> <span class='ocrx_word' id='word_1_215' title='bbox 670 2268 736 2311; x_wconf 84' lang='lat' dir='ltr'>eum</span> <span class='ocrx_word' id='word_1_216' title='bbox 757 2251 918 2327; x_wconf 80' lang='lat' dir='ltr'>focr&#39;eanus,</span> <span class='ocrx_word' id='word_1_217' title='bbox 950 2251 992 2311; x_wconf 94' lang='lat' dir='ltr'>uti</span> <span class='ocrx_word' id='word_1_218' title='bbox 1023 2251 1079 2310; x_wconf 91' lang='lat' dir='ltr'>iam</span> <span class='ocrx_word' id='word_1_219' title='bbox 1102 2251 1212 2312; x_wconf 92' lang='lat' dir='ltr'>dictum</span> <span class='ocrx_word' id='word_1_220' title='bbox 1235 2259 1291 2313; x_wconf 88' lang='lat' dir='ltr'>est.</span> <span class='ocrx_word' id='word_1_221' title='bbox 1379 2316 1384 2335; x_wconf 59' lang='lat'>,</span> 
     </span>
     <span class='ocr_line' id='line_1_21' title="bbox 61 2350 1292 2432; baseline -0.002 -17"><span class='ocrx_word' id='word_1_222' title='bbox 61 2353 122 2415; x_wconf 91' lang='lat' dir='ltr'>Ubi</span> <span class='ocrx_word' id='word_1_223' title='bbox 146 2353 224 2412; x_wconf 88' lang='lat' dir='ltr'>enim</span> <span class='ocrx_word' id='word_1_224' title='bbox 247 2351 295 2411; x_wconf 85' lang='lat' dir='ltr'>lux</span> <span class='ocrx_word' id='word_1_225' title='bbox 320 2359 375 2421; x_wconf 90' lang='lat' dir='ltr'>est,</span> <span class='ocrx_word' id='word_1_226' title='bbox 399 2350 458 2410; x_wconf 94' lang='lat' dir='ltr'>illic</span> <span class='ocrx_word' id='word_1_227' title='bbox 480 2360 509 2411; x_wconf 92' lang='lat' dir='ltr'>et</span> <span class='ocrx_word' id='word_1_228' title='bbox 531 2350 673 2429; x_wconf 89' lang='lat' dir='ltr'>splendor</span> <span class='ocrx_word' id='word_1_229' title='bbox 695 2368 814 2428; x_wconf 88' lang='lat' dir='ltr'>quoque</span> <span class='ocrx_word' id='word_1_230' title='bbox 837 2358 894 2422; x_wconf 91' lang='lat' dir='ltr'>est,</span> <span class='ocrx_word' id='word_1_231' title='bbox 918 2351 967 2411; x_wconf 93' lang='lat' dir='ltr'>ubi</span> <span class='ocrx_word' id='word_1_232' title='bbox 991 2352 1060 2413; x_wconf 90' lang='lat' dir='ltr'>item</span> <span class='ocrx_word' id='word_1_233' title='bbox 1079 2352 1220 2432; x_wconf 91' lang='lat' dir='ltr'>splendor</span> <span class='ocrx_word' id='word_1_234' title='bbox 1235 2360 1292 2424; x_wconf 91' lang='lat' dir='ltr'>est,</span> 
     </span>
    </p>

    <p class='ocr_par' dir='ltr' id='par_1_5' title="bbox 61 2450 1294 2834">
     <span class='ocr_line' id='line_1_22' title="bbox 61 2450 1293 2529; baseline -0.002 -13"><span class='ocrx_word' id='word_1_235' title='bbox 61 2455 106 2516; x_wconf 92' lang='lat' dir='ltr'>ibi</span> <span class='ocrx_word' id='word_1_236' title='bbox 136 2453 271 2514; x_wconf 91' lang='lat' dir='ltr'>similiter</span> <span class='ocrx_word' id='word_1_237' title='bbox 299 2460 328 2512; x_wconf 91' lang='lat' dir='ltr'>et</span> <span class='ocrx_word' id='word_1_238' title='bbox 356 2453 420 2513; x_wconf 91' lang='lat' dir='ltr'>eius</span> <span class='ocrx_word' id='word_1_239' title='bbox 450 2453 605 2512; x_wconf 73' lang='lat' dir='ltr'>allicientia</span> <span class='ocrx_word' id='word_1_240' title='bbox 634 2460 664 2512; x_wconf 88' lang='lat' dir='ltr'>et</span> <span class='ocrx_word' id='word_1_241' title='bbox 691 2450 845 2528; x_wconf 89' lang='lat' dir='ltr'>splendida</span> <span class='ocrx_word' id='word_1_242' title='bbox 874 2461 921 2512; x_wconf 89' lang='lat' dir='ltr'>est</span> <span class='ocrx_word' id='word_1_243' title='bbox 951 2453 1053 2529; x_wconf 85' lang='lat' dir='ltr'>gratia.</span> <span class='ocrx_word' id='word_1_244' title='bbox 1099 2453 1185 2524; x_wconf 83' lang='lat' dir='ltr'>Quod</span> <span class='ocrx_word' id='word_1_245' title='bbox 1212 2452 1293 2513; x_wconf 88' lang='lat' dir='ltr'>idem</span> 
     </span>
     <span class='ocr_line' id='line_1_23' title="bbox 61 2552 1293 2631; baseline -0.001 -15"><span class='ocrx_word' id='word_1_246' title='bbox 61 2555 174 2617; x_wconf 84' lang='lat' dir='ltr'>Paulus</span> <span class='ocrx_word' id='word_1_247' title='bbox 203 2556 234 2615; x_wconf 91' lang='lat' dir='ltr'>in</span> <span class='ocrx_word' id='word_1_248' title='bbox 262 2554 392 2614; x_wconf 89' lang='lat' dir='ltr'>secunda</span> <span class='ocrx_word' id='word_1_249' title='bbox 423 2554 548 2631; x_wconf 91' lang='lat' dir='ltr'>epistola</span> <span class='ocrx_word' id='word_1_250' title='bbox 572 2553 743 2615; x_wconf 86' lang='lat' dir='ltr'>Corinthios</span> <span class='ocrx_word' id='word_1_251' title='bbox 773 2552 819 2612; x_wconf 92' lang='lat' dir='ltr'>bis</span> <span class='ocrx_word' id='word_1_252' title='bbox 844 2553 941 2614; x_wconf 87' lang='lat' dir='ltr'>verbis</span> <span class='ocrx_word' id='word_1_253' title='bbox 965 2554 1066 2615; x_wconf 90' lang='lat' dir='ltr'>docet:</span> <span class='ocrx_word' id='word_1_254' title='bbox 1097 2554 1204 2617; x_wconf 84' lang='lat' dir='ltr'>Gratia</span> <span class='ocrx_word' id='word_1_255' title='bbox 1226 2554 1293 2615; x_wconf 83' lang='lat' dir='ltr'>Do-</span> 
     </span>
     <span class='ocr_line' id='line_1_24' title="bbox 64 2654 1294 2735; baseline -0.001 -17"><span class='ocrx_word' id='word_1_256' title='bbox 64 2661 144 2719; x_wconf 85' lang='lat' dir='ltr'>mini</span> <span class='ocrx_word' id='word_1_257' title='bbox 163 2660 266 2717; x_wconf 90' lang='lat' dir='ltr'>nostri</span> <span class='ocrx_word' id='word_1_258' title='bbox 287 2656 356 2717; x_wconf 85' lang='lat' dir='ltr'>lesu</span> <span class='ocrx_word' id='word_1_259' title='bbox 381 2656 496 2717; x_wconf 77' lang='lat' dir='ltr'>Christi</span> <span class='ocrx_word' id='word_1_260' title='bbox 512 2667 544 2716; x_wconf 82' lang='lat' dir='ltr'>et</span> <span class='ocrx_word' id='word_1_261' title='bbox 574 2658 685 2715; x_wconf 86' lang='lat' dir='ltr'>caritas</span> <span class='ocrx_word' id='word_1_262' title='bbox 708 2655 767 2714; x_wconf 87' lang='lat' dir='ltr'>Dei</span> <span class='ocrx_word' id='word_1_263' title='bbox 794 2666 821 2716; x_wconf 86' lang='lat' dir='ltr'>et</span> <span class='ocrx_word' id='word_1_264' title='bbox 853 2659 1079 2716; x_wconf 83' lang='lat' dir='ltr'>communicatio</span> <span class='ocrx_word' id='word_1_265' title='bbox 1101 2660 1202 2716; x_wconf 86' lang='lat' dir='ltr'>suncti</span> <span class='ocrx_word' id='word_1_266' title='bbox 1221 2654 1294 2735; x_wconf 88' lang='lat' dir='ltr'>Spi-</span> 
     </span>
     <span class='ocr_line' id='line_1_25' title="bbox 64 2754 1292 2834; baseline -0.004 -14"><span class='ocrx_word' id='word_1_267' title='bbox 64 2763 150 2821; x_wconf 80' lang='lat' dir='ltr'>ritus</span> <span class='ocrx_word' id='word_1_268' title='bbox 174 2761 214 2818; x_wconf 88' lang='lat' dir='ltr'>sit</span> <span class='ocrx_word' id='word_1_269' title='bbox 238 2777 304 2818; x_wconf 86' lang='lat' dir='ltr'>oum</span> <span class='ocrx_word' id='word_1_270' title='bbox 327 2757 461 2818; x_wconf 80' lang='lat' dir='ltr'>omnibns</span> <span class='ocrx_word' id='word_1_271' title='bbox 485 2757 578 2817; x_wconf 81' lang='lat' dir='ltr'>vodis.</span> <span class='ocrx_word' id='word_1_272' title='bbox 625 2754 722 2816; x_wconf 89' lang='lat' dir='ltr'>Gratia</span> <span class='ocrx_word' id='word_1_273' title='bbox 745 2755 822 2815; x_wconf 91' lang='lat' dir='ltr'>euim</span> <span class='ocrx_word' id='word_1_274' title='bbox 846 2765 875 2817; x_wconf 90' lang='lat' dir='ltr'>et</span> <span class='ocrx_word' id='word_1_275' title='bbox 897 2756 1017 2828; x_wconf 91' lang='lat' dir='ltr'>donum,</span> <span class='ocrx_word' id='word_1_276' title='bbox 1042 2757 1120 2834; x_wconf 93' lang='lat' dir='ltr'>quod</span> <span class='ocrx_word' id='word_1_277' title='bbox 1143 2756 1174 2816; x_wconf 92' lang='lat' dir='ltr'>in</span> <span class='ocrx_word' id='word_1_278' title='bbox 1189 2754 1292 2816; x_wconf 82' lang='lat' dir='ltr'>Triui-</span> 
     </span>
    </p>

    <p class='ocr_par' dir='ltr' id='par_1_6' title="bbox 63 2855 1356 3329">
     <span class='ocr_line' id='line_1_26' title="bbox 64 2855 1292 2949; baseline -0.003 -28"><span class='ocrx_word' id='word_1_279' title='bbox 64 2869 128 2921; x_wconf 89' lang='lat' dir='ltr'>tate</span> <span class='ocrx_word' id='word_1_280' title='bbox 150 2859 252 2931; x_wconf 88' lang='lat' dir='ltr'>datur,</span> <span class='ocrx_word' id='word_1_281' title='bbox 287 2858 371 2918; x_wconf 89' lang='lat' dir='ltr'>datur</span> <span class='ocrx_word' id='word_1_282' title='bbox 394 2878 409 2917; x_wconf 91' lang='lat' dir='ltr'>u</span> <span class='ocrx_word' id='word_1_283' title='bbox 432 2857 518 2949; x_wconf 76' lang='lat' dir='ltr'>Patre</span> <span class='ocrx_word' id='word_1_284' title='bbox 541 2875 594 2935; x_wconf 93' lang='lat' dir='ltr'>per</span> <span class='ocrx_word' id='word_1_285' title='bbox 615 2855 721 2917; x_wconf 86' lang='lat' dir='ltr'>Filium</span> <span class='ocrx_word' id='word_1_286' title='bbox 744 2857 774 2917; x_wconf 92' lang='lat' dir='ltr'>in</span> <span class='ocrx_word' id='word_1_287' title='bbox 800 2857 911 2936; x_wconf 91' lang='lat' dir='ltr'>Spiritu</span> <span class='ocrx_word' id='word_1_288' title='bbox 934 2865 1045 2918; x_wconf 87' lang='lat' dir='ltr'>sancto.</span> <span class='ocrx_word' id='word_1_289' title='bbox 1090 2857 1163 2918; x_wconf 89' lang='lat' dir='ltr'>Nam</span> <span class='ocrx_word' id='word_1_290' title='bbox 1186 2874 1292 2937; x_wconf 90' lang='lat' dir='ltr'>quem-</span> 
     </span>
     <span class='ocr_line' id='line_1_27' title="bbox 64 2942 1293 3038; baseline -0.005 -16"><span class='ocrx_word' id='word_1_291' title='bbox 64 2942 227 3023; x_wconf 82' lang='lat' dir='ltr'>admodum</span> <span class='ocrx_word' id='word_1_292' title='bbox 255 2979 289 3020; x_wconf 86' lang='lat' dir='ltr'>ex</span> <span class='ocrx_word' id='word_1_293' title='bbox 313 2960 399 3020; x_wconf 87' lang='lat' dir='ltr'>Patre</span> <span class='ocrx_word' id='word_1_294' title='bbox 428 2978 481 3038; x_wconf 90' lang='lat' dir='ltr'>per</span> <span class='ocrx_word' id='word_1_295' title='bbox 509 2958 614 3019; x_wconf 89' lang='lat' dir='ltr'>Filium</span> <span class='ocrx_word' id='word_1_296' title='bbox 643 2959 729 3018; x_wconf 86' lang='lat' dir='ltr'>datur</span> <span class='ocrx_word' id='word_1_297' title='bbox 758 2959 866 3036; x_wconf 80' lang='lat' dir='ltr'>gratia,</span> <span class='ocrx_word' id='word_1_298' title='bbox 896 2958 936 3019; x_wconf 91' lang='lat' dir='ltr'>ita</span> <span class='ocrx_word' id='word_1_299' title='bbox 964 2959 995 3019; x_wconf 92' lang='lat' dir='ltr'>in</span> <span class='ocrx_word' id='word_1_300' title='bbox 1024 2957 1110 3019; x_wconf 91' lang='lat' dir='ltr'>nobis</span> <span class='ocrx_word' id='word_1_301' title='bbox 1139 2958 1203 3018; x_wconf 91' lang='lat' dir='ltr'>lieri</span> <span class='ocrx_word' id='word_1_302' title='bbox 1231 2956 1293 3017; x_wconf 83' lang='lat' dir='ltr'>nou</span> 
     </span>
     <span class='ocr_line' id='line_1_28' title="bbox 63 3058 1356 3144; baseline -0.004 -20"><span class='ocrx_word' id='word_1_303' title='bbox 63 3071 170 3144; x_wconf 89' lang='lat' dir='ltr'>potest</span> <span class='ocrx_word' id='word_1_304' title='bbox 189 3061 261 3121; x_wconf 84' lang='lat' dir='ltr'>iloni</span> <span class='ocrx_word' id='word_1_305' title='bbox 283 3060 509 3121; x_wconf 87' lang='lat' dir='ltr'>communicatio</span> <span class='ocrx_word' id='word_1_306' title='bbox 532 3059 589 3119; x_wconf 92' lang='lat' dir='ltr'>nisi</span> <span class='ocrx_word' id='word_1_307' title='bbox 613 3060 642 3119; x_wconf 96' lang='lat' dir='ltr'>in</span> <span class='ocrx_word' id='word_1_308' title='bbox 658 3059 770 3138; x_wconf 88' lang='lat' dir='ltr'>Spiritu</span> <span class='ocrx_word' id='word_1_309' title='bbox 792 3068 905 3120; x_wconf 89' lang='lat' dir='ltr'>sancto.</span> <span class='ocrx_word' id='word_1_310' title='bbox 950 3059 1044 3120; x_wconf 86' lang='lat' dir='ltr'>liuius</span> <span class='ocrx_word' id='word_1_311' title='bbox 1061 3058 1206 3137; x_wconf 89' lang='lat' dir='ltr'>siquidem</span> <span class='ocrx_word' id='word_1_312' title='bbox 1221 3076 1300 3137; x_wconf 77' lang='lat' dir='ltr'>par-,</span> <span class='ocrx_word' id='word_1_313' title='bbox 1353 3083 1356 3087; x_wconf 55' lang='lat'><strong><em>¹</em></strong></span> 
     </span>
     <span class='ocr_line' id='line_1_29' title="bbox 64 3154 1293 3243; baseline -0.003 -17"><span class='ocrx_word' id='word_1_314' title='bbox 64 3165 174 3243; x_wconf 90' lang='lat' dir='ltr'>ticipes</span> <span class='ocrx_word' id='word_1_315' title='bbox 197 3162 293 3223; x_wconf 91' lang='lat' dir='ltr'>ellecti</span> <span class='ocrx_word' id='word_1_316' title='bbox 316 3162 411 3223; x_wconf 89' lang='lat' dir='ltr'>Patris</span> <span class='ocrx_word' id='word_1_317' title='bbox 434 3162 594 3233; x_wconf 88' lang='lat' dir='ltr'>caritatem,</span> <span class='ocrx_word' id='word_1_318' title='bbox 616 3159 681 3220; x_wconf 84' lang='lat' dir='ltr'>Filii</span> <span class='ocrx_word' id='word_1_319' title='bbox 703 3159 825 3238; x_wconf 81' lang='lat' dir='ltr'>gratiam</span> <span class='ocrx_word' id='word_1_320' title='bbox 848 3169 878 3221; x_wconf 94' lang='lat' dir='ltr'>et</span> <span class='ocrx_word' id='word_1_321' title='bbox 899 3154 993 3240; x_wconf 89' lang='lat' dir='ltr'>ipsius</span> <span class='ocrx_word' id='word_1_322' title='bbox 1009 3160 1135 3238; x_wconf 88' lang='lat' dir='ltr'>Spiritus</span> <span class='ocrx_word' id='word_1_323' title='bbox 1157 3178 1293 3222; x_wconf 90' lang='lat' dir='ltr'>commu-</span> 
     </span>
     <span class='ocr_line' id='line_1_30' title="bbox 64 3264 423 3329; baseline -0.011 0"><span class='ocrx_word' id='word_1_324' title='bbox 64 3267 247 3329; x_wconf 89' lang='lat' dir='ltr'>nicationem</span> <span class='ocrx_word' id='word_1_325' title='bbox 269 3264 423 3325; x_wconf 88' lang='lat' dir='ltr'>babemus.</span> 
     </span>
    </p>
   </div>
   <div class='ocr_carea' id='block_1_3' title="bbox 64 3562 1390 3852">
    <p class='ocr_par' dir='ltr' id='par_1_7' title="bbox 64 3562 1390 3852">
     <span class='ocr_line' id='line_1_31' title="bbox 156 3562 1296 3644; baseline -0.009 -13"><span class='ocrx_word' id='word_1_326' title='bbox 156 3571 206 3631; x_wconf 86' lang='lat'>31.</span> <span class='ocrx_word' id='word_1_327' title='bbox 251 3567 294 3627; x_wconf 82' lang='lat' dir='ltr'>Ex</span> <span class='ocrx_word' id='word_1_328' title='bbox 316 3566 362 3626; x_wconf 89' lang='lat' dir='ltr'>bis</span> <span class='ocrx_word' id='word_1_329' title='bbox 385 3568 475 3644; x_wconf 82' lang='lat' dir='ltr'>igitur</span> <span class='ocrx_word' id='word_1_330' title='bbox 498 3586 554 3626; x_wconf 91' lang='lat' dir='ltr'>uua</span> <span class='ocrx_word' id='word_1_331' title='bbox 571 3564 723 3628; x_wconf 86' lang='lat' dir='ltr'>Trinitatis</span> <span class='ocrx_word' id='word_1_332' title='bbox 745 3564 899 3625; x_wconf 87' lang='lat' dir='ltr'>ellicientia</span> <span class='ocrx_word' id='word_1_333' title='bbox 923 3582 990 3623; x_wconf 90' lang='lat' dir='ltr'>esse</span> <span class='ocrx_word' id='word_1_334' title='bbox 1014 3563 1190 3623; x_wconf 90' lang='lat' dir='ltr'>ostenditur.</span> <span class='ocrx_word' id='word_1_335' title='bbox 1235 3562 1296 3623; x_wconf 91' lang='lat' dir='ltr'>Nec</span> 
     </span>
     <span class='ocr_line' id='line_1_32' title="bbox 64 3662 1295 3745; baseline -0.01 -12"><span class='ocrx_word' id='word_1_336' title='bbox 64 3670 148 3734; x_wconf 89' lang='lat' dir='ltr'>enirn</span> <span class='ocrx_word' id='word_1_337' title='bbox 171 3670 287 3729; x_wconf 78' lang='lat' dir='ltr'>diversa</span> <span class='ocrx_word' id='word_1_338' title='bbox 316 3678 345 3728; x_wconf 92' lang='lat' dir='ltr'>et</span> <span class='ocrx_word' id='word_1_339' title='bbox 374 3669 465 3728; x_wconf 85' lang='lat' dir='ltr'>divisa</span> <span class='ocrx_word' id='word_1_340' title='bbox 493 3668 555 3728; x_wconf 90' lang='lat' dir='ltr'>dari</span> <span class='ocrx_word' id='word_1_341' title='bbox 584 3687 599 3728; x_wconf 92' lang='lat' dir='ltr'>a</span> <span class='ocrx_word' id='word_1_342' title='bbox 628 3665 753 3745; x_wconf 84' lang='lat' dir='ltr'>singulis</span> <span class='ocrx_word' id='word_1_343' title='bbox 782 3665 928 3744; x_wconf 85' lang='lat' dir='ltr'>significat</span> <span class='ocrx_word' id='word_1_344' title='bbox 957 3664 1135 3742; x_wconf 76' lang='lat' dir='ltr'>Apostolus,</span> <span class='ocrx_word' id='word_1_345' title='bbox 1169 3662 1221 3722; x_wconf 92' lang='lat' dir='ltr'>sed</span> <span class='ocrx_word' id='word_1_346' title='bbox 1250 3680 1295 3733; x_wconf 92' lang='lat' dir='ltr'>ea,</span> 
     </span>
     <span class='ocr_line' id='line_1_33' title="bbox 65 3760 1390 3852; baseline -0.01 -17"><span class='ocrx_word' id='word_1_347' title='bbox 65 3793 145 3852; x_wconf 92' lang='lat' dir='ltr'>quae</span> <span class='ocrx_word' id='word_1_348' title='bbox 168 3773 289 3840; x_wconf 88' lang='lat' dir='ltr'>dantur,</span> <span class='ocrx_word' id='word_1_349' title='bbox 314 3769 343 3829; x_wconf 92' lang='lat' dir='ltr'>iu</span> <span class='ocrx_word' id='word_1_350' title='bbox 366 3770 509 3829; x_wconf 88' lang='lat' dir='ltr'>&#39;lrinitate</span> <span class='ocrx_word' id='word_1_351' title='bbox 532 3770 611 3842; x_wconf 89' lang='lat' dir='ltr'>dari,</span> <span class='ocrx_word' id='word_1_352' title='bbox 636 3768 792 3844; x_wconf 89' lang='lat' dir='ltr'>omniaque</span> <span class='ocrx_word' id='word_1_353' title='bbox 815 3786 850 3825; x_wconf 86' lang='lat' dir='ltr'>ex</span> <span class='ocrx_word' id='word_1_354' title='bbox 875 3784 933 3825; x_wconf 93' lang='lat' dir='ltr'>uno</span> <span class='ocrx_word' id='word_1_355' title='bbox 957 3765 1018 3826; x_wconf 85' lang='lat' dir='ltr'>[leo</span> <span class='ocrx_word' id='word_1_356' title='bbox 1042 3783 1120 3825; x_wconf 89' lang='lat' dir='ltr'>esse.</span> <span class='ocrx_word' id='word_1_357' title='bbox 1159 3761 1215 3841; x_wconf 89' lang='lat' dir='ltr'>llle</span> <span class='ocrx_word' id='word_1_358' title='bbox 1238 3760 1295 3839; x_wconf 82' lang='lat' dir='ltr'>igi-</span> <span class='ocrx_word' id='word_1_359' title='bbox 1375 3808 1390 3822; x_wconf 66' lang='grc'>,</span> 
     </span>
    </p>
   </div>
   <div class='ocr_carea' id='block_1_4' title="bbox 67 3939 1380 4561">
    <p class='ocr_par' dir='ltr' id='par_1_8' title="bbox 67 3939 1300 4088">
     <span class='ocr_line' id='line_1_34' title="bbox 67 3939 1298 4016; baseline -0.011 -9"><span class='ocrx_word' id='word_1_360' title='bbox 67 3957 211 4007; x_wconf 86' lang='lat' dir='ltr'>intermedia</span> <span class='ocrx_word' id='word_1_361' title='bbox 230 3963 292 4004; x_wconf 90' lang='lat' dir='ltr'>sunt.</span> <span class='ocrx_word' id='word_1_362' title='bbox 329 3956 443 4004; x_wconf 83' lang='lat' dir='ltr'>lbid.art.</span> <span class='ocrx_word' id='word_1_363' title='bbox 464 3948 477 4001; x_wconf 86' lang='grc' dir='ltr'><strong>ὁ</strong></span> <span class='ocrx_word' id='word_1_364' title='bbox 497 3962 551 4002; x_wconf 87' lang='lat' dir='ltr'>ante</span> <span class='ocrx_word' id='word_1_365' title='bbox 565 3945 655 4016; x_wconf 79' lang='grc' dir='ltr'><em>πατήρ</em></span> <span class='ocrx_word' id='word_1_366' title='bbox 709 3951 732 4000; x_wconf 83' lang='lat'>2.</span> <span class='ocrx_word' id='word_1_367' title='bbox 752 3960 774 4000; x_wconf 89' lang='lat' dir='ltr'>et</span> <span class='ocrx_word' id='word_1_368' title='bbox 799 3951 855 3999; x_wconf 88' lang='lat' dir='ltr'>edit.</span> <span class='ocrx_word' id='word_1_369' title='bbox 874 3951 991 3999; x_wconf 85' lang='lat' dir='ltr'>Commel.</span> <span class='ocrx_word' id='word_1_370' title='bbox 1016 3962 1097 3997; x_wconf 83' lang='lat' dir='ltr'>uocem</span> <span class='ocrx_word' id='word_1_371' title='bbox 1124 3939 1203 4011; x_wconf 77' lang='grc' dir='ltr'>ἡμῶν</span> <span class='ocrx_word' id='word_1_372' title='bbox 1225 3944 1298 3993; x_wconf 88' lang='lat' dir='ltr'>omit·</span> 
     </span>
     <span class='ocr_line' id='line_1_35' title="bbox 67 4015 1300 4088; baseline -0.014 -12"><span class='ocrx_word' id='word_1_373' title='bbox 67 4027 142 4076; x_wconf 76' lang='lat' dir='ltr'>ussit.</span> <span class='ocrx_word' id='word_1_374' title='bbox 164 4040 206 4072; x_wconf 88' lang='lat' dir='ltr'>ms.</span> <span class='ocrx_word' id='word_1_375' title='bbox 228 4033 250 4071; x_wconf 88' lang='lat' dir='ltr'>et</span> <span class='ocrx_word' id='word_1_376' title='bbox 269 4025 323 4072; x_wconf 81' lang='lat' dir='ltr'>edin</span> <span class='ocrx_word' id='word_1_377' title='bbox 343 4027 462 4072; x_wconf 90' lang='lat' dir='ltr'>omittunt.</span> <span class='ocrx_word' id='word_1_378' title='bbox 711 4027 770 4067; x_wconf 92' lang='lat' dir='ltr'>tunt.</span> <span class='ocrx_word' id='word_1_379' title='bbox 813 4019 910 4068; x_wconf 85' lang='lat' dir='ltr'>Gobler.</span> <span class='ocrx_word' id='word_1_380' title='bbox 936 4028 958 4064; x_wconf 87' lang='lat' dir='ltr'>et</span> <span class='ocrx_word' id='word_1_381' title='bbox 982 4017 1077 4064; x_wconf 74' lang='lat' dir='ltr'>l&#39;olcltm</span> <span class='ocrx_word' id='word_1_382' title='bbox 1100 4015 1122 4063; x_wconf 84' lang='lat' dir='ltr'>l.</span> <span class='ocrx_word' id='word_1_383' title='bbox 1148 4029 1217 4061; x_wconf 88' lang='lat' dir='ltr'>anon.</span> <span class='ocrx_word' id='word_1_384' title='bbox 1243 4017 1300 4088; x_wconf 67' lang='lat' dir='ltr'>post</span> 
     </span>
    </p>

    <p class='ocr_par' dir='ltr' id='par_1_9' title="bbox 67 4075 1300 4218">
     <span class='ocr_line' id='line_1_36' title="bbox 104 4075 1300 4152; baseline -0.012 -11"><span class='ocrx_word' id='word_1_385' title='bbox 104 4109 124 4141; x_wconf 90' lang='lat' dir='ltr'>e.</span> <span class='ocrx_word' id='word_1_386' title='bbox 145 4094 186 4140; x_wconf 89' lang='lat' dir='ltr'>Sic</span> <span class='ocrx_word' id='word_1_387' title='bbox 205 4093 260 4150; x_wconf 67' lang='lat' dir='ltr'>liei.</span> <span class='ocrx_word' id='word_1_388' title='bbox 282 4101 305 4139; x_wconf 88' lang='lat' dir='ltr'>et</span> <span class='ocrx_word' id='word_1_389' title='bbox 328 4093 428 4152; x_wconf 72' lang='lat' dir='ltr'>Sequar.</span> <span class='ocrx_word' id='word_1_390' title='bbox 469 4090 530 4139; x_wconf 87' lang='lat' dir='ltr'>Editi</span> <span class='ocrx_word' id='word_1_391' title='bbox 556 4101 610 4135; x_wconf 77' lang='lat' dir='ltr'>uero</span> <span class='ocrx_word' id='word_1_392' title='bbox 635 4093 659 4134; x_wconf 87' lang='lat' dir='ltr'>et</span> <span class='ocrx_word' id='word_1_393' title='bbox 710 4085 776 4134; x_wconf 78' lang='grc' dir='ltr'><strong><em>θεοῦ</em></strong></span> <span class='ocrx_word' id='word_1_394' title='bbox 802 4086 891 4134; x_wconf 87' lang='lat' dir='ltr'>addunt</span> <span class='ocrx_word' id='word_1_395' title='bbox 915 4079 960 4131; x_wconf 81' lang='lat' dir='ltr'>nai</span> <span class='ocrx_word' id='word_1_396' title='bbox 987 4075 1091 4147; x_wconf 72' lang='grc' dir='ltr'><em>πατρός</em></span> <span class='ocrx_word' id='word_1_397' title='bbox 1109 4089 1204 4143; x_wconf 87' lang='lat' dir='ltr'>etpost</span> <span class='ocrx_word' id='word_1_398' title='bbox 1221 4091 1300 4127; x_wconf 74' lang='lat' dir='ltr'>nniu-</span> 
     </span>
     <span class='ocr_line' id='line_1_37' title="bbox 67 4144 1286 4218; baseline -0.013 -8"><span class='ocrx_word' id='word_1_399' title='bbox 67 4162 110 4210; x_wconf 89' lang='lat' dir='ltr'>alii</span> <span class='ocrx_word' id='word_1_400' title='bbox 128 4155 175 4207; x_wconf 79' lang='grc' dir='ltr'>καί</span> <span class='ocrx_word' id='word_1_401' title='bbox 194 4162 313 4208; x_wconf 85' lang='lat' dir='ltr'>annuunt.</span> <span class='ocrx_word' id='word_1_402' title='bbox 569 4208 574 4217; x_wconf 36' lang='lat'><strong><em>¹</em></strong></span> <span class='ocrx_word' id='word_1_403' title='bbox 709 4167 797 4218; x_wconf 79' lang='grc' dir='ltr'><strong><em>ματος</em></strong></span> <span class='ocrx_word' id='word_1_404' title='bbox 815 4155 871 4202; x_wconf 88' lang='lat' dir='ltr'>item</span> <span class='ocrx_word' id='word_1_405' title='bbox 893 4144 941 4210; x_wconf 76' lang='grc' dir='ltr'>εἴη.</span> <span class='ocrx_word' id='word_1_406' title='bbox 1283 4174 1286 4182; x_wconf 43' lang='grc' dir='ltr'><strong>ν</strong></span> 
     </span>
    </p>

    <p class='ocr_par' dir='ltr' id='par_1_10' title="bbox 67 4212 1380 4561">
     <span class='ocr_line' id='line_1_38' title="bbox 105 4212 1300 4290; baseline -0.012 -14"><span class='ocrx_word' id='word_1_407' title='bbox 105 4230 121 4276; x_wconf 85' lang='grc'><strong>1,</strong></span> <span class='ocrx_word' id='word_1_408' title='bbox 139 4230 180 4277; x_wconf 88' lang='lat' dir='ltr'>Sic</span> <span class='ocrx_word' id='word_1_409' title='bbox 200 4229 255 4286; x_wconf 70' lang='lat' dir='ltr'>trag.</span> <span class='ocrx_word' id='word_1_410' title='bbox 280 4228 378 4285; x_wconf 84' lang='lat' dir='ltr'>Suguer.</span> <span class='ocrx_word' id='word_1_411' title='bbox 405 4225 500 4273; x_wconf 76' lang='lat' dir='ltr'>Golrler.</span> <span class='ocrx_word' id='word_1_412' title='bbox 526 4231 548 4271; x_wconf 89' lang='lat' dir='ltr'>et</span> <span class='ocrx_word' id='word_1_413' title='bbox 573 4221 660 4269; x_wconf 83' lang='lat' dir='ltr'>Felclt·</span> <span class='ocrx_word' id='word_1_414' title='bbox 745 4237 768 4281; x_wconf 76' lang='lat' dir='ltr'>q.</span> <span class='ocrx_word' id='word_1_415' title='bbox 786 4212 1300 4290; x_wconf 75' lang='lat' dir='ltr'>Siclteg.l.et2.Bss.Gobl.etFelcltm.l.</span> 
     </span>
     <span class='ocr_line' id='line_1_39' title="bbox 68 4275 1380 4344; baseline -0.015 0"><span class='ocrx_word' id='word_1_416' title='bbox 68 4297 151 4344; x_wconf 87' lang='lat' dir='ltr'>manni</span> <span class='ocrx_word' id='word_1_417' title='bbox 167 4297 187 4343; x_wconf 92' lang='lat' dir='ltr'>l.</span> <span class='ocrx_word' id='word_1_418' title='bbox 225 4299 330 4341; x_wconf 77' lang='lat' dir='ltr'>Attamen</span> <span class='ocrx_word' id='word_1_419' title='bbox 346 4293 367 4340; x_wconf 86' lang='lat' dir='ltr'>bi</span> <span class='ocrx_word' id='word_1_420' title='bbox 387 4293 433 4341; x_wconf 92' lang='lat' dir='ltr'>duo</span> <span class='ocrx_word' id='word_1_421' title='bbox 454 4292 529 4340; x_wconf 88' lang='lat' dir='ltr'>ultimi</span> <span class='ocrx_word' id='word_1_422' title='bbox 548 4293 661 4338; x_wconf 89' lang='lat' dir='ltr'>omittunt</span> <span class='ocrx_word' id='word_1_423' title='bbox 712 4304 783 4338; x_wconf 91' lang='lat' dir='ltr'>anon.</span> <span class='ocrx_word' id='word_1_424' title='bbox 818 4289 862 4337; x_wconf 80' lang='lat' dir='ltr'>dlii</span> <span class='ocrx_word' id='word_1_425' title='bbox 881 4296 959 4336; x_wconf 88' lang='lat' dir='ltr'>autem</span> <span class='ocrx_word' id='word_1_426' title='bbox 979 4286 1073 4334; x_wconf 88' lang='lat' dir='ltr'>etoditi</span> <span class='ocrx_word' id='word_1_427' title='bbox 1091 4275 1134 4331; x_wconf 77' lang='lat' dir='ltr'>int</span> <span class='ocrx_word' id='word_1_428' title='bbox 1152 4275 1182 4328; x_wconf 73' lang='lat' dir='ltr'>dt</span> <span class='ocrx_word' id='word_1_429' title='bbox 1202 4279 1271 4328; x_wconf 83' lang='lat' dir='ltr'>uteri.</span> <span class='ocrx_word' id='word_1_430' title='bbox 1373 4293 1380 4306; x_wconf 93' lang='lat'><strong>·</strong></span> 
     </span>
     <span class='ocr_line' id='line_1_40' title="bbox 67 4339 1303 4418; baseline -0.013 -9"><span class='ocrx_word' id='word_1_431' title='bbox 67 4359 162 4416; x_wconf 76' lang='grc' dir='ltr'><em>πάλιν,</em></span> <span class='ocrx_word' id='word_1_432' title='bbox 183 4346 264 4411; x_wconf 73' lang='grc' dir='ltr'><strong><em>αὖθις</em></strong></span> <span class='ocrx_word' id='word_1_433' title='bbox 282 4356 373 4407; x_wconf 84' lang='lat' dir='ltr'>etnai.</span> <span class='ocrx_word' id='word_1_434' title='bbox 409 4360 453 4406; x_wconf 88' lang='lat' dir='ltr'>tllii</span> <span class='ocrx_word' id='word_1_435' title='bbox 471 4369 494 4407; x_wconf 87' lang='lat' dir='ltr'>et</span> <span class='ocrx_word' id='word_1_436' title='bbox 519 4358 574 4406; x_wconf 83' lang='lat' dir='ltr'>adid</span> <span class='ocrx_word' id='word_1_437' title='bbox 594 4348 660 4404; x_wconf 80' lang='grc' dir='ltr'><em>ἀπό·</em></span> <span class='ocrx_word' id='word_1_438' title='bbox 746 4359 769 4404; x_wconf 83' lang='lat' dir='ltr'>li.</span> <span class='ocrx_word' id='word_1_439' title='bbox 789 4357 844 4418; x_wconf 76' lang='lat' dir='ltr'>lleg.</span> <span class='ocrx_word' id='word_1_440' title='bbox 866 4356 888 4403; x_wconf 93' lang='lat' dir='ltr'>l.</span> <span class='ocrx_word' id='word_1_441' title='bbox 907 4356 1005 4415; x_wconf 81' lang='lat' dir='ltr'>Segner.</span> <span class='ocrx_word' id='word_1_442' title='bbox 1029 4361 1053 4400; x_wconf 87' lang='lat' dir='ltr'>et</span> <span class='ocrx_word' id='word_1_443' title='bbox 1070 4350 1159 4410; x_wconf 78' lang='lat' dir='ltr'>lnglic.</span> <span class='ocrx_word' id='word_1_444' title='bbox 1178 4342 1208 4395; x_wconf 73' lang='lat' dir='ltr'>ab</span> <span class='ocrx_word' id='word_1_445' title='bbox 1228 4339 1303 4395; x_wconf 73' lang='lat' dir='ltr'>itii-</span> 
     </span>
     <span class='ocr_line' id='line_1_41' title="bbox 68 4416 1304 4489; baseline -0.011 -12"><span class='ocrx_word' id='word_1_446' title='bbox 68 4427 168 4482; x_wconf 81' lang='grc' dir='ltr'><strong><em>οτολος</em></strong></span> <span class='ocrx_word' id='word_1_447' title='bbox 193 4421 331 4473; x_wconf 74' lang='grc' dir='ltr'>διδάσκων</span> <span class='ocrx_word' id='word_1_448' title='bbox 349 4420 479 4489; x_wconf 77' lang='grc' dir='ltr'>ἔγραψεν.</span> <span class='ocrx_word' id='word_1_449' title='bbox 515 4427 601 4485; x_wconf 73' lang='lat' dir='ltr'>{ligius</span> <span class='ocrx_word' id='word_1_450' title='bbox 620 4439 659 4473; x_wconf 90' lang='lat' dir='ltr'>se·</span> <span class='ocrx_word' id='word_1_451' title='bbox 712 4437 805 4488; x_wconf 80' lang='grc' dir='ltr'>μενον.</span> <span class='ocrx_word' id='word_1_452' title='bbox 847 4423 900 4472; x_wconf 79' lang='lat' dir='ltr'>lior</span> <span class='ocrx_word' id='word_1_453' title='bbox 924 4423 980 4482; x_wconf 76' lang='lat' dir='ltr'>ling.</span> <span class='ocrx_word' id='word_1_454' title='bbox 999 4421 1021 4468; x_wconf 91' lang='lat' dir='ltr'>l.</span> <span class='ocrx_word' id='word_1_455' title='bbox 1044 4426 1068 4467; x_wconf 88' lang='lat' dir='ltr'>et</span> <span class='ocrx_word' id='word_1_456' title='bbox 1086 4419 1186 4479; x_wconf 78' lang='lat' dir='ltr'>Seguer.</span> <span class='ocrx_word' id='word_1_457' title='bbox 1213 4416 1304 4466; x_wconf 81' lang='lat' dir='ltr'>babent</span> 
     </span>
     <span class='ocr_line' id='line_1_42' title="bbox 67 4475 1311 4561; baseline -0.012 -13"><span class='ocrx_word' id='word_1_458' title='bbox 67 4497 166 4549; x_wconf 85' lang='lat' dir='ltr'>condus</span> <span class='ocrx_word' id='word_1_459' title='bbox 188 4487 321 4561; x_wconf 77' lang='grc' dir='ltr'>ἔγραφεν.</span> <span class='ocrx_word' id='word_1_460' title='bbox 356 4495 446 4544; x_wconf 84' lang='lat' dir='ltr'>ibidem</span> <span class='ocrx_word' id='word_1_461' title='bbox 465 4493 538 4546; x_wconf 82' lang='lat' dir='ltr'>Basil.</span> <span class='ocrx_word' id='word_1_462' title='bbox 557 4493 661 4543; x_wconf 78' lang='lat' dir='ltr'>l&#39;elclrm.</span> <span class='ocrx_word' id='word_1_463' title='bbox 713 4489 781 4542; x_wconf 72' lang='grc' dir='ltr'>θεοῦ</span> <span class='ocrx_word' id='word_1_464' title='bbox 799 4482 865 4541; x_wconf 77' lang='grc' dir='ltr'><strong>ἐστι.</strong></span> <span class='ocrx_word' id='word_1_465' title='bbox 899 4489 945 4541; x_wconf 76' lang='lat' dir='ltr'>dlii</span> <span class='ocrx_word' id='word_1_466' title='bbox 963 4495 986 4540; x_wconf 85' lang='lat' dir='ltr'>et</span> <span class='ocrx_word' id='word_1_467' title='bbox 1004 4475 1224 4539; x_wconf 69' lang='lat' dir='ltr'>canomannica.</span> <span class='ocrx_word' id='word_1_468' title='bbox 1308 4512 1311 4517; x_wconf 88' lang='lat'>·</span> 
     </span>
    </p>
   </div>
   <div class='ocr_carea' id='block_1_5' title="bbox 0 0 1491 5092">
    <p class='ocr_par' dir='ltr' id='par_1_11' title="bbox 0 0 1491 5092">
     <span class='ocr_line' id='line_1_43' title="bbox 0 0 1491 5092; baseline 0 0"><span class='ocrx_word' id='word_1_469' title='bbox 0 0 1491 5092; x_wconf 95' lang='lat' dir='ltr'> </span> 
     </span>
    </p>
   </div>
  </div>
 </body>
</html>
