2934 5078
594 278 769 325 mmm.
1254 272 1296 335 ’Β

26 428 166 503 litantia,
218 430 391 495 studium
426 430 566 492 invidiam
605 430 783 495 adversariis
816 434 936 497 creandi
966 453 1001 499 ex
1033 437 1296 501 consecutionibus

29 532 161 612 ipsssqrm
182 550 256 613 per
280 532 354 595 has
379 531 551 595 lacessendi
571 531 607 592 ad
631 550 751 595 errores
774 552 847 597 suos
869 537 1068 609 evomendos,
1085 538 1295 601 ‘continuatio-

33 650 91 695 ιω
119 633 280 695 veritatis
308 652 355 695 ex
380 631 561 699 miraculis,
582 632 661 694 reiut
684 652 720 695 es
751 635 894 698 miraculo
926 637 1034 700 mortis
1064 637 1142 711 Arii,
1175 639 1295 720 dequo

38 734 209 798 lthmssius
227 735 266 796 in
286 752 348 815 ep.
365 733 406 796 ad
421 732 615 812 Serapionem
632 735 752 797 imtrem
767 736 846 816 tipp.
863 738 949 800 Toni.
965 739 987 800 l.
1003 756 1033 818 p.
1043 740 1118 803 269.
1135 741 1182 802 ed.
1193 740 1292 805 Patsr.

42 835 128 897 l'aoeo
148 836 253 917 plura
280 836 425 898 istorum
447 834 565 908 similia,
589 852 664 914 quae
684 836 793 915 partim
814 836 865 899 illo
879 838 937 901 iam
960 848 1094 920 temporo
1109 840 1139 901 in
1154 840 1221 902 aliis
1243 843 1294 905 in·

45 937 166 1018 rreparit
188 935 381 1017 Gregorius
403 934 606 997 Nazianzenus
634 954 691 997 neo
719 944 874 1001 tamense
896 940 994 1019 ipsum
1016 939 1052 1001 ab
1074 940 1181 1003 iisdem
1203 961 1294 1022 pror·

48 1057 91 1100 sas
111 1039 296 1100 inmunem
310 1017 487 1117 ¹praestare
514 1036 620 1116 potuit.
665 1037 753 1111 Quod
775 1056 862 1108 vero,
885 1049 918 1102 nt
940 1058 1030 1120 supra
1051 1041 1294 1120 significavimus,

50 1138 179 1202 inerunt
225 1137 388 1212 nonnulli,
421 1137 613 1199 Athanasium
645 1139 676 1199 iu
710 1139 831 1219 scriptis
863 1141 926 1203 suia
957 1140 993 1203 ad
1024 1159 1165 1204 nauseam
1197 1162 1295 1224 usqua

53 1241 143 1303 adem
165 1240 240 1302 lere
265 1239 340 1301 aliis
361 1238 462 1301 serbis
482 1248 616 1318 repetere
638 1251 668 1302 et
689 1241 754 1301 sins
776 1240 891 1302 delectu
913 1241 1012 1303 omnia
1034 1242 1183 1320 arripere,
1217 1262 1294 1323 quas
1394 1256 1398 1263 '

56 1360 249 1405 emesenae
265 1340 373 1421 aliquo
389 1340 479 1401 niodo
494 1340 671 1420 patrocinari
688 1341 868 1416 riderentur,
889 1360 947 1404 nec
961 1342 1081 1405 niodum
1104 1351 1135 1407 ct
1156 1344 1293 1406 ordinem

58 1442 136 1504 rrhus
158 1441 335 1514 adhihere,
364 1442 466 1520 itaque
494 1441 713 1521 ineloquentia
741 1443 787 1504 rel
816 1443 847 1504 iu
870 1461 927 1505 usu
950 1462 983 1505 ac
1005 1444 1120 1506 ratione
1143 1443 1294 1507 scribendi

60 1543 170 1617 lasilio,
188 1544 349 1623 Gregorio
364 1541 548 1604 Nazianzenc
570 1543 694 1621 aliisque
716 1544 831 1617 cedere,
855 1545 884 1605 id
906 1544 1007 1624 iniquo
1022 1563 1057 1606 ac
1077 1554 1189 1607 temere
1211 1545 1292 1607 iudi-

63 1656 147 1707 utum
170 1654 223 1708 est
247 1652 283 1706 et
303 1643 481 1724 peritiorum
503 1643 632 1705 iudicum
661 1645 817 1708 sententiis
848 1646 1025 1708 contutatur.
1068 1645 1191 1708 Praeter
1210 1646 1293 1708 Pho·

64 1748 124 1808 timu
147 1748 210 1808 iam
236 1762 323 1807 ame
344 1753 608 1807 commemoratum
629 1746 776 1825 imprimis
799 1746 963 1808 audiendus
985 1755 1032 1808 est
1046 1747 1292 1821 llontlauoonius,
1425 1751 1433 1771 ⁸

65 1849 246 1909 nistimatur
269 1846 377 1908 harum
409 1846 574 1909 litterarum
596 1846 702 1909 doctus
724 1857 755 1910 et
776 1849 960 1926 intelligens,
989 1847 1072 1910 onius
1100 1848 1189 1909 rerha
1211 1849 1293 1927 quod

66 1947 113 2010 lue
132 1946 335 2028 mnsoeipsi,
364 1954 480 2027 gratum
503 1948 567 2009 lore
588 1967 678 2028 sparo
699 1948 859 2011 lectoribus
882 1958 913 2011 et
933 1949 1014 2010 utile.
1058 1948 1138 2022 „Sed
1161 1949 1292 2027 paulum,

66 2049 160 2129 inquit,
184 2048 265 2111 lihet
287 2048 427 2128 spatiari:
450 2048 561 2127 etquis
576 2056 686 2111 tantam
702 2049 818 2112 laudem
835 2050 899 2114 tulit
915 2050 1100 2125 Atlranasius,
1123 2059 1153 2110 et
1173 2048 1294 2128 quidem

66 2169 79 2210 a
103 2150 234 2212 laudatis
266 2149 356 2224 siris,
379 2156 413 2210 ut
442 2148 669 2228 elegantissimis
697 2151 836 2212 Graeciae
864 2150 1060 2231 scriptoribus
1086 2150 1292 2221 anteierretur,

66 2251 115 2313 iaus
135 2270 197 2332 qna
221 2250 254 2311 in
278 2260 503 2330 repraestare,
531 2268 588 2329 qua
611 2252 681 2312 item
703 2252 769 2314 aliis
792 2253 930 2314 nonnihil
951 2253 1057 2314 cedere
1083 2250 1218 2313 rideatur
1238 2270 1292 2313 cs·

66 2355 245 2432 pendentum
276 2360 307 2413 et
329 2369 406 2431 quae
429 2351 532 2413 crebro
554 2352 706 2414 Athanasii
734 2355 844 2433 scripta
872 2354 1052 2433 regustando
1081 2352 1292 2432 comperimus,

65 2470 269 2533 proponemus
301 2438 440 2514 studioso
471 2452 583 2514 lectori.
628 2453 728 2517 Primo
763 2456 881 2534 quidem
910 2456 936 2516 si
959 2454 1093 2533 Gregorii
1116 2452 1293 2514 Nazianzeni

66 2553 137 2617 illam
159 2554 356 2635 quadrandae
388 2554 531 2616 orationis
559 2555 751 2629 industrium,
786 2556 810 2617 si
846 2575 987 2618 ntrmeros
1009 2565 1142 2635 spectes,
1176 2555 1294 2617 abhoc

66 2656 250 2737 eloquentiae
273 2672 383 2734 genere
406 2653 518 2717 alienus
547 2674 666 2735 semper
693 2658 750 2718 luit
770 2658 964 2730 Athanasius,
992 2658 1077 2718 cuius
1105 2655 1195 2716 dictio
1224 2654 1293 2733 plus

66 2756 148 2818 hahet
176 2756 294 2817 nativae
324 2754 486 2833 elegantiae
512 2776 597 2835 quam
628 2728 806 2818 artificiosae
834 2758 1011 2836 diligentiae.
1055 2756 1092 2817 Et
1121 2755 1146 2816 si
1174 2754 1293 2833 qnando

66 2856 109 2919 hic
128 2857 301 2937 plusculum
324 2857 398 2917 artis
421 2857 571 2929 adhibeat,
605 2866 638 2918 ut
659 2858 690 2917 in
713 2858 848 2918 oratione
881 2867 983 2919 contra
1006 2858 1133 2930 Gentes,
1167 2855 1293 2935 epistola

67 2958 98 3019 ad
119 2958 332 3031 Dracontium,
360 2956 495 3038 apologia
523 2958 559 3020 ad
583 2958 805 3033 Constantium,
828 2959 866 3020 ita
890 2970 988 3021 muron
1011 2958 1110 3020 omnia
1134 2964 1291 3036 temperat,

66 3068 95 3119 ut
113 3040 206 3122 lateat
227 3058 386 3120 artificium
409 3067 438 3118 st
460 3061 554 3120 oratio
574 3078 636 3120 non
659 3060 811 3134 adstricta,
834 3061 887 3121 sed
903 3061 1030 3122 renuisse
1052 3077 1212 3120 numerosa
1235 3058 1291 3119 sit:

66 3170 163 3222 contra
187 3178 261 3221 reru
276 3158 451 3238 Gregorius,
473 3159 548 3221 ultra
563 3161 720 3240 aliquando
743 3180 830 3240 quam
853 3163 926 3223 satis
943 3163 992 3233 sit,
1016 3160 1292 3238 circumscriptione

66 3271 93 3321 et
111 3261 225 3324 ambitu
250 3261 358 3335 utitur,
393 3268 424 3321 ut
456 3261 544 3322 certis
575 3262 709 3323 numeris
741 3262 875 3335 delinita,
905 3272 1043 3341 tanquam
1072 3261 1146 3322 orbe
1168 3260 1292 3334 inclusa,

66 3373 161 3426 currat
190 3363 299 3423 oratio.
365 3361 571 3440 Chrysostomi
598 3382 686 3436 vero,
717 3363 776 3426 cori
804 3360 860 3426 καὶ
888 3355 958 3427 ἀπὸ
986 3358 1132 3446 γλώττης
1158 3360 1294 3443 μέλιτος

65 3461 202 3543 γλυκίων
224 3461 297 3545 ῥέεν
319 3454 412 3546 αὐδή,
437 3462 515 3523 illam
538 3464 702 3543 expeditam
726 3473 756 3526 et
770 3466 966 3543 profluentem
982 3458 1142 3525 ve'rbornm
1164 3463 1293 3543 copiam,

67 3565 273 3627 concinnitatis
295 3563 466 3644 leporisque
487 3565 621 3643 plenam,
644 3582 704 3626 non
726 3565 851 3644 adtingit
871 3565 1066 3637 Athanasius,
1089 3564 1138 3643 qui
1160 3563 1292 3643 plerum-

67 3685 120 3745 que
139 3685 269 3747 pressus
292 3684 327 3727 sc
348 3664 447 3726 hrevis
468 3675 531 3738 est,
565 3675 595 3727 et
621 3667 734 3727 maiore
756 3666 988 3739 sententiarum,
1022 3683 1110 3744 quarn
1132 3663 1293 3727 verborum

66 3768 207 3831 ubertate.
239 3767 347 3829 Verum
371 3767 458 3845 longe
480 3774 613 3847 praestat
634 3767 757 3839 salibus,
785 3768 885 3828 nervis
907 3777 938 3828 et
957 3766 1005 3850 τῷ
1033 3758 1155 3849 εὖτόνῳ
1178 3766 1292 3828 redun-

67 3868 191 3931 dantiam
216 3888 335 3930 omnem
359 3877 524 3930 resecante.
567 3867 711 3929 Nimirum
732 3876 863 3947 possunt
883 3887 953 3931 esse
985 3869 1109 3940 summi,
1143 3867 1194 3945 qui
1215 3868 1295 3929 inter

68 3988 97 4031 se
117 3972 179 4033 sint
200 3970 379 4033 dissimiles:
403 3969 482 4048 quod
505 3970 534 4031 in
558 3969 726 4048 eloquentia
747 3970 859 4048 pariter
880 3978 910 4030 et
932 3971 961 4030 in
985 3969 1074 4031 mutis
1098 3968 1212 4029 artibus
1235 3968 1292 4028 oh·

68 4083 204 4136 erratur.
248 4071 361 4134 Basilio
395 4078 494 4132 autern
527 4089 616 4131 nenio
648 4071 770 4151 propius
804 4070 840 4131 ad
868 4070 1019 4133 Athanasii
1049 4068 1165 4131 dicendi
1198 4084 1294 4148 genus

70 4176 182 4236 accedit.
228 4175 289 4237 Sed
321 4173 420 4253 praeit
440 4171 489 4232 ille
524 4171 741 4246 elaboratione3
774 4171 823 4233 hio
844 4172 932 4252 longa
962 4179 1093 4252 praestat
1122 4167 1293 4232 acrimonia.

71 4271 102 4334 n
114 4276 166 4338 hac
181 4279 210 4337 in
227 4284 323 4355 parte,
347 4292 424 4352 quae
440 4273 552 4335 scilicet
566 4292 676 4336 nervos
691 4282 814 4353 spectat,
831 4274 921 4346 sales,
943 4272 1152 4345 acrimoniam
1175 4283 1293 4341 omnes,
1380 4320 1389 4333 .

72 4391 126 4436 maa
147 4378 266 4457 quidem
290 4375 453 4447 sententia,
468 4375 556 4456 longe
578 4374 726 4437 antecellit
739 4375 918 4438 Athanasius
940 4375 1117 4455 estque,hoe
1131 4372 1160 4430 in
1183 4384 1295 4444 genere

72 4478 208 4561 princeps.
251 4478 375 4560 Figuris
403 4485 520 4552 annm,
548 4477 644 4541 sicuhi
672 4477 839 4540 haereticos
864 4478 1043 4549 insectatur,
1073 4474 1214 4550 frequent
1237 4474 1295 4542 ⁰⁵12
