2948 5092
101 187 181 269 '240
509 213 710 259 wumsn
725 211 947 257 ιυαυιινιτιιιι

28 375 248 450 mamea
270 367 329 452 τῆς
351 362 445 449 παρὰ
464 360 568 447 μόνου
589 363 648 427 τοῦ
671 362 755 427 θεοῦ
770 359 933 446 ἐργασίας,
957 356 1004 439 ιῦς
1016 354 1112 445 ῦμιῖς
1125 361 1243 446 λέγετε.
1279 362 1344 428 πύ-

115 492 175 557 οης
201 473 312 549 τοίνυν
342 461 530 554 ἀφροσύνης
559 463 623 530 είσλ
645 461 799 549 πλήρεις,
829 456 875 528 δι’
900 461 939 550 ἢν
960 464 1015 528 καί
1036 460 1079 528 τὰ
1099 459 1161 551 ἤδη
1183 462 1344 549 γενόμενα

114 571 303 656 νομίζουσιν
326 561 486 634 ἀδύνατον
510 559 595 632 εἶναι
616 569 791 649 γενέσθαι.’
820 557 938 650 ἢτάχα
951 557 1029 630 σῦδλ
1043 568 1244 652 γεγενῆσθαι
1259 560 1344 632 αὐτὰ

115 671 346 760 φαντάζονται,
371 667 540 754 ζητοῦντες
561 666 611 732 ἔτι
631 663 689 730 τόν
710 671 856 752 μεσίτην.
882 663 966 731 κατὰ
977 663 1038 751 γὰρ
1048 664 1107 753 τὴν
1120 662 1227 745 οῦτως
1239 662 1342 753 ἆσεβῆ

113 777 168 841 καί
189 771 304 858 μωρὰν
327 769 478 836 διάνοιαν
501 761 609 832 αὐτῶν
631 760 705 831 οὐδ’
731 761 771 834 δν
794 763 919 854 ῦπέστη
942 765 1003 833 ’τὰ
1018 764 1107 847 ὄντα,
1131 767 1176 856 μὴ
1193 765 1344 855 εὑρισκο-

112 880 213 959 μένου
236 877 296 940 τοῦ
317 876 430 956 μέσου.

199 982 250 1042 27.
291 967 379 1039 Ἀλλ’
410 971 514 1038 έκεῖνο
543 969 745 1057 φάσκουσιν·
775 970 847 1037 ἰδού
879 972 915 1037 δὲ
936 974 989 1036 καὶ
1014 971 1070 1037 διὰ
1090 977 1248 1050 Μωσέως
1272 972 1343 1060 ἐξὴ-

103 1081 193 1162 ’γαγε
222 1074 281 1142 τόν
309 1072 390 1161 λαόν
419 1071 454 1152 ἐξ
466 1070 669 1156 ,Αίγύπταυ,
703 1074 756 1139 καί
786 1068 832 1138 δι’
859 1066 959 1137 αὐτοῦ
983 1072 1040 1138 τὸν
1062 1072 1163 1155 νόμον
1185 1074 1341 1153 1’δέδωκε

113 1183 223 1243 καίτοι
250 1175 306 1242 καὶ
334 1170 435 1242 αύτοῦ
463 1173 678 1259 τυγχάνοντος
705 1170 907 1258 ἀνθρώπου·
936 1169 1018 1252 ὥςιε
1040 1173 1179 1241 δυνατὸν
1203 1174 1262 1242 διὰ
1283 1180 1342 1241 τοῦ

115 1273 231 1363 ὁμοίου
253 1276 295 1344 τὰ
317 1272 418 1362 ὅμοια
438 1281 603 1364 γίνεσθαι.
640 1277 738 1342 τοῦτο
767 1275 803 1340 δὲ
830 1277 936 1359 λέγειν
958 1271 1080 1375 αύτούς
1098 1275 1344 1362 ίγκαλυπτσμέ-

114 1403 192 1459 νους
214 1379 367 1466 ἔπρεπεν,
391 1378 447 1444 ἵνα
467 1376 512 1465 μὴ
536 1376 662 1464 πολλὴν
684 1375 839 1460 αίσχύνην
855 1370 1108 1462 ύπενέγκωνται.
1132 1381 1266 1464 Μωσῆς
1279 1381 1341 1466 γὰρ

114 1476 153 1547 ού
184 1481 391 1568 δημιουργεῖν
421 1478 588 1564 ἐπέμπετο
618 1473 694 1544 οῦδὲ
716 1475 774 1543 οτὰ
795 1476 840 1564 μὴ
864 1474 944 1544 ὄντα
967 1477 1015 1556 είς
1035 1479 1074 1543 τὸ
1097 1472 1182 1545 εἶναι
1203 1482 1342 1547 καλέσαι

113 1585 168 1648 καί
191 1581 321 1648 πλάσαι
342 1581 419 1660 τοὺς
441 1577 574 1665 ὁμοίους
596 1573 809 1663 ἀνθρώπους,
835 1573 919 1645 ἀλλὰ
942 1579 1137 1665 διακονῆσαι
1157 1580 1261 1664 μόνον
1283 1580 1341 1670 ῥή-

113 1708 203 1768 ματα
218 1683 311 1769 πρὸς
331 1682 389 1749 τόν
411 1681 490 1749 λαόν
510 1683 563 1746 καί
580 1679 667 1764 πρὸς
681 1679 760 1746 ιιτὸν
774 1682 916 1765 βασιλέα
933 1680 1070 1766 Φαραώ.
1107 1681 1173 1764 ἔχει
1189 1683 1340 1749 δὲταῦτα

114 1784 243 1872 πολλὴν
264 1783 323 1872 τὴν
346 1781 518 1872 διαφοράν,
543 1776 596 1846 ὅτι
617 1780 656 1846 τὸ
677 1782 738 1864 μὲν
761 1781 926 1849 διακονεῖν
947 1786 1015 1848 τῶν
1037 1787 1179 1870 γενητῶν
1203 1778 1249 1863 ὦς
1264 1785 1339 1851 δού-

114 1887 181 1952 λων
203 1885 289 1966 έστί,
314 1886 353 1952 τὸ
375 1887 581 1972 δημιουργεῖν
603 1882 639 1947 δὲ
661 1880 717 1949 καὶ
737 1883 856 1964 κτίζειν
877 1883 981 1967 μόνου
1003 1888 1062 1951 τοῦ
1083 1888 1167 1952 θεοῦ
1191 1885 1341 1953 ἐστικαὶ

113 1992 173 2054 τοῦ
203 1988 289 2055 ἰδίου
319 1982 417 2054 αὐτοῦ
447 1983 543 2068 λόγου
571 1982 706 2068 καὶτῆς
728 1990 859 2071 σοφίας.
899 1986 956 2052 διὰ
977 1991 1076 2053 τοῦτο
1097 1990 1175 2073 γοῦν
1199 1987 1260 2055 ἐπὶ
1280 1991 1341 2073 μὲν

27 2093 173 2155 νου-τοῦ
202 2091 409 2176 δημιουργεῖν
437 2078 496 2150 ούκ
524 2081 564 2149 δν
586 2107 638 2162 τις
660 2082 769 2151 ἄλλον·
784 2082 884 2170 εῦροι,
908 2083 947 2174 ’ἢ
967 2088 1070 2172 μόνον
1092 2087 1150 2156 τὸν
1172 2093 1231 2156 τοῦ
1255 2094 1340 2158 θεοῦ

114 2189 228 2276 λόγον·
250 2190 362 2258 πάντα
380 2180 440 2273 γῦρ
463 2184 497 2251 έν
520 2191 626 2271 σοφίᾳ
646 2192 757 2271 γέγονε
766 2191 801 2266 “),
825 2187 881 2254 καὶ
900 2188 1002 2275 χωρὶς
1023 2190 1196 2276 τοῦλόγου
1213 2192 1340 2278 ἐγένετο

115 2287 192 2360 οὐδὲ
214 2294 294 2372 ἕν’),
317 2288 401 2374 πρὸς
423 2284 540 2365 δὲτὰς
562 2287 731 2367 διακονίας
753 2283 812 2371 οῦχ
835 2285 883 2368 είς
906 2285 975 2357 ἀλλ’
1000 2291 1036 2358 ἐκ
1056 2291 1193 2360 πάντων
1215 2296 1339 2361 πολλοί

114 2393 208 2475 εἰσιν,
232 2393 288 2474 οὓς
309 2390 364 2458 ίὰν
385 2388 469 2475 θέλῃ
492 2394 640 2472 πέμπειν
664 2386 681 2455 ό
704 2389 824 2481 κύριος.
863 2393 984 2461 πολλοὶ
1006 2395 1067 2478 μὲν
1089 2395 1165 2481 ’γὰρ
1182 2391 1338 2482 ἀρχάγγε-

112 2497 180 2577 λοι,
200 2495 318 2564 πολλοί
340 2491 376 2557 δὲ
396 2489 519 2575 θρόνοι
540 2493 593 2557 καί
617 2484 766 2571 ἐξουσίαι
787 2492 844 2559 καὶ
864 2494 1061 2583 κυριότητες,
1083 2497 1190 2579 χίλιαί
1203 2524 1241 2565 τε
1253 2500 1338 2581 χιλι-

113 2596 190 2678 ἀδες
210 2599 263 2664 καί
284 2591 398 2680 μύριαι
419 2591 605 2676 μυριόδεςλ)
627 2595 856 2682 παρεστήκασι
870 2597 1164 2682 ῦλειτουργούντων
1180 2602 1233 2665 καὶ
1252 2600 1338 2666 ἑτοί-

30 2720 35 2727 ·
111 2725 183 2784 μων
205 2698 252 2776 τίς
271 2693 309 2760 τὸ
331 2689 618 2774 ἀποστέλλεσθαι,
649 2696 705 2763 καὶ
727 2701 900 2784 προφῆται
921 2701 982 2782 μὲν
1004 2702 1141 2780 πολλοί,
1171 2703 1225 2766 καί
1250 2695 1338 2767 διπύ-

112 2802 225 2867 οτολοι
250 2796 286 2862 δὲ
314 2795 391 2860 δέκα
412 2795 468 2862 καὶ
489 2795 548 2863 δύο
571 2794 689 2864 aar&
711 2801 862 2880 Παῦλος,
885 2804 940 2866 καί
963 2806 1094 2888 Μωσῆς
1117 2804 1153 2869 δὲ
1175 2797 1277 2882 αύτὸς
1299 2793 1338 2868 οῦ

111 2901 212 2988 μόνος
232 2891 314 2964 ἆλλόι
335 2896 391 2963 καὶ
409 2893 539 2984 Ἀαρὼν
562 2899 621 2966 σὺν
644 2895 743 2987 αύτῷ,
766 2901 822 2967 καί
843 2901 928 2986 μετὰ
948 2907 1053 2970 ταῦτα
1074 2902 1172 2970 ἄλλοι
1194 2904 1336 2991 ἑβδομή-

111 3026 211 3072 κοντα
228 2995 415 3081 πνεύματος
438 2998 684 3088 ἐπληρώθησαν
707 2997 840 3088 ἁγίουλ,
864 3003 920 3069 καὶ
934 3008 1065 3091 Μωσῆν
1088 3005 1258 3084 διεδέξατο
1278 3000 1337 3092 ’1η-

110 3106 189 3181 σιῦς
210 3095 228 3166 ό
248 3101 307 3164 τοῦ
330 3100 434 3187 Ναυή,
458 3095 606 3187 κᾴκεῖνον
630 3104 663 3169 οἱ
677 3110 796 3188 κριταί,
819 3099 988 3191 κᾷκείνους
1003 3102 1061 3189 ούχ
1076 3101 1124 3185 είς
1139 3101 1225 3173 ἀλλὰ
1239 3109 1338 3174 πλεῖ-

109 3225 184 3272 στοι
202 3201 361 3286 βασιλεῖς.
396 3202 491 3288 ε’ίπερ
515 3192 572 3269 οὖν
594 3203 665 3269 ἰκαὶ
684 3211 806 3289 κτίσμα
827 3195 867 3293 ἦν
888 3211 942 3273 καὶ
964 3211 1030 3273 τῶν
1052 3212 1195 3295 γενητῶν
1218 3205 1333 3288 όυίός,

108 3303 175 3372 λόει
194 3303 249 3368 καλ
270 3302 417 3381 πολλοὺς
440 3298 716 3385 ελναιτοιούτους
737 3307 838 3386 υἱούς,
862 3307 918 3374 ἵνα
932 3307 988 3374 καὶ
1003 3309 1148 3388 πολλοὺς
1161 3310 1338 3393 τοιούτους

107 3402 278 3482 διακόνους
301 3404 354 3492 ίχη
378 3401 396 3471 ὁ
419 3405 511 3485 θεός,
533 3408 690 3492 καθάπερ
712 3412 766 3476 καλ
789 3408 935 3476 ἐπὶτῶν
959 3408 1067 3477 ἄλλων
1082 3412 1219 3499 πλῆθός
1234 3412 1334 3480 ἔστιν.

106 3504 136 3572 εί
158 3504 193 3570 δὲ
215 3509 313 3571 τοῦτο
337 3501 395 3572 οῦκ
418 3507 507 3575 ἔστιν
531 3508 629 3589 ίδεῖν,
660 3504 745 3576 ἀλλὰ
772 3511 894 3595 τὰμὲν
917 3518 1079 3590 κτίσματα
1100 3513 1226 3591 πολλά,
1257 3510 1335 3580 ῦδὲ

104 3601 201 3690 λόγος
222 3600 373 3707 είςηέστι,
396 3615 447 3687 τίς
469 3604 507 3674 ού
530 3613 653 3698 συνορᾷ
674 3614 729 3677 καί
752 3611 787 3679 ἐκ
808 3612 964 3692 ῑτούτων,
990 3608 1043 3680 ῦτι
1065 3609 1170 3693 όυίὸς
1186 3616 1337 3701 διέστηκε

103 3707 171 3772 τῶν
199 3705 350 3789 πάντων,
380 3711 434 3776 καί
463 3705 501 3776 ού
524 3712 610 3797 πρὸς
631 3711 674 3779 τὰ
694 3719 858 3799 κτίσματα
879 3713 937 3800 τὴν
961 3714 1114 3794 ἓξίσωσιν
1137 3716 1218 3800 ἔχει,
1250 3712 1337 3784 ἄλλα

104 3806 190 3892 πρὸς
217 3806 274 3874 τὸν
303 3815 433 3895 πατέρα
446 3803 534 3913 ,τὴν
548 3812 715 3901 ίδιότητα,·
757 3810 838 3882 ὅθεν
861 3810 937 3882 οῦδὲ
960 3816 1082 3883 πολλοὶ
1104 3817 1213 3904 λόγοι,
1249 3812 1337 3886 ἀλλὰ

176 4015 591 4082 15Psa1.104[103.txx.]‚24.
628 4021 807 4083 2)Ιοεσ.ῖ,3.
843 4021 868 4082 3)
888 4022 1068 4084 nnnie1.7,10.
1104 4024 1211 4079 Mum,
1234 4027 1272 4086 11,
1292 4026 1334 4077 25.

138 4182 159 4216 ι.
177 4168 278 4229 ὃιςυιι.
296 4169 366 4219 Gobl.
377 4170 514 4221 ιιῖείαλισ.
527 4173 549 4222 1.
565 4166 599 4220 τὰ
616 4165 691 4222 ὄντα.
777 4175 800 4224 b.
819 4174 919 4236 8ιςυει.
938 4175 1009 4225 ὓοοί.
1028 4176 1166 4227 ιιίιΙιΙιω.
1183 4179 1204 4227 ¹.
1223 4173 1334 4230 δέδωκε.

104 4233 165 4284 Editi
184 4244 208 4285 ιι
225 4237 266 4284 alii
284 4231 319 4284 τὰ
335 4231 446 4300 γτνητά.
480 4239 573 4289 Ibidem
591 4242 690 4302 Seguer.
743 4243 821 4292 Ceteri
840 4251 864 4291 ει
882 4243 939 4292 editi
956 4234 1047 4292 ίδωκε,

105 4303 318 4353 ίὶοίιίιυίῖιλτίιυι.
334 4306 423 4356 Lm.
441 4304 489 4354 τοῦ
505 4303 599 4372 μέσου.
630 4310 692 4358 Εδίιί
778 4326 798 4359 ε.
817 4311 917 4372 ὃεςυει.
943 4311 998 4372 Reg.
1024 4312 1121 4362 (ῖολίιι.
1141 4321 1166 4362 ει
1184 4313 1291 4363 ῖιΙεΙιιυ.
1314 4316 1335 4364 1.

104 4377 128 4418 ιι
146 4368 252 4419 δήτοῦ
305 4366 390 4420 σίτου.
435 4375 486 4424 θαι
511 4377 647 4431 Ριίυλσια.
666 4377 690 4426 λ
744 4368 806 4426 οῦδὲ
824 4371 914 4443 τὰμὴ
932 4368 1008 4426 ὄντα.
1047 4381 1090 4429 Am
1110 4390 1133 4429 ει
1151 4372 1335 4448 eamdam}

104 4427 164 4484 ἰδοῦ
181 4432 211 4487 δὲ
228 4384 303 4488 καλέε
694 4498 698 4503 ,
743 4436 818 4495 ὄντα.
853 4446 904 4497 θυι
921 4441 969 4495 κτλ
984 4439 1086 4496 πλάσαι
1103 4450 1172 4499 deest
1190 4451 1214 4500 in
1231 4452 1337 4514 Smer.
