2948 5092
460 282 605 326 srrsroea
620 282 652 324 rr.
669 283 704 324 ao
722 280 917 326 sesamam.
1227 266 1284 330 751

56 434 242 521 promtio‘res
265 453 334 496 esse
356 435 475 514 possint
498 453 564 494 cum
587 432 622 493 ad
644 433 774 494 breviter
796 433 1035 512 respondendum
1060 433 1117 505 liis,
1140 436 1189 513 qni
1205 436 1371 513 ipsosmet.

57 541 95 603 de
119 539 177 600 lide
199 547 304 598 nostra
327 537 524 614 interrogant,
547 545 608 595 tum
632 534 669 594 ad
691 534 799 613 impios
822 535 1008 605 refutandum
1032 535 1059 594 id
1086 555 1139 613 ego
1163 555 1198 595 ro
1222 556 1286 598 ma·

58 642 125 703 iore
148 639 254 700 fiducia
277 638 404 717 suscepi,
429 637 507 716 quod
531 655 597 696 cum
620 643 699 697 recta
723 636 765 696 sis
789 635 939 714 praeditus
960 637 1150 707 conscicntia,
1175 638 1288 716 siquid

59 743 207 805 omissum
232 740 335 811 luerit,
364 747 394 798 tu
426 739 490 816 ipse
513 757 573 797 non
596 755 682 816 aegre
705 736 868 816 supplebis.
912 737 1011 798 Ariani
1034 739 1087 798 toti
1109 736 1145 798 ad
1170 741 1288 818 seipsos
1335 741 1337 745 ’

59 843 209 915 conversi,
232 840 363 918 nihilque
386 839 464 900 aliud
487 846 573 918 atque
596 837 675 916 quod
698 847 778 898 extra
800 839 882 916 ipsos
898 839 1028 918 positum
1045 848 1091 900 est
1105 859 1188 900 more
1211 842 1288 903 Sad-

59 944 241 1006 ducaeorum
265 943 442 1020 cogitantes,
477 940 604 1000 divinam
627 939 808 1018 scripturam
832 939 968 1000 humanis
991 942 1152 1002 ratiociniis
1175 958 1288 1022 rupen-2

60 1047 145 1108 dunt.
190 1045 263 1105 Cum
294 1044 382 1122 igitur
412 1042 514 1119 Filium
544 1040 639 1101 Patris
668 1041 858 1119 sapientiam,
890 1041 1079 1120 splendorem
1110 1053 1138 1103 et
1162 1045 1289 1106 Verbum

61 1167 131 1211 esse
154 1147 290 1218 audiunt,
313 1144 497 1224 percunctari
520 1143 633 1215 solent,
656 1148 706 1221 qui
728 1143 806 1204 istud
830 1145 927 1222 possit
951 1163 1032 1216 esse,
1062 1146 1146 1224 qnasi
1169 1145 1197 1204 id
1220 1164 1289 1208 esse

59 1267 124 1311 non
146 1249 260 1327 possit,
289 1247 368 1325 quod
397 1246 455 1325 ipsi
484 1245 648 1322 intelligere
676 1262 736 1304 non
767 1253 889 1322 queunt.
934 1246 1020 1306 Certe
1042 1246 1119 1306 idem
1142 1266 1290 1327 peraeque

59 1368 225 1431 possumus
247 1349 285 1410 de
307 1350 445 1410 universo
461 1347 572 1407 mundo
591 1345 755 1424 inquirere:
779 1345 937 1418 Quomodo
952 1364 1012 1419 res,
1036 1365 1110 1425 quae
1132 1349 1289 1427 aliquando

29 1456 124 1513 'uon
147 1460 220 1523 erat,
241 1452 337 1530 potuit
360 1447 447 1510 lieri?
492 1447 649 1520 Quomodo
672 1447 769 1526 pulvis
791 1455 885 1508 terrae
907 1449 1004 1528 potuit
1026 1450 1102 1510 ellici
1125 1452 1215 1512 lromo
1238 1470 1288 1512 ra·

62 1554 145 1615 tione
167 1550 343 1630 praeditus?
388 1551 546 1623 Quomodo
576 1548 655 1638 quod
684 1550 868 1628 corruptioni
898 1549 1064 1611 subiectum
1092 1560 1153 1625 cst,
1186 1554 1289 1614 incor-

61 1662 184 1733 ruptum
207 1653 270 1713 lieri
293 1650 417 1732 potest?
462 1651 620 1724 Quomodo
635 1661 713 1712 terra
735 1668 827 1730 super
848 1652 940 1712 maria
962 1652 1081 1713 lundata
1104 1662 1160 1727 est,
1183 1662 1213 1714 et
1235 1673 1289 1715 su-

61 1773 119 1836 per
147 1755 267 1816 llumina
303 1753 486 1834 praeparavit
519 1771 596 1824 eant,
612 1750 717 1813 Deus?
761 1752 894 1832 [lenique
925 1753 999 1814 nihil
1031 1754 1107 1816 aliud
1141 1763 1290 1834 superest,

62 1875 152 1938 quam
176 1864 209 1917 ut
231 1857 288 1937 ipsi
312 1857 369 1917 sibi
392 1855 504 1917 dicant:
533 1854 745 1917 Manducemus
769 1866 797 1917 et
820 1857 962 1927 dedamus,
988 1874 1056 1918 cros
1079 1861 1157 1919 enam
1177 1862 1293 1920 morie-

62 1978 143 2031 ntur,
167 1967 200 2020 ut
221 1959 355 2020 videlicet
376 1958 523 2037 corruptis
545 1956 602 2018 illis
626 1957 713 2018 simul
736 1967 942 2037 corrumpatur
964 1959 1067 2020 insana
1091 1977 1195 2020 eorum
1216 1959 1291 2021 hae-

62 2061 152 2123 resis.
620 2056 623 2074 ¹

149 2165 181 2226 2.
226 2162 303 2222 Nihil
326 2164 415 2241 igitur
437 2161 496 2221 nisi
517 2160 642 2221 mortale
672 2167 702 2221 et
724 2168 896 2239 corruptum
918 2170 964 2221 est
985 2162 1017 2222 in
1040 2162 1094 2223 hac
1115 2163 1291 2244 drianqrum

63 2265 222 2327 sententia.
266 2264 303 2324 dt
323 2263 455 2324 veritatis
479 2280 590 2334 sermo,
614 2278 700 2339 quem
723 2261 824 2340 utique
844 2261 911 2322 illos
928 2263 1063 2324 meditari
1079 2264 1209 2337 decebat,
1232 2266 1291 2328 hu·

15 2391 19 2397 ·
63 2365 196 2428 iusmodi
219 2374 279 2427 est:
304 2365 334 2425 Si
358 2368 435 2437 lons,
459 2364 484 2425 si
507 2364 565 2436 lux,
589 2364 612 2423 si
636 2371 720 2441 pater
741 2372 787 2423 est
809 2364 899 2437 Deus,
926 2366 1009 2426 nelas
1032 2375 1112 2427 certe
1135 2366 1214 2427 dictu
1237 2374 1292 2440 est,

65 2468 109 2531 rel
131 2468 244 2529 lontem
267 2467 381 2528 aridum
404 2467 449 2526 vel
472 2466 566 2526 lucem
589 2464 654 2525 sine
676 2463 837 2543 splendore
859 2465 903 2525 vel
923 2465 1015 2526 lleum
1038 2467 1103 2527 sine
1118 2467 1214 2528 Verbo
1231 2468 1293 2528 sire
1382 2488 1389 2500 ·

64 2568 180 2630 ratione
204 2587 282 2641 esse,
305 2587 343 2629 ne
365 2567 499 2628 videlicet
521 2565 693 2645 sapientiae,
718 2565 842 2626 rationis
866 2573 896 2627 et
918 2565 1086 2646 splendoris
1103 2587 1209 2648 expers
1225 2586 1292 2631 cre-
1341 2548 1348 2559 ’

64 2671 153 2732 datur
174 2671 264 2732 lleus.
309 2671 410 2750 ltaque
433 2669 500 2749 quia
523 2677 662 2730 aeternus
686 2676 733 2728 est
756 2668 859 2740 Pater,
884 2686 1007 2730 necesse
1030 2678 1076 2730 est
1097 2670 1202 2731 Filium
1224 2687 1293 2731 esse

65 2790 186 2853 quoque
208 2781 372 2833 aeternum.
418 2772 616 2848 Quaecunque
639 2768 718 2830 enim
737 2769 766 2829 iu
784 2769 868 2830 Patre
884 2788 951 2830 esse
968 2768 1208 2844 intellexerimus,
1231 2789 1294 2834 non

65 2885 113 2936 est
136 2873 329 2936 dubitandum
352 2874 423 2953 quin
447 2873 520 2933 llaec
542 2871 643 2933 eedem
667 2870 778 2932 sintin
802 2870 887 2944 Filio,
912 2890 977 2933 cum
1000 2874 1065 2952 ipse
1079 2872 1222 2934 llominus
1245 2873 1305 2934 di·—

64 2986 128 3039 mt:
154 2977 272 3051 omniq
295 2992 485 3058 quaecuuque
509 2974 596 3036 dolet
618 2973 718 3042 Peter,
741 2991 807 3034 aneo
828 2984 915 3044 suut,
939 2983 969 3034 ct
990 2992 1053 3035 mea
1077 2976 1175 3035 omnia
1198 2974 1378 3038 Patrisrssc

65 3088 147 3141 sunt.
193 3078 294 3156 ltaque
316 3086 452 3139 aeternus
476 3085 522 3137 est
544 3076 646 3149 Pater3
677 3082 821 3136 aeternus
845 3076 915 3135 item
939 3085 985 3136 est
1006 3076 1116 3150 Filius,
1149 3077 1296 3157 siquidem

64 3198 121 3262 per
143 3177 225 3241 illum
248 3180 321 3240 lacta
344 3187 415 3241 sunt
437 3177 562 3240 saecula.
608 3177 683 3238 Vere
705 3184 750 3237 est
768 3176 869 3251 Pater,
891 3195 961 3239 rere
983 3197 1102 3258 quoque
1125 3178 1295 3241 necessario

63 3292 114 3345 est
134 3281 238 3354 Filius,
262 3286 314 3363 qua'
334 3292 494 3360 estsuper
517 3285 616 3342 omnio
638 3278 721 3341 Deus
744 3279 913 3342 benedictus
935 3284 968 3342 in
990 3280 1121 3352 soeculo,
1144 3300 1240 3353 amere,
1262 3289 1297 3344 ut

64 3385 107 3446 ait
128 3382 248 3444 Paulus.
293 3383 359 3443 Non
381 3383 449 3443 licet
471 3383 507 3442 de
530 3382 616 3442 Patre
637 3380 751 3442 dicore:
774 3381 829 3442 luit
850 3381 1005 3461 aliquando
1028 3401 1095 3444 cum
1117 3402 1178 3444 non
1201 3392 1296 3457 essem

64 3486 152 3548 nelas
174 3484 311 3546 similiter
334 3493 380 3545 est
402 3484 438 3544 de
453 3483 527 3544 Filio
550 3483 664 3545 dicere:
687 3483 743 3544 luit
756 3483 914 3563 aliquando
930 3502 996 3545 cum
1012 3503 1072 3545 non
1096 3497 1186 3548 esset.
1221 3487 1296 3547 Om-

65 3589 210 3669 nipotens
233 3594 282 3649 est
302 3586 405 3659 l‘ater3
428 3587 618 3666 omnipotens
640 3584 729 3647 stiam
752 3596 799 3647 est
819 3585 921 3659 Filius,
945 3587 1057 3648 loanne
1079 3588 1211 3649 dicente:
1237 3588 1301 3661 Qut

11 3798 16 3803 ·
108 3778 125 3825 l.
146 3776 210 3824 llaec
228 3774 298 3823 rerba
323 3764 462 3835 ὃπατὴρ,
492 3766 659 3838 ἀνάγκηκαὶ
710 3772 767 3821 editi
786 3772 885 3822 addunt.
920 3772 972 3822 llor
995 3773 1053 3822 item
1078 3774 1134 3834 ling.
1158 3772 1297 3834 Sequerian.

66 3838 81 3894 ὃ
100 3836 174 3898 υἱὸς,
204 3834 218 3888 ὅ
237 3833 276 3888 ὥν
294 3841 381 3890 deerant
400 3844 421 3889 io
442 3841 498 3904 lleg.
517 3853 540 3890 et
558 3844 658 3902 Seguer.
696 3840 808 3904 ,conten
829 3849 852 3888 et
862 3840 966 3889 Felclrm.
978 3840 1000 3888 l.
1020 3842 1132 3890 omittunt
1150 3841 1219 3889 rerba
1235 3829 1300 3887 οὐδὲ

65 3914 161 3963 lbidem
185 3913 208 3959 in
228 3911 284 3972 lleg.
302 3910 402 3970 Sequor.
427 3924 455 3956 ac
479 3910 548 3958 editis
572 3909 660 3957 scribi·
710 3899 755 3954 lut
772 3901 842 3962 υἱοῦ,
862 3923 923 3971 quae
942 3910 965 3958 in
984 3909 1037 3958 aliis
1055 3918 1078 3958 et
1096 3909 1166 3975 editis
1181 3907 1299 3956 habentur
1376 3907 1378 3911 ’
1434 3912 1437 3933 ¹

67 3965 255 4032 turslrlort,
275 3977 317 4027 sed
337 3977 449 4055 men'durp
476 3985 576 4056 estant
594 3977 659 4054 ride·
710 3982 767 4039 post
792 3969 839 4055 gut
861 3968 972 4044 πατρός,
1018 3979 1084 4036 Quae
1102 3983 1235 4054 sequuqtur
1253 3974 1299 4022 iln-

66 4059 123 4108 tur,
148 4045 351 4110 scribendumque
374 4058 414 4090 ων
431 4056 506 4091 εστιν
524 4060 538 4091 ο
557 4058 657 4110 ussup,
710 4046 765 4091 dem
785 4039 920 4110 orde'prrov
937 4036 1160 4098 εἷπεῖνέπὶυῖοῦ,
1180 4052 1298 4101 numan,

68 4124 95 4166 ut
120 4116 192 4176 exigit
215 4128 310 4162 sensus.
352 4107 491 4176 [Praeterea
519 4113 547 4162 ad
576 4126 659 4162 rocem
712 4100 758 4159 ὅτε
776 4103 824 4160 οὐκ
842 4097 876 4171 ἦν
893 4128 921 4162 ex
940 4128 998 4163 mss.
1016 4113 1089 4173 Regio
1108 4111 1265 4161 restituimus.

67 4176 175 4260 dara'yzn
195 4183 218 4230 in
238 4181 345 4242 margine
364 4180 503 4249 ednotatum
522 4190 572 4230 est:
598 4182 660 4230 lorte
746 4176 917 4243 prouiderunt
936 4183 959 4230 in
978 4181 1033 4241 lleg.
1049 4182 1148 4241 Sequer.
1160 4178 1258 4229 Gobler.
1278 4183 1302 4227 at

68 4244 196 4316 ἂναγκῃ]
232 4249 284 4297 ldox
308 4249 364 4309 Reg.
389 4247 488 4363 Smper.
513 4249 610 4299 Gobler.
638 4257 662 4298 et
711 4248 851 4300 Felclrm.l.
887 4249 978 4298 lbidem
998 4247 1095 4298 Gobler.
1115 4256 1137 4295 et
1155 4244 1301 4295 deluiml.

67 4320 178 4370 Felclm.
199 4317 220 4365 1,
246 4317 335 4365 habent
357 4307 394 4367 alr
415 4329 490 4364 enar
514 4309 660 4369 ὄΠαῦλος.
712 4315 839 4383 λέγοντος
856 4314 906 4363 τοῦ
921 4308 1063 4367 Ἰωάννου,
1084 4306 1098 4360 ὁ
1118 4305 1157 4361 ὥν
1175 4321 1220 4362 etc.
1255 4312 1301 4363 alti

66 4388 115 4438 dlii
134 4395 158 4436 ct
176 4386 233 4435 editi
250 4377 288 4437 dc
305 4371 379 4432 εἶπεν
393 4376 576 4437 deluderetur.
612 4386 661 4434 lbi·
713 4402 771 4436 mss.
781 4381 908 4449 λέγοντος
925 4383 974 4431 τοῦ
988 4374 1125 4437 Ἰωάννου,
1145 4373 1300 4446 uddulfum.

66 4457 126 4507 dem
151 4462 209 4519 post
230 4448 311 4520 θέμις
330 4453 384 4513 lleg.
403 4454 503 4514 Seguer.
523 4454 660 4504 Goblerian.
714 4447 728 4500 ὁ
747 4444 787 4501 ὤν
805 4460 850 4501 etc.
883 4452 947 4501 Editi
964 4446 1090 4515 λέγοντος
1098 4447 1148 4498 τοῦ
1161 4439 1300 4506 Ἰωάννου,

68 4531 94 4574 ct
118 4522 227 4573 Falsum.
248 4521 270 4570 l.
295 4504 344 4569 οὖν
369 4522 495 4583 omittant,
522 4529 547 4572 at
575 4521 615 4572 alli
639 4528 663 4571 et
712 4514 777 4570 τόδε
792 4515 873 4584 λέγει,
893 4511 907 4568 ὃ
926 4510 966 4567 ὧν
983 4527 1028 4569 etc.
