2948 5092
646 244 821 324 rumano.
1311 235 1348 297 il

153 399 397 463 coenosorum
420 396 592 459 lots'aorsoa
612 394 731 468 selecta,
751 413 808 477 qua
823 394 1001 475 auspicanda
1016 396 1216 472 Gersdordue
1239 398 1349 462 biblio·

152 502 230 562 theate
249 499 327 562 acad.
348 497 433 576 Lips.
456 499 635 577 praelectum,
657 495 824 576 theologiae
844 497 1014 575 patristicae
1037 498 1191 561 studiosos
1213 500 1272 564 sibi
1293 502 1350 564 de·
1399 484 1410 503 ⁸

150 602 233 674 dant,
259 618 318 662 non
340 598 377 660 iis
398 598 537 661 terminis
558 597 778 678 cirurmscripta
800 606 861 667 est,
890 605 923 661 ut
943 597 1129 663 bibliothecis
1152 610 1269 680 patrum
1291 603 1349 665 do·
1416 596 1445 689 ,¹

149 703 256 781 gnaticm
276 720 312 763 ac
331 700 489 781 polemicis
510 699 699 762 annumerari
720 698 828 778 possit.

211 802 391 865 Peculiarem
412 820 485 864 vero
504 801 581 863 inter
603 800 722 863 casdem
743 798 841 861 locum
863 799 922 862 sibi
937 801 1074 875 vindicat,
1098 821 1173 882 quae
1187 803 1224 864 ab
1238 803 1348 867 Christ.

149 904 236 966 frider.
250 903 397 965 Roeslcro
414 903 493 964 edita
515 910 546 964 et
564 903 624 964 hoc
643 909 816 982 praenotata
833 908 880 963 est
897 902 998 965 titulo:
1021 903 1189 966 Bibliotbclt
1204 906 1258 967 der
1273 905 1349 967 Kir-

148 1004 309 1068 clss-l'oter
337 1009 371 1068 in
396 1004 622 1084 Uetersctasog
649 1004 714 1066 ont
734 1005 898 1082 Aesadgeo
926 1021 982 1066 oua
1014 1004 1103 1066 ibren
1133 1006 1349 1085 stmcbmstea

146 1108 283 1170 lunden
313 1106 537 1187 dogmatiacbes
563 1104 726 1184 Sebristm'
747 1117 854 1167 somme
882 1105 947 1167 deut
978 1104 1119 1185 original
1146 1107 1200 1167 der
1226 1107 1349 1186 lloupt-

146 1208 230 1271 ttsllerr
256 1209 324 1270 and
353 1208 496 1288 sortitos
522 1206 763 1286 dumcrltatagee.
792 1204 913 1286 Lipsiae
943 1223 970 1267 a.
1009 1208 1186 1270 1776-86.
1214 1207 1250 1269 x.
1274 1207 1348 1270 Voll.

146 1307 237 1371 &nim
267 1309 373 1370 differt
403 1328 439 1371 ea
472 1307 508 1370 ab
537 1306 674 1386 reliquis,
707 1325 781 1386 quas
810 1306 972 1386 descripsi,
1006 1307 1145 1369 omnibus
1181 1325 1235 1380 eo,
1267 1309 1349 1387 quod

145 1411 231 1490 scipta
252 1420 374 1490 patrum
395 1427 569 1489 graecorum
596 1416 627 1470 et
653 1408 812 1473 latinorum
842 1425 902 1470 non
929 1408 1042 1486 integra
1071 1407 1190 1470 exbibet
1222 1419 1349 1488 utroque

146 1528 271 1585 wmone,
295 1510 349 1572 sed
372 1510 569 1591 particulatim
591 1518 621 1571 et
642 1509 764 1588 carptim
786 1509 818 1571 in
839 1509 1036 1588 germanicam
1052 1509 1192 1571 translata
1206 1509 1348 1589 linguam.

145 1610 258 1674 &teum
291 1630 353 1691 quo
382 1611 508 1673 consilio
537 1611 603 1673 talis
631 1610 808 1673 bibliotheca
841 1609 878 1673 ab
915 1610 1060 1672 lloeslero
1096 1611 1262 1695 composita
1299 1613 1348 1686 sit,

144 1710 190 1790 'pse
207 1715 237 1776 in
258 1713 446 1794 praelatione
467 1711 565 1792 primo
585 1712 727 1775 volumini
748 1711 910 1793 praemissa
928 1712 1054 1773 lectores
1077 1711 1206 1774 edocuit.
1249 1714 1347 1775 Proli-

146 1819 204 1875 tttur
223 1813 263 1875 ibi
285 1832 321 1875 se
343 1813 492 1893 theologis
515 1813 736 1888 eruditioribus,
758 1830 887 1891 quorum
907 1813 1066 1891 plurimum
1088 1813 1207 1876 intersit
1236 1833 1347 1876 monu-

145 1924 222 1976 usnta
242 1915 355 1976 veteris
379 1915 522 1977 ecclesiae
545 1924 699 1988 excutere,
733 1932 825 1993 opera
856 1932 910 1975 sua
937 1914 1084 1993 prodesse
1112 1915 1199 1977 velle:
1236 1916 1348 1995 quippe

146 2012 204 2077 'nter
221 2035 299 2095 qnos
321 2018 441 2081 noverit
460 2015 571 2077 multos
600 2016 687 2078 variis
715 2015 936 2077 difficultatibus
958 2015 1123 2095 impediri,
1155 2035 1213 2095 quo
1249 2017 1348 2079 minua

145 2114 252 2179 labium
273 2118 324 2179 his
346 2119 548 2179 monumentis
569 2115 701 2179 studium
724 2115 896 2195 impendant
916 2124 947 2178 et
967 2118 1080 2178 tructus
1108 2136 1144 2179 ex
1172 2135 1208 2179 eo
1237 2137 1348 2198 prore-

145 2216 237 2279 nicntes
258 2218 436 2298 percipiant
480 2217 646 2280 Nonnullos
669 2219 747 2279 cuim
770 2217 868 2279 minus
890 2215 1003 2296 peritos
1033 2237 1102 2306 esse
1129 2224 1261 2280 veterum
1289 2220 1330 2280 lin

145 2334 245 2394 mum
266 2321 403 2399 artisque
425 2320 544 2381 criticae
566 2329 597 2381 et
620 2318 720 2381 minus
743 2318 906 2380 instructos
922 2318 958 2379 ab
974 2318 1110 2392 historia,
1134 2338 1221 2399 quam
1237 2320 1350 2390 utsinc

145 2415 200 2481 dnos
218 2422 249 2481 in
269 2420 400 2483 lectione
422 2434 538 2501 patrum
560 2419 722 2499 procedere
750 2419 885 2498 possint:
917 2421 992 2483 alios
1016 2420 1117 2501 inopia
1138 2420 1282 2483 librorum
1303 2422 1349 2483 la·
1432 2456 1435 2463 ·

144 2516 240 2594 horare,
262 2522 344 2600 quod
368 2521 515 2583 editiones
537 2529 654 2600 patrum
677 2510 816 2583 meliores
838 2531 960 2600 propter
980 2522 1131 2583 raritatem
1161 2531 1190 2583 et
1211 2541 1349 2602 magnum

143 2623 248 2697 pretium
271 2640 436 2702 paucorum
460 2623 490 2683 in
513 2640 617 2684 manus
640 2623 775 2684 veniant:
799 2622 926 2701 denique
942 2642 1031 2702 quum
1054 2624 1164 2702 scripta
1186 2623 1369 2707 eorundem·

143 2724 229 2798 mum
251 2725 315 2784 sint
336 2723 484 2784 intellectu
508 2722 682 2795 difficiliora,
708 2723 817 2803 partim
838 2724 959 2785 maioris
982 2723 1150 2794 voluminis,
1172 2723 1247 2784 alios
1271 2724 1349 2784 mul—

142 2829 184 2891 tos,
204 2824 314 2903 quibus
336 2826 464 2885 tortasse
485 2842 545 2884 non
568 2825 646 2886 desit
666 2824 837 2897 assiduitas,
861 2825 954 2885 otium
976 2841 1037 2885 non
1060 2822 1169 2884 habere
1190 2824 1227 2885 ad
1250 2843 1283 2886 ea
1305 2825 1349 2886 le·

140 2926 217 3001 genda
240 2933 271 2986 ct
292 2924 331 2986 ad
353 2944 488 3004 campum
511 2926 686 2988 eruditionis
708 2925 886 3004 patristicae,
910 2924 959 3003 qui
975 2923 1121 2986 latissime
1135 2933 1241 3003 pateat,
1266 2945 1349 2987 eme·

136 3026 268 3088 tiendum.
314 3026 368 3086 llis
390 3026 479 3104 igitur
501 3026 641 3087 omnibus
663 3034 697 3089 ut
716 3026 919 3088 adiumentum
941 3036 971 3088 et
992 3026 1158 3089 subsidium
1187 3035 1287 3105 paret,
1321 3027 1351 3088 id

134 3124 358 3189 inbibliotheca
380 3135 497 3205 patrum
519 3127 631 3188 edenda
652 3127 842 3206 propositum
864 3127 921 3190 sihi
943 3147 1012 3190 esse
1033 3128 1073 3188 ait
1095 3128 1241 3206 simulque
1254 3128 1350 3206 signi·
1461 3188 1467 3198 ,

127 3227 208 3301 beat,
241 3247 296 3289 cur
327 3237 428 3307 patres
460 3229 627 3306 germanice
658 3228 816 3307 loquentes
843 3229 956 3290 lecerit.
999 3228 1033 3290 ln
1061 3228 1223 3307 deligendis
1253 3238 1352 3290 autem

126 3328 210 3390 libris
232 3338 263 3389 et
283 3329 315 3389 in
336 3328 524 3408 excerpendo
545 3328 650 3391 sedulo
671 3346 706 3390 se
733 3347 856 3391 curasse
882 3331 1022 3402 affirmat,
1055 3338 1089 3391 ut
1115 3329 1188 3391 nihil
1216 3339 1351 3409 praeter·

122 3438 294 3493 atteretur
315 3447 430 3502 eorum,
451 3447 528 3509 quac
548 3430 585 3491 ad
607 3429 763 3493 historiam
784 3429 936 3492 doctrinae
955 3431 1132 3493 christianae
1146 3431 1353 3494 illustrandam

124 3531 259 3594 valeant:
280 3530 362 3592 hunc
375 3531 411 3592 ad
428 3549 515 3593 usum
537 3532 626 3593 ctiam
648 3530 738 3592 rerba
759 3548 863 3610 graeca
885 3539 916 3592 et
937 3531 1026 3593 latina
1047 3531 1182 3593 locorum
1205 3531 1235 3592 id
1257 3550 1352 3611 genus

119 3633 320 3695 dassicorum
341 3631 378 3692 ad
400 3632 562 3710 marginem
584 3632 720 3713 apposita
741 3649 810 3694 csso
827 3639 858 3693 et
870 3631 1025 3711 plerasque
1042 3632 1266 3695 observationes
1281 3652 1351 3695 suas

119 3734 233 3798 Mem
255 3731 371 3794 reterri.
415 3733 516 3812 ltaque
537 3733 581 3795 vir
602 3734 653 3795 ille
674 3732 797 3805 doctus,
827 3751 915 3812 quem
938 3720 1062 3795 Semleri
1090 3733 1225 3813 exemplo
1249 3734 1280 3795 in
1303 3735 1352 3796 hi-

116 3835 218 3899 storia
242 3833 412 3912 dogmatum
433 3835 585 3896 nectenda
606 3834 785 3913 singularem
807 3834 981 3896 industriam
1004 3835 1143 3913 posuisse
1164 3837 1294 3908 scimus,
1324 3835 1353 3896 id

117 3935 318 4019 potissimum
340 3935 459 3997 efficere
481 3935 611 4009 studuit,
645 3944 678 3997 ut
699 3935 830 4015 theologi
852 3953 973 4007 omnes,
1006 3935 1055 4015 qui
1078 3954 1132 4014 per
1154 3935 1231 3997 illam
1255 3936 1352 3998 histo-

118 4040 199 4101 riam
225 4037 256 4096 in
278 4035 428 4116 theologia
449 4036 615 4115 dogmatica
636 4036 782 4116 proficere
804 4045 957 4116 cuperant,
980 4037 1038 4114 ipsi
1054 4056 1089 4097 er
1105 4045 1220 4115 patrum
1236 4037 1355 4116 scriptis

119 4140 246 4202 minore
265 4139 410 4218 temporis
434 4137 591 4217 dispendio
613 4156 649 4198 ac
668 4136 799 4200 faciliore
822 4155 912 4217 opera
926 4156 1107 4216 cognoscere
1121 4147 1256 4217 possent,
1279 4156 1355 4217 quac

120 4240 244 4320 publica
265 4240 371 4302 veteris
396 4238 541 4301 ecclesiae
562 4238 716 4318 quibusvis
739 4237 924 4318 temporibus
945 4238 1019 4299 fides
1041 4239 1158 4310 luisset,
1181 4238 1252 4317 quid
1275 4238 1353 4299 cele·

122 4342 248 4404 berrimi
269 4343 333 4405 eius
356 4342 502 4404 doctores
525 4340 563 4401 de
590 4358 764 4419 unaquaque
792 4339 969 4420 quaestione
996 4338 1142 4419 imprimis
1173 4338 1282 4400 difficili
1306 4347 1356 4400 aut

122 4443 254 4507 obscura
266 4447 451 4517 sensissent,
475 4441 527 4520 qui
541 4458 662 4504 errores
676 4459 730 4527 per
744 4441 911 4504 haereticos
928 4441 1029 4504 diffusi
1045 4449 1146 4503 essent
1160 4449 1190 4502 et
1200 4458 1234 4502 ex
1246 4439 1355 4519 pribus
