2948 5092
455 272 612 319 burron.
628 273 743 317 corruo
757 272 892 320 ratmot.
942 249 944 253 ’
1225 260 1289 328 did

64 445 134 508 quae
156 424 278 507 quoties
304 424 344 488 do
369 422 460 487 Verbi
482 431 550 487 ortu
571 422 735 486 secundnm
757 440 875 487 osrnem
896 425 1042 506 loquitur,
1071 446 1188 491 oausam
1212 428 1377 492 snb-ruoz

62 526 172 609 iungit,
196 534 433 609 propterquam
455 525 547 589 bomo
568 527 662 589 laetus
682 535 739 589 est.
783 526 856 589 Cum
878 537 977 591 sutem
999 529 1045 591 rel
1066 529 1133 609 ipse
1153 530 1199 592 vel
1221 531 1288 595 eius

61 627 159 693 buruli
182 627 222 691 do
238 615 311 691 ¹eius
331 614 594 715 divinitate-rerba
616 626 741 700 lseinm,
770 629 870 691 omnia
893 629 1020 709 simplici
1042 630 1172 693 dictione
1194 631 1288 695 abso·

61 733 180 812 lutsqne
207 730 355 794 mnteutie
381 737 413 791 et
438 726 517 793 nulls
539 727 679 808 implieitn
701 748 788 792 conso
809 731 1013 810 proteruntur.
1055 731 1168 813 Nempe
1190 732 1288 798 Putris

62 840 104 894 est
125 830 290 913 splendor3
311 838 347 895 ut
365 838 466 893 numm
486 829 574 892 Pater
596 848 655 892 non
677 838 725 893 est
746 831 787 893 ob
802 831 928 912 aliquem
944 850 1073 908 oensem,
1096 835 1137 897 ito
1151 853 1209 897 nee
1222 836 1288 898 eius

61 932 232 1014 splendoris
258 950 346 997 eausa
374 939 422 995 est
447 930 632 1012 inquirendo.
672 932 775 1012 tuque
802 933 945 1015 seriptum
974 942 1034 996 est:
1069 933 1108 997 Dr
1132 940 1290 1019 principio

62 1046 126 1099 trst
157 1034 301 1108 vm,
336 1046 365 1098 et
396 1033 524 1097 Verbum
549 1043 619 1097 erut
645 1035 727 1115 opud
753 1033 865 1107 Deum,
896 1046 928 1099 et
953 1034 1037 1098 Deru
1059 1045 1127 1099 erut
1150 1035 1319 1113 Verbum„

63 1137 144 1200 onius
178 1136 297 1216 quidem
330 1136 376 1198 rei
408 1134 486 1197 nulls
520 1136 643 1197 ollertur
673 1152 772 1197 musa.
817 1134 890 1198 Cum
921 1144 1019 1198 sutem
1055 1135 1182 1200 Verbum
1214 1154 1288 1201 otto

63 1241 177 1321 {utun
198 1249 253 1312 est,
276 1247 347 1301 tunc
368 1255 467 1309 coust,
489 1245 723 1317 propterquam
742 1239 923 1311 factumest,
946 1237 993 1300 bis
1008 1235 1108 1300 verbis
1124 1237 1287 1302 indicetur:

64 1341 266 1405 dloditooit
298 1345 331 1402 io
358 1340 456 1407 uobis.
502 1338 645 1401 Similiter
675 1339 836 1419 Apostolus
852 1357 934 1401 eum
967 1340 1023 1401 nit:
1064 1339 1128 1414 Qu·
1156 1360 1224 1404 oum
1253 1345 1289 1404 io
1340 1376 1345 1383 ι
1421 1326 1426 1333 ’

63 1444 163 1523 som
189 1442 249 1505 Du·
267 1453 362 1516 esset,
383 1459 503 1504 oausam
524 1458 587 1503 non
607 1440 733 1520 protulit
752 1440 811 1504 uisi
832 1449 904 1521 post
925 1441 998 1503 bueo
1018 1441 1123 1505 verbu:
1155 1443 1289 1522 formum

64 1549 143 1609 terei
168 1549 298 1626 aceepit:
331 1551 404 1607 tuno
430 1543 508 1605 euim
537 1540 679 1607 subierit:
713 1542 882 1606 humiliavit
915 1548 1108 1625 semetipsum
1133 1544 1290 1625 usquead

63 1654 201 1723 nortem,
235 1648 364 1709 mortem
390 1658 491 1710 erotem
517 1648 630 1708 emus.
674 1643 754 1707 liaeo
774 1645 853 1708 onim
875 1662 963 1707 eausa
991 1652 1055 1715 est,
1086 1664 1139 1708 eur
1158 1645 1288 1708 Verbum

65 1767 127 1811 ατο
150 1749 262 1811 tamon
283 1756 331 1811 est
353 1756 382 1810 et
404 1747 481 1810 servi
504 1747 618 1828 aceepit
637 1748 773 1808 lormsm.

140 1852 197 1915 54.
243 1850 310 1931 lpse
343 1850 432 1912 etism
460 1849 604 1912 Dominus
636 1848 728 1913 multo
760 1847 878 1929 quidem
907 1847 936 1911 ib
966 1849 1132 1930 proverbiis
1154 1849 1290 1913 elocutus

65 1960 115 2027 ott,
135 1952 194 2016 sed
216 1970 284 2014 eum
303 1951 341 2013 de
364 1953 464 2032 seipso
486 1951 627 2031 loquitur,
649 1950 784 2013 obsolute
807 1951 891 2014 dieit:
913 1951 975 2032 Bpo
997 1955 1031 2014 io
1046 1951 1139 2015 Putre
1153 1961 1183 2014 et
1196 1951 1291 2015 Potor

64 2056 93 2116 is
114 2072 166 2119 ιο
193 2064 256 2130 ert,
289 2062 320 2116 et
346 2054 409 2134 Boo
437 2066 467 2118 et
489 2053 582 2117 Potor
602 2072 699 2115 unum
725 2072 846 2127 mmor,
880 2060 910 2114 et
941 2053 1005 2128 Qui
1024 2054 1101 2117 uidit
1120 2071 1184 2130 ore,
1214 2055 1291 2117 uidit

64 2155 190 2229 rora,
214 2164 246 2216 et
266 2154 328 2236 lipo
351 2174 419 2218 tum
440 2154 498 2218 iiim
518 2155 632 2227 muudi,
654 2161 685 2216 et
706 2153 768 2234 Boo
789 2173 858 2217 sum
878 2158 1012 2233 oeritos5
1034 2152 1140 2234 quibus
1162 2154 1194 2216 in
1215 2153 1291 2218 loeis

64 2256 136 2319 nulls
164 2274 258 2319 muso
288 2264 480 2329 recensetur,
512 2274 569 2318 neo
597 2256 720 2318 offertur
747 2255 823 2318 ratio
851 2274 905 2318 eur
927 2256 968 2317 ito
990 2256 1046 2328 sit,
1079 2273 1117 2318 ne
1139 2256 1314 2321 illisesse·

63 2357 210 2420 rideretur
237 2357 404 2437 posterior,
437 2376 566 2439 qnorum
595 2376 682 2421 causo
705 2358 799 2420 laetus
822 2366 878 2420 est.
921 2356 1074 2438 Siquidem
1097 2377 1222 2422 neeesse
1244 2367 1292 2421 est

63 2477 180 2522 ausam
212 2459 264 2520 illo
296 2459 429 2539 priorem
461 2478 547 2534 esse,
581 2459 650 2521 sine
682 2477 739 2539 qus
767 2477 823 2521 neo
850 2459 939 2524 etiam
965 2459 1031 2541 ipse
1058 2462 1151 2522 tomos
1173 2461 1290 2522 linisset.

61 2560 167 2624 Paulus
191 2560 312 2641 quidem
333 2569 507 2641 segregatus
533 2558 697 2640 Apostolus
718 2560 750 2622 in
777 2560 985 2641 Evangelium,
1017 2561 1097 2640 quod
1126 2568 1194 2622 ante
1216 2578 1289 2639 pro·

62 2663 182 2725 miserat
195 2662 343 2726 Dominus
358 2681 413 2743 per
424 2664 600 2745 Prophetas,
614 2661 819 2743 Evangellum,
834 2661 918 2724 ouius
933 2662 1107 2724 administer
1121 2663 1215 2723 laetus
1231 2669 1288 2737 est,
1298 2679 1378 2724 rost

59 2764 140 2845 prius
164 2782 201 2826 ee
222 2763 333 2826 babuit„
378 2765 505 2828 loannes
528 2774 637 2838 sutem,
659 2763 707 2827 cui
727 2764 855 2826 Domino
877 2762 1040 2843 praeeundi
1063 2780 1171 2824 munus
1194 2765 1290 2824 tnerst

60 2866 272 2941 commissum,
304 2867 437 2949 priorem
458 2886 578 2948 quoquo
599 2886 633 2928 se
654 2865 757 2928 hebuit
777 2866 946 2928 Dominum.
989 2864 1209 2939 binominus,
1238 2864 1291 2943 qui

59 2968 168 3031 nullam
191 2987 312 3031 eausam
334 2988 387 3032 our
408 2971 449 3031 sit
470 2969 597 3032 Verbum
627 2968 776 3048 agnoseit,
805 2967 864 3028 nisi
894 2975 1007 3029 tontum
1038 2967 1117 3047 qnod
1140 2965 1238 3027 Putris
1260 2973 1292 3028 et

59 3072 135 3133 letus
157 3077 191 3132 et
212 3070 358 3150 sapientia
381 3079 428 3133 est
449 3070 615 3150 unigenite,
648 3088 717 3132 eum
744 3068 778 3130 lit
799 3068 906 3142 bomo,
936 3077 1147 3130 iuuentutem
1170 3067 1290 3142 iudicat,

58 3180 293 3252 propterquam
316 3190 434 3233 carnem
455 3181 574 3250 gestare
595 3170 710 3233 debent
744 3170 790 3232 llli
812 3170 891 3231 enim
914 3171 990 3231 lueto
1012 3168 1126 3231 bomini
1144 3168 1293 3233 nnteoedit

57 3274 217 3336 bominum
239 3273 413 3346 necessitas,
436 3273 501 3334 sine
523 3291 581 3352 qus
602 3289 721 3334 earnem
743 3271 864 3333 minime
887 3271 1043 3333 induisset.
1088 3270 1170 3343 Quae
1193 3281 1292 3332 autem

57 3375 106 3438 illo
135 3376 178 3438 sit
198 3375 380 3448 nenessitas,
408 3383 533 3454 propter
560 3393 649 3455 quum
670 3376 764 3436 luctus
787 3374 878 3436 bomo
902 3381 964 3446 est,
989 3374 1055 3454 ipse
1076 3373 1221 3435 Dominus
1244 3371 1293 3435 bis

57 3476 159 3539 verbis
187 3476 324 3555 exponit:
357 3476 507 3539 Descende·
532 3478 569 3539 de
595 3475 679 3539 eaelo
700 3495 764 3538 noto
785 3485 822 3538 ut
841 3477 954 3554 sociam
976 3476 1166 3540 uoluntatem
1184 3492 1292 3546 meon,
1402 3512 1407 3519 ·

57 3582 112 3642 sed
140 3578 328 3642 voluntatem
360 3582 438 3650 uus,
471 3583 525 3659 qui
550 3582 634 3642 misit
658 3597 713 3640 me.
759 3576 840 3640 Haeo
863 3588 909 3640 est
930 3588 1030 3640 eutem
1051 3576 1195 3640 volentos
1217 3580 1291 3647 eius,

57 3776 81 3815 et
100 3748 185 3830 poulo¹
207 3774 246 3814 ost
263 3758 292 3812 δι’
308 3747 340 3823 ἧς
354 3760 460 3830 γέγονε.
497 3765 576 3814 Ceteri
594 3779 649 3814 rero
702 3765 790 3814 ceteris
808 3765 927 3814 omittitur
945 3747 977 3811 οὗ
994 3759 1040 3811 καὶ
1057 3760 1177 3828 γέγονεν.

55 3828 116 3900 ἔχει
133 3843 158 3883 ot
195 3821 211 3881 ι’
229 3823 264 3891 ἣν
278 3829 311 3899 γέ
331 3846 384 3882 ονε.
737 3834 759 3880 b.
780 3832 835 3880 llss.
854 3847 940 3882 omues
956 3826 1010 3897 πρὸ
1023 3825 1128 3881 ἑαυτοῦ.
1152 3831 1214 3881 Editi
1224 3825 1293 3897 πρὸς

92 3902 117 3951 d.
137 3900 212 3951 liesil.
228 3894 275 3948 uui
293 3914 341 3949 ουκ
358 3893 463 3960 ἔθηκεν.
490 3900 583 3970 ibidem
600 3890 652 3958 τήν
702 3893 808 3948 ἑαυτοῦ.
844 3899 935 3950 ibidem
959 3901 1100 3963 Seguerisn.
1117 3900 1175 3978 liep.
1194 3901 1292 3951 Gobler.
1331 3956 1337 3963 ,

55 3970 128 4020 deest
146 3970 172 4020 in
189 3970 290 4031 Segoer.
310 3970 408 4021 Gobler.
429 3969 533 4018 Folrlm.
553 3968 576 4016 l.
591 3967 651 4018 etl.
702 3966 809 4017 Felekm.
835 3967 857 4015 i.
883 3975 907 4017 et
929 3968 953 4017 b.
971 3965 1022 4015 τοῦ
1041 3956 1112 4017 εἶναι
1127 3962 1209 4031 loyor
1226 3975 1252 4017 nt
1269 3974 1294 4017 ot

90 4052 114 4087 e.
133 4038 214 4087 Editio
232 4037 350 4087 Commel.
367 4028 439 4085 τόδε.
475 4036 531 4086 llos.
547 4027 619 4084 τότε.
702 4036 810 4085 Nunnius
828 4035 920 4085 ridetur
938 4035 1036 4098 legisse,
1061 4038 1101 4101 qul
1119 4051 1207 4101 nempe
1225 4035 1295 4086 vortit

87 4105 113 4154 t.
135 4106 238 4168 stenen.
257 4113 280 4155 et
298 4106 356 4168 lieu.
373 4095 456 4157 αὐτοῖς
472 4116 501 4152 τε
519 4095 533 4150 ὅ
550 4098 650 4172 κύριος’.
702 4119 749 4154 ooo
767 4105 848 4154 babuit
864 4119 966 4161 mimo,
983 4112 1010 4154 ut
1028 4112 1087 4154 erret
1107 4105 1209 4154 Verbum.
1246 4102 1294 4153 Ge-

56 4173 106 4223 trit
129 4182 154 4223 et
177 4174 238 4225 editi
262 4164 346 4227 αὐτὸς
371 4166 401 4221 dl
423 4164 439 4219 ὃ
462 4165 562 4240 κύριος.
601 4172 654 4221 llox
704 4173 750 4222 teri
768 4179 792 4221 et
809 4171 867 4221 editi
885 4169 934 4220 rori
951 4160 1023 4221 dvm
1040 4163 1132 4220 αὐτόν.

55 4242 203 4301 sognertan.
226 4250 251 4292 et
274 4241 380 4292 Felckm.
398 4240 423 4291 5.
445 4233 475 4289 ἓν
491 4235 654 4307 παροιμίαις
738 4241 754 4288 i.
779 4239 919 4300 Segnerieu.
944 4241 1041 4290 Gobler.
1060 4240 1165 4289 Felctm.
1186 4237 1208 4286 l.
1227 4243 1250 4285 et
1267 4235 1292 4286 4.

56 4301 197 4369 ἐλάλησεν.
705 4298 773 4354 ‘o'm
790 4295 990 4374 δὲᾶνθρωπος.
1019 4307 1063 4357 dlii
1077 4315 1101 4355 et
1114 4306 1164 4356 edit
1175 4304 1293 4356 Commel.

93 4393 118 4440 g.
141 4380 244 4440 Segoer.
268 4371 314 4424 καὶ
336 4368 465 4436 Ἰωάννης
487 4369 524 4425 δέ,
560 4375 651 4425 ibidem
704 4367 772 4422 ὅταν
789 4367 946 4442 ἅνθρωπος.
975 4375 1035 4424 lbid.
1055 4377 1154 4437 sepner.
1172 4367 1292 4437 γίνηται.

57 4446 166 4495 Felelm.
183 4445 212 4525 2.
229 4452 255 4494 et
273 4446 347 4494 editio
371 4445 488 4495 Commel.
514 4456 652 4509 προχειρι-
702 4444 747 4493 Alii
766 4451 790 4492 et
808 4444 864 4493 editi
880 4439 1001 4507 γένηται.

57 4506 139 4567 abeis
161 4526 196 4561 ov
212 4506 411 4579 nutrirem,
438 4503 477 4566 εἰς
492 4506 524 4560 τὸ
543 4521 589 4562 ete.
623 4511 652 4563 lu
736 4507 976 4575 escussario.
