2948 5092
448 268 754 315 ιοεεειοιεοιοοεε
766 225 902 349 guaros.
1231 263 1292 330 183

70 421 118 484 sed
137 429 259 484 aeterna
280 426 371 500 atque
393 437 453 483 una
473 428 519 482 est
538 421 570 482 in
592 420 738 485 Triniteto
760 421 909 495 divinitas,
937 443 996 488 una
1017 427 1129 507 pariter
1151 439 1198 493 est
1219 448 1378 504 san-raes

67 532 125 586 ctae
146 522 304 585 Trinitatis
326 521 437 602 gloria:
464 540 518 583 vos
547 532 646 586 tamen
676 542 741 585 earn
770 523 801 584 in
829 524 960 589 diversas
988 536 1110 591 naturas
1138 531 1294 597 diffindere
1324 523 1330 534 ’

65 625 188 698 audetis,
211 643 339 705 olimque
353 623 470 687 Pabem
485 633 637 695 aeternum
655 644 724 687 esse
745 626 925 702 concedatis,
948 628 1005 708 ipsi
1029 630 1066 692 de
1081 631 1189 707 Verbo,
1212 634 1294 714 quod

63 727 101 789 illi
122 726 247 801 assidet,
270 726 385 790 dicitis:
406 726 474 789 Fuit
494 726 653 807 aliquando
675 745 742 789 cum
765 746 825 789 non
848 736 938 802 esset,
960 729 1291 812 FiliumqucPatri-as·

62 829 210 891 sidentem
239 829 277 890 ab
305 829 411 892 eodem
439 846 594 890 removere
621 846 682 890 non
709 827 867 892 dubitetis!
911 830 1044 895 Creatrix
1066 842 1114 896 est
1142 844 1172 896 et
1194 837 1292 916 opifex

63 930 211 1006 Trinitas3
232 930 313 993 baud
336 938 434 993 tamen
455 929 665 1004 reformidatis,
689 948 752 991 eam
775 930 853 993 inter
873 949 923 993 res
946 952 962 994 ε
984 932 1077 995 nibilo
1100 937 1192 1000 lactas
1215 939 1291 1002 deii-
1338 922 1346 939 ’

61 1050 137 1108 cere,
159 1050 218 1095 nec
236 1033 383 1095 veremini
405 1051 508 1094 servos
523 1026 610 1111 pares
625 1032 722 1112 iacere
736 1030 940 1095 nobilissimae
952 1033 1099 1110 Trinitati,
1123 1056 1290 1103 summum-

60 1153 115 1213 que
143 1151 248 1214 regem
274 1133 434 1195 Dominum
457 1133 588 1195 Sabaoth
616 1133 695 1194 inter
722 1132 859 1215 subditos
887 1134 1047 1199 collocare!
1090 1139 1223 1202 Desinite
1245 1159 1291 1217 ea,

60 1255 134 1316 quae
156 1235 345 1297 commisceri
368 1253 429 1296 non
451 1241 579 1315 queunt,
607 1234 668 1295 imo
691 1253 741 1308 ea,
771 1253 846 1314 quac
868 1253 928 1297 non
951 1245 1038 1310 sunt,
1068 1240 1134 1302 cum
1161 1240 1212 1302 illo
1240 1242 1291 1322 qui
1310 1302 1316 1314 „

59 1348 114 1411 est,
137 1337 230 1399 simul
250 1333 447 1416 permiscere!
493 1334 551 1408 Qui
574 1334 631 1398 ista
652 1336 826 1417 proterunt,
849 1355 910 1398 non
932 1338 1025 1417 gloria
1048 1341 1215 1403 ethonore
1236 1342 1291 1405 sed

59 1438 223 1519 ignominia
245 1445 276 1499 et
296 1437 474 1500 contumelia
496 1436 653 1498 Dominum
675 1436 816 1500 afficiunt.
859 1437 933 1500 Nam
956 1440 1008 1519 qui
1028 1441 1104 1517 Filio
1127 1443 1218 1505 inient
1239 1443 1288 1505 in·

58 1540 183 1613 iuriam,
206 1540 298 1602 infert
319 1546 349 1598 ct
370 1536 462 1599 Petri.
502 1537 537 1600 Si
560 1539 642 1601 enim
661 1556 741 1601 nunc
761 1539 891 1619 perlecta
913 1541 1011 1603 estin
1033 1542 1177 1606 Trinitat'e
1200 1523 1289 1607 theo·

58 1642 146 1721 logia,
169 1641 294 1720 eiusque
315 1638 426 1719 agnitio
448 1658 517 1702 vera
539 1648 569 1702 et
589 1640 655 1703 sola
676 1649 725 1703 est
744 1640 861 1721 religio,
884 1650 972 1723 atque
992 1643 1050 1707 boc
1071 1653 1136 1720 est,
1159 1647 1238 1726 quod
1260 1655 1291 1710 et

58 1753 172 1806 rectum
195 1751 226 1804 et
246 1742 313 1821 ipsa
333 1741 444 1803 recitas
466 1737 528 1816 ἐει;
550 1742 581 1804 id
603 1750 683 1805 certo
705 1760 824 1824 semper
845 1743 886 1805 ita
908 1744 1003 1806 tuisse
1026 1746 1169 1827 oportuit,
1191 1767 1229 1810 ne
1248 1748 1289 1822 id,

59 1845 137 1925 quod
158 1851 275 1906 rectum
297 1850 328 1904 et
348 1842 457 1905 veritas
480 1852 536 1918 est,
558 1843 630 1923 quid
652 1843 844 1912 adventitium
866 1862 936 1908 esse
950 1854 1003 1907 aut
1016 1847 1182 1927 theologiae
1202 1868 1287 1913 com-

39 1945 240 2025 plementum
263 1963 299 2006 ex
321 1944 492 2006 accessione
514 1943 668 2007 constituti
688 1953 820 2025 putetur.
862 1946 897 2008 Id
918 1947 1038 2028 inquam
1070 1967 1196 2012 necesse
1219 1970 1286 2014 om·

57 2049 127 2109 nino
151 2047 209 2109 luit
230 2064 300 2108 esse
321 2045 358 2107 ab
381 2046 571 2121 aeternitate,
599 2065 667 2109 nam
690 2046 715 2108 si
738 2047 774 2108 ab
797 2049 971 2112 aeternitate
992 2068 1054 2112 non
1076 2051 1201 2126 suisset,
1230 2070 1287 2115 nec

57 2167 134 2211 nunc
161 2149 237 2210 baec
265 2147 330 2227 ipsa
362 2147 510 2226 theologia
536 2147 600 2210 sive
628 2147 787 2210 divinitatis
817 2149 899 2210 notio
930 2149 995 2213 talis
1025 2169 1094 2213 esse
1123 2148 1286 2233 oporteret,

58 2249 108 2311 ssd
137 2248 256 2330 qualem
284 2249 320 2310 ab
349 2248 436 2311 initio
463 2250 559 2312 luisse
586 2249 714 2330 fingitis,
748 2257 781 2311 ut
807 2269 904 2331 neque
931 2270 1010 2314 nunc
1038 2261 1118 2316 esset
1146 2255 1285 2318 Trinitas.
1295 2273 1373 2321 isses.

57 2351 165 2413 l'erum
187 2369 277 2412 nemo
300 2349 487 2413 Christiams
515 2358 575 2414 mm
601 2351 769 2432 petulantes
798 2353 955 2435 pertulerit
980 2353 1157 2417 haereticos.
1207 2355 1289 2419 Haec

58 2453 135 2515 euim
163 2452 325 2515 Gentilium
352 2453 488 2533 propria·
504 2463 590 2529 sunt,
620 2463 652 2515 ut
679 2455 784 2516 laetam
805 2453 946 2516 inducant
967 2454 1142 2517 Trinitatem
1164 2475 1288 2536 eamque

57 2573 121 2616 cum
144 2553 237 2617 rebus
259 2554 344 2615 lactis
367 2554 555 2634 coniungant.
600 2555 752 2635 Siquidem
781 2574 881 2617 rerum
903 2557 1045 2621 tectarum
1074 2565 1121 2618 est
1142 2557 1287 2619 delectio·

57 2674 108 2716 ncs
132 2663 165 2716 et
185 2656 375 2718 accessiones
399 2657 562 2737 suscipere.
605 2658 644 2718 dt
665 2657 901 2720 Christianorum
922 2658 997 2720 fides
1018 2657 1231 2719 immutabilem
1252 2676 1288 2719 ac

56 2758 218 2836 perlectam
232 2756 339 2837 suique
355 2776 475 2838 semper
496 2758 624 2821 similem
641 2759 757 2837 beatam
773 2758 1108 2838 agnoscit‘l'rinitatem,
1131 2776 1186 2819 nec
1200 2759 1285 2837 quic·

57 2876 142 2937 quam
171 2858 300 2937 amplius
328 2858 466 2921 'trinitati
495 2860 591 2934 addit,
624 2879 721 2939 neque
749 2878 813 2937 vm
841 2879 970 2939 unquam
1001 2859 1144 2922 deiecisse
1167 2860 1285 2938 cogitat.

57 2959 128 3022 Nam
151 2968 311 3039 utrumque
333 2960 412 3023 dictu
433 2962 558 3041 impium
581 2971 637 3025 cst.
680 2963 758 3024 ilinc
780 2981 844 3024 eam
872 2980 934 3024 non
967 2962 1085 3040 ignorat
1106 2979 1173 3021 cum
1195 2959 1285 3023 rebus

58 3063 138 3123 iactis
161 3080 348 3141 nequaquam
370 3082 440 3126 esse
461 3063 653 3144 permixtam,
684 3064 921 3143 individuamque
944 3063 1008 3124 cius
1031 3061 1192 3123 divinitatis
1216 3062 1285 3124 uni·

59 3172 145 3224 tatem
166 3172 200 3225 et
219 3172 318 3224 serrat
340 3173 368 3226 ει
389 3165 512 3240 adorat,
535 3166 572 3227 ab
593 3165 771 3229 Arianorum
792 3165 934 3227 abhorret
954 3163 1166 3243 impietatibus,
1190 3164 1285 3225 confi·

59 3272 194 3344 teturque
216 3272 248 3325 ct
267 3265 351 3326 novit
371 3285 492 3346 semper
513 3268 607 3329 tuisse
629 3267 746 3328 Filium.
776 3266 936 3327 ¹detcrnus
963 3265 1043 3327 enim
1066 3272 1112 3325 est
1134 3273 1166 3326 ut
1186 3265 1285 3340 Pater,

60 3366 140 3427 unm
163 3376 210 3428 est
231 3365 361 3430 Verbum
382 3378 545 3430 aeternum.
589 3367 622 3429 ld
645 3366 723 3429 enim
744 3367 852 3429 itemm
873 3365 962 3429 libeat
984 3365 1143 3446 dispicere.

144 3470 194 3532 19.
240 3467 273 3528 si
296 3467 460 3548 sapientiae
481 3477 512 3531 ct
532 3470 610 3531 vitae
631 3469 700 3530 lons
721 3475 819 3531 estet
840 3467 948 3530 dicitur
968 3467 1066 3541 Deus,
1095 3466 1139 3528 uti
1160 3485 1215 3546 per
1234 3468 1284 3530 Ic·

61 3569 181 3631 remiam
203 3568 260 3630 ait:
281 3569 329 3632 Me
351 3570 579 3652 dereliquerunt
599 3572 717 3650 fontem
739 3589 833 3652 oquae
855 3574 956 3641 oiooc,
979 3576 1010 3630 et
1029 3586 1152 3631 rursus:
1187 3568 1286 3632 Πονο-

62 3687 115 3732 sus
135 3669 255 3751 gloriae
277 3670 424 3744 excelsus,
447 3673 649 3753 sanctificatio
671 3682 791 3746 oestro,
816 3674 984 3752 superlatio
1006 3669 1125 3743 lsroil,
1148 3668 1285 3743 Domine,

91 3839 112 3872 e.
132 3824 205 3872 forte
223 3821 394 3873 σονιοτᾶται.
697 3825 770 3874 editio
786 3825 903 3876 Commcl.
923 3820 1016 3873 aleier
1034 3821 1074 3889 τῇ.
1113 3822 1172 3872 llrid.
1183 3822 1283 3885 Seguer.

92 3893 108 3940 t.
126 3891 168 3942 Sic
186 3890 258 3941 basil.
276 3893 368 3954 toglic
387 3893 442 3954 licg.
463 3892 601 3943 folcbrat.
622 3903 646 3945 ct
696 3884 759 3942 οὔτε
781 3884 859 3952 ἐνδεῆ
883 3905 949 3941 ποτε
971 3883 1082 3951 ταύτην.
1118 3890 1182 3940 Editi
1201 3899 1224 3941 et
1242 3890 1282 3940 alii

61 3958 82 4009 5.
114 3960 145 4010 Δι
157 3954 498 4040 Sego015etielcbm.1.oaix
509 3951 643 4026 ἀνέχοιτο.
696 3950 761 4039 eidi
776 3951 854 4021 ἐνδεῆ
872 3955 982 4020 ταύτην.
1082 4023 1095 4038 .
1242 4022 1254 4035 ,
1278 4000 1296 4037 ⁴·

61 4027 226 4077 bobienses
243 4022 396 4093 «renosco.
434 4028 485 4079 bloi
504 4028 644 4080 Felcltm.2.
729 4045 745 4079 ι.
764 4029 821 4091 lleg.
840 4036 864 4078 et
881 4028 987 4079 Fslclm.
1008 4026 1115 4089 buter
1130 4038 1296 4091 pervasor..

60 4103 81 4143 ct
98 4096 172 4147 editio
191 4088 457 4154 Commsffliio'vur
473 4091 529 4164 γὰρ
548 4095 644 4148 ταῦτα.
729 4098 751 4146 l.
770 4098 811 4146 Sic
829 4097 886 4158 lleg.
910 4105 934 4146 ct
951 4097 1052 4158 Segucr.
1092 4094 1120 4144 ln
1148 4094 1218 4144 editis
1247 4083 1284 4153 ὥς

58 4162 378 4227 nissepelensium.
396 4157 644 4229 γενετὴνεῖςόγειν
694 4165 771 4214 deest.
806 4164 860 4215 llox
882 4164 982 4227 Segeer.
999 4155 1118 4240 eulysio
1135 4154 1282 4235 καὶτοῦτο

58 4240 79 4282 οι
97 4246 153 4282 mox
170 4231 316 4298 perversis
333 4239 357 4281 et
373 4231 521 4296 γεννητῶν.
694 4224 784 4280 πάλιν.
819 4230 882 4282 Editi
892 4240 917 4282 ct
927 4233 967 4282 alii
977 4224 1024 4279 καὶ
1038 4243 1094 4295 γορ
1111 4221 1158 4277 καὶ
1174 4219 1204 4276 ἔν
1222 4239 1283 4275 τοο·

87 4315 110 4363 ς.
130 4302 172 4352 so
189 4302 291 4364 segue.
309 4301 368 4362 neg.
385 4301 460 4351 unii.
479 4308 504 4351 o
520 4301 644 4363 ingrato.
695 4312 734 4364 ψ
752 4292 842 4347 neto.
880 4299 941 4349 rota.
958 4299 1082 4361 tngtican.
1107 4287 1124 4356 ἡ
1142 4286 1214 4358 nort
1234 4291 1283 4354 tte

55 4370 82 4419 tc
99 4369 174 4419 editio
193 4366 313 4420 Conmel.
329 4367 496 4436 χρεοηονοῦ
513 4362 550 4417 δέ.
696 4367 807 4433 σοφίας.
1133 4364 1139 4374 “

86 4438 112 4487 ln
129 4438 173 4488 Sic
189 4438 293 4500 chucr.
312 4437 410 4503 Gobler.
430 4446 454 4489 ot
471 4436 601 4487 Felctmsu
622 4435 644 4487 l.
730 4436 748 4485 l.
765 4436 807 4486 Sic
823 4436 923 4498 Segusr.
942 4441 966 4484 st
982 4433 1069 4483 leuem.
1089 4430 1130 4491 17,
1150 4426 1181 4478 12
1220 4427 1284 4480 liditi

52 4503 110 4570 fleg.
134 4518 192 4581 asro
215 4496 314 4577 alutias
330 4517 359 4555 rs
375 4502 417 4573 ri.
450 4503 560 4585 ¹l‘slelun.
577 4503 603 4557 2
622 4511 647 4556 et
684 4516 753 4561 ‚siro
770 4511 796 4557 ct
812 4502 853 4555 ilii
871 4492 1035 4575 ὃψούμενος,
1055 4491 1182 4586 &larua
1195 4486 1283 4564 iper.
