<?xml version="1.0" encoding="UTF-8"?>
<!DOCTYPE html PUBLIC "-//W3C//DTD XHTML 1.0 Transitional//EN"
    "http://www.w3.org/TR/xhtml1/DTD/xhtml1-transitional.dtd">
<html xmlns="http://www.w3.org/1999/xhtml" xml:lang="en" lang="en">
 <head>
  <title>
</title>
<meta http-equiv="Content-Type" content="text/html;charset=utf-8" />
  <meta name='ocr-system' content='tesseract 3.04.00' />
  <meta name='ocr-capabilities' content='ocr_page ocr_carea ocr_par ocr_line ocrx_word'/>
</head>
<body>
  <div class='ocr_page' id='page_1' title='image "./sanctiathanasii02athagoog_0138.png"; bbox 0 0 2948 5092; ppageno 0'>
   <div class='ocr_carea' id='block_1_1' title="bbox 350 260 1291 325">
    <p class='ocr_par' dir='ltr' id='par_1_1' title="bbox 350 260 1291 325">
     <span class='ocr_line' id='line_1_1' title="bbox 350 260 1291 325; baseline 0.003 -14"><span class='ocrx_word' id='word_1_1' title='bbox 350 266 496 313; x_wconf 78' lang='lat' dir='ltr'>sersrou</span> <span class='ocrx_word' id='word_1_2' title='bbox 508 266 548 313; x_wconf 76' lang='lat' dir='ltr'>nr</span> <span class='ocrx_word' id='word_1_3' title='bbox 562 268 706 313; x_wconf 73' lang='lat' dir='ltr'>escuris</span> <span class='ocrx_word' id='word_1_4' title='bbox 722 268 866 313; x_wconf 72' lang='lat' dir='ltr'>memmae</span> <span class='ocrx_word' id='word_1_5' title='bbox 881 269 1000 314; x_wconf 81' lang='lat' dir='ltr'>srmom.</span> <span class='ocrx_word' id='word_1_6' title='bbox 1248 260 1291 325; x_wconf 74' lang='lat'>83</span> 
     </span>
    </p>
   </div>
   <div class='ocr_carea' id='block_1_2' title="bbox 64 417 1376 805">
    <p class='ocr_par' dir='ltr' id='par_1_2' title="bbox 64 417 1376 805">
     <span class='ocr_line' id='line_1_2' title="bbox 65 417 1376 502; baseline 0.005 -19"><span class='ocrx_word' id='word_1_7' title='bbox 65 421 158 500; x_wconf 84' lang='lat' dir='ltr'>impiae</span> <span class='ocrx_word' id='word_1_8' title='bbox 180 438 257 483; x_wconf 83' lang='lat' dir='ltr'>suae</span> <span class='ocrx_word' id='word_1_9' title='bbox 286 417 423 480; x_wconf 84' lang='lat' dir='ltr'>haeresis</span> <span class='ocrx_word' id='word_1_10' title='bbox 450 418 681 498; x_wconf 78' lang='lat' dir='ltr'>propugnandae</span> <span class='ocrx_word' id='word_1_11' title='bbox 709 437 797 482; x_wconf 84' lang='lat' dir='ltr'>causa</span> <span class='ocrx_word' id='word_1_12' title='bbox 825 419 883 481; x_wconf 91' lang='lat' dir='ltr'>sibi</span> <span class='ocrx_word' id='word_1_13' title='bbox 912 420 1086 500; x_wconf 83' lang='lat' dir='ltr'>ipsissuut</span> <span class='ocrx_word' id='word_1_14' title='bbox 1112 427 1376 502; x_wconf 55' lang='lat' dir='ltr'>commonetans</span> 
     </span>
     <span class='ocr_line' id='line_1_3' title="bbox 64 519 1289 610; baseline 0.002 -23"><span class='ocrx_word' id='word_1_15' title='bbox 64 521 193 601; x_wconf 74' lang='lat' dir='ltr'>moniam</span> <span class='ocrx_word' id='word_1_16' title='bbox 214 521 322 610; x_wconf 79' lang='lat' dir='ltr'>[teum</span> <span class='ocrx_word' id='word_1_17' title='bbox 342 531 375 582; x_wconf 86' lang='lat' dir='ltr'>et</span> <span class='ocrx_word' id='word_1_18' title='bbox 395 519 513 581; x_wconf 86' lang='lat' dir='ltr'>Patrem</span> <span class='ocrx_word' id='word_1_19' title='bbox 540 519 626 582; x_wconf 84' lang='lat' dir='ltr'>decet</span> <span class='ocrx_word' id='word_1_20' title='bbox 652 519 762 598; x_wconf 75' lang='lat' dir='ltr'>gloria,</span> <span class='ocrx_word' id='word_1_21' title='bbox 795 520 894 582; x_wconf 89' lang='lat' dir='ltr'>bonor</span> <span class='ocrx_word' id='word_1_22' title='bbox 920 529 951 583; x_wconf 90' lang='lat' dir='ltr'>ct</span> <span class='ocrx_word' id='word_1_23' title='bbox 978 522 1111 586; x_wconf 89' lang='lat' dir='ltr'>adoratio</span> <span class='ocrx_word' id='word_1_24' title='bbox 1142 545 1289 591; x_wconf 87' lang='lat' dir='ltr'>unacum</span> 
     </span>
     <span class='ocr_line' id='line_1_4' title="bbox 65 618 1288 703; baseline 0.004 -17"><span class='ocrx_word' id='word_1_25' title='bbox 65 622 192 703; x_wconf 79' lang='lat' dir='ltr'>principii</span> <span class='ocrx_word' id='word_1_26' title='bbox 215 630 338 702; x_wconf 75' lang='lat' dir='ltr'>experte</span> <span class='ocrx_word' id='word_1_27' title='bbox 361 620 494 683; x_wconf 88' lang='lat' dir='ltr'>eiusdem</span> <span class='ocrx_word' id='word_1_28' title='bbox 515 620 590 682; x_wconf 77' lang='lat' dir='ltr'>Filio</span> <span class='ocrx_word' id='word_1_29' title='bbox 614 628 645 682; x_wconf 89' lang='lat' dir='ltr'>et</span> <span class='ocrx_word' id='word_1_30' title='bbox 666 621 779 696; x_wconf 81' lang='lat' dir='ltr'>Verbo,</span> <span class='ocrx_word' id='word_1_31' title='bbox 807 640 863 683; x_wconf 88' lang='lat' dir='ltr'>nec</span> <span class='ocrx_word' id='word_1_32' title='bbox 886 618 951 684; x_wconf 69' lang='lat' dir='ltr'>&#39;non</span> <span class='ocrx_word' id='word_1_33' title='bbox 974 625 1163 689; x_wconf 87' lang='lat' dir='ltr'>sanctissimo</span> <span class='ocrx_word' id='word_1_34' title='bbox 1186 647 1220 691; x_wconf 89' lang='lat' dir='ltr'>ac</span> <span class='ocrx_word' id='word_1_35' title='bbox 1241 630 1288 692; x_wconf 85' lang='lat' dir='ltr'>ri·</span> 
     </span>
     <span class='ocr_line' id='line_1_5' title="bbox 65 722 1262 805; baseline 0.003 -20"><span class='ocrx_word' id='word_1_36' title='bbox 65 724 138 785; x_wconf 73' lang='lat' dir='ltr'>tillon</span> <span class='ocrx_word' id='word_1_37' title='bbox 160 724 293 805; x_wconf 83' lang='lat' dir='ltr'><strong>Spiritu,</strong></span> <span class='ocrx_word' id='word_1_38' title='bbox 315 741 397 786; x_wconf 91' lang='lat' dir='ltr'>nunc</span> <span class='ocrx_word' id='word_1_39' title='bbox 418 731 448 784; x_wconf 93' lang='lat' dir='ltr'>et</span> <span class='ocrx_word' id='word_1_40' title='bbox 467 723 498 784; x_wconf 89' lang='lat' dir='ltr'>in</span> <span class='ocrx_word' id='word_1_41' title='bbox 520 722 633 784; x_wconf 87' lang='lat' dir='ltr'>infinita</span> <span class='ocrx_word' id='word_1_42' title='bbox 654 722 770 785; x_wconf 85' lang='lat' dir='ltr'>saecula</span> <span class='ocrx_word' id='word_1_43' title='bbox 792 723 987 787; x_wconf 88' lang='lat' dir='ltr'>saeculorum.</span> <span class='ocrx_word' id='word_1_44' title='bbox 1031 727 1133 790; x_wconf 78' lang='lat' dir='ltr'>Amen.</span> <span class='ocrx_word' id='word_1_45' title='bbox 1257 734 1262 753; x_wconf 81' lang='lat'>⁴</span> 
     </span>
    </p>
   </div>
   <div class='ocr_carea' id='block_1_3' title="bbox 478 1113 869 1174">
    <p class='ocr_par' dir='ltr' id='par_1_3' title="bbox 478 1113 869 1174">
     <span class='ocr_line' id='line_1_6' title="bbox 478 1113 869 1174; baseline -0.003 -1"><span class='ocrx_word' id='word_1_46' title='bbox 478 1113 611 1173; x_wconf 71' lang='lat' dir='ltr'>bussuli</span> <span class='ocrx_word' id='word_1_47' title='bbox 627 1115 869 1174; x_wconf 75' lang='lat' dir='ltr'>CAESdlllEll&#39;SlS</span> 
     </span>
    </p>
   </div>
   <div class='ocr_carea' id='block_1_4' title="bbox 415 1232 928 1298">
    <p class='ocr_par' dir='ltr' id='par_1_4' title="bbox 415 1232 928 1298">
     <span class='ocr_line' id='line_1_7' title="bbox 415 1232 928 1298; baseline 0 -16"><span class='ocrx_word' id='word_1_48' title='bbox 415 1232 523 1296; x_wconf 82' lang='lat' dir='ltr'>Epistola</span> <span class='ocrx_word' id='word_1_49' title='bbox 540 1232 571 1282; x_wconf 87' lang='lat' dir='ltr'>ad</span> <span class='ocrx_word' id='word_1_50' title='bbox 588 1246 647 1282; x_wconf 81' lang='lat' dir='ltr'>tuae</span> <span class='ocrx_word' id='word_1_51' title='bbox 663 1233 791 1298; x_wconf 83' lang='lat' dir='ltr'>paroeciae</span> <span class='ocrx_word' id='word_1_52' title='bbox 808 1235 928 1283; x_wconf 84' lang='lat' dir='ltr'>homines.</span> 
     </span>
    </p>
   </div>
   <div class='ocr_carea' id='block_1_5' title="bbox 62 1364 1284 2249">
    <p class='ocr_par' dir='ltr' id='par_1_5' title="bbox 62 1364 1284 2249">
     <span class='ocr_line' id='line_1_8' title="bbox 142 1364 1284 1449; baseline 0.003 -21"><span class='ocrx_word' id='word_1_53' title='bbox 142 1370 170 1428; x_wconf 91' lang='lat' dir='ltr'>l.</span> <span class='ocrx_word' id='word_1_54' title='bbox 217 1365 300 1438; x_wconf 85' lang='lat' dir='ltr'>Quae</span> <span class='ocrx_word' id='word_1_55' title='bbox 322 1364 647 1428; x_wconf 85' lang='lat' dir='ltr'>defideEcclesiastica</span> <span class='ocrx_word' id='word_1_56' title='bbox 670 1366 702 1429; x_wconf 86' lang='lat' dir='ltr'>in</span> <span class='ocrx_word' id='word_1_57' title='bbox 723 1385 828 1448; x_wconf 77' lang='lat' dir='ltr'>magna</span> <span class='ocrx_word' id='word_1_58' title='bbox 841 1365 960 1447; x_wconf 73' lang='lat' dir='ltr'>Synodo</span> <span class='ocrx_word' id='word_1_59' title='bbox 973 1366 1097 1429; x_wconf 85' lang='lat' dir='ltr'>Nicaeae</span> <span class='ocrx_word' id='word_1_60' title='bbox 1108 1379 1284 1449; x_wconf 79' lang='lat' dir='ltr'>congregata</span> 
     </span>
     <span class='ocr_line' id='line_1_9' title="bbox 67 1466 1283 1561; baseline 0.003 -33"><span class='ocrx_word' id='word_1_61' title='bbox 67 1476 118 1528; x_wconf 85' lang='lat' dir='ltr'>acta</span> <span class='ocrx_word' id='word_1_62' title='bbox 140 1475 221 1541; x_wconf 86' lang='lat' dir='ltr'>sunt,</span> <span class='ocrx_word' id='word_1_63' title='bbox 244 1466 404 1528; x_wconf 79' lang='lat' dir='ltr'>uerisimile</span> <span class='ocrx_word' id='word_1_64' title='bbox 426 1467 475 1561; x_wconf 74' lang='lat' dir='ltr'>est</span> <span class='ocrx_word' id='word_1_65' title='bbox 490 1486 555 1542; x_wconf 83' lang='lat' dir='ltr'>vos,</span> <span class='ocrx_word' id='word_1_66' title='bbox 577 1467 686 1542; x_wconf 91' lang='lat' dir='ltr'>dilecti,</span> <span class='ocrx_word' id='word_1_67' title='bbox 709 1467 826 1530; x_wconf 82' lang='lat' dir='ltr'>aliunde</span> <span class='ocrx_word' id='word_1_68' title='bbox 841 1486 959 1548; x_wconf 87' lang='lat' dir='ltr'>quoque</span> <span class='ocrx_word' id='word_1_69' title='bbox 974 1467 1123 1543; x_wconf 83' lang='lat' dir='ltr'>didicisse,</span> <span class='ocrx_word' id='word_1_70' title='bbox 1147 1489 1213 1531; x_wconf 91' lang='lat' dir='ltr'>cum</span> <span class='ocrx_word' id='word_1_71' title='bbox 1230 1490 1283 1532; x_wconf 91' lang='lat' dir='ltr'>so-</span> 
     </span>
     <span class='ocr_line' id='line_1_10' title="bbox 66 1566 1281 1650; baseline 0.005 -21"><span class='ocrx_word' id='word_1_72' title='bbox 66 1566 114 1629; x_wconf 81' lang='lat' dir='ltr'>leat</span> <span class='ocrx_word' id='word_1_73' title='bbox 132 1570 211 1630; x_wconf 81' lang='lat' dir='ltr'>lama</span> <span class='ocrx_word' id='word_1_74' title='bbox 232 1578 399 1631; x_wconf 72' lang='lat' dir='ltr'>admiratam</span> <span class='ocrx_word' id='word_1_75' title='bbox 419 1587 520 1631; x_wconf 87' lang='lat' dir='ltr'>rerum</span> <span class='ocrx_word' id='word_1_76' title='bbox 541 1569 740 1632; x_wconf 83' lang='lat' dir='ltr'>narrationem</span> <span class='ocrx_word' id='word_1_77' title='bbox 755 1586 958 1650; x_wconf 86' lang='lat' dir='ltr'>praecurrere.</span> <span class='ocrx_word' id='word_1_78' title='bbox 995 1568 1103 1632; x_wconf 86' lang='lat' dir='ltr'>Verum</span> <span class='ocrx_word' id='word_1_79' title='bbox 1122 1589 1160 1632; x_wconf 92' lang='lat' dir='ltr'>ne</span> <span class='ocrx_word' id='word_1_80' title='bbox 1175 1572 1281 1635; x_wconf 91' lang='lat' dir='ltr'>buius·</span> 
     </span>
     <span class='ocr_line' id='line_1_11' title="bbox 66 1669 1283 1746; baseline 0.005 -16"><span class='ocrx_word' id='word_1_81' title='bbox 66 1669 136 1730; x_wconf 88' lang='lat' dir='ltr'>nodi</span> <span class='ocrx_word' id='word_1_82' title='bbox 163 1688 288 1732; x_wconf 82' lang='lat' dir='ltr'>rumore</span> <span class='ocrx_word' id='word_1_83' title='bbox 316 1689 366 1731; x_wconf 85' lang='lat' dir='ltr'>res</span> <span class='ocrx_word' id='word_1_84' title='bbox 394 1669 478 1732; x_wconf 88' lang='lat' dir='ltr'>aliter</span> <span class='ocrx_word' id='word_1_85' title='bbox 506 1670 590 1733; x_wconf 84' lang='lat' dir='ltr'>robis</span> <span class='ocrx_word' id='word_1_86' title='bbox 618 1678 756 1732; x_wconf 82' lang='lat' dir='ltr'>narretur</span> <span class='ocrx_word' id='word_1_87' title='bbox 785 1689 941 1733; x_wconf 86' lang='lat' dir='ltr'>acrovera</span> <span class='ocrx_word' id='word_1_88' title='bbox 964 1670 1124 1746; x_wconf 89' lang='lat' dir='ltr'>sehabet,</span> <span class='ocrx_word' id='word_1_89' title='bbox 1158 1691 1283 1736; x_wconf 88' lang='lat' dir='ltr'>necesse</span> 
     </span>
     <span class='ocr_line' id='line_1_12' title="bbox 65 1771 1284 1852; baseline 0.006 -22"><span class='ocrx_word' id='word_1_90' title='bbox 65 1788 124 1832; x_wconf 84' lang='lat' dir='ltr'>esse</span> <span class='ocrx_word' id='word_1_91' title='bbox 146 1771 285 1833; x_wconf 81' lang='lat' dir='ltr'>duximus</span> <span class='ocrx_word' id='word_1_92' title='bbox 314 1772 350 1832; x_wconf 92' lang='lat' dir='ltr'>ad</span> <span class='ocrx_word' id='word_1_93' title='bbox 378 1791 432 1833; x_wconf 87' lang='lat' dir='ltr'>vos</span> <span class='ocrx_word' id='word_1_94' title='bbox 460 1772 589 1850; x_wconf 89' lang='lat' dir='ltr'>primum</span> <span class='ocrx_word' id='word_1_95' title='bbox 616 1771 736 1852; x_wconf 87' lang='lat' dir='ltr'>quidem</span> <span class='ocrx_word' id='word_1_96' title='bbox 764 1771 843 1833; x_wconf 90' lang='lat' dir='ltr'>illam</span> <span class='ocrx_word' id='word_1_97' title='bbox 871 1771 939 1834; x_wconf 86' lang='lat' dir='ltr'>lidei</span> <span class='ocrx_word' id='word_1_98' title='bbox 968 1771 1122 1834; x_wconf 82' lang='lat' dir='ltr'>formulam</span> <span class='ocrx_word' id='word_1_99' title='bbox 1156 1774 1284 1850; x_wconf 91' lang='lat' dir='ltr'>mittere,</span> 
     </span>
     <span class='ocr_line' id='line_1_13' title="bbox 65 1870 1283 1953; baseline 0.006 -21"><span class='ocrx_word' id='word_1_100' title='bbox 65 1889 128 1950; x_wconf 83' lang='lat' dir='ltr'>quae</span> <span class='ocrx_word' id='word_1_101' title='bbox 151 1891 168 1932; x_wconf 86' lang='lat' dir='ltr'>a</span> <span class='ocrx_word' id='word_1_102' title='bbox 190 1872 280 1933; x_wconf 90' lang='lat' dir='ltr'>nobis</span> <span class='ocrx_word' id='word_1_103' title='bbox 302 1872 456 1953; x_wconf 88' lang='lat' dir='ltr'>proposita</span> <span class='ocrx_word' id='word_1_104' title='bbox 480 1881 535 1946; x_wconf 91' lang='lat' dir='ltr'>est,</span> <span class='ocrx_word' id='word_1_105' title='bbox 559 1870 672 1934; x_wconf 82' lang='lat' dir='ltr'>deinde&#39;</span> <span class='ocrx_word' id='word_1_106' title='bbox 688 1873 819 1946; x_wconf 87' lang='lat' dir='ltr'>alteram,</span> <span class='ocrx_word' id='word_1_107' title='bbox 842 1890 929 1953; x_wconf 86' lang='lat' dir='ltr'>quam</span> <span class='ocrx_word' id='word_1_108' title='bbox 952 1871 1103 1936; x_wconf 90' lang='lat' dir='ltr'>nonnullis</span> <span class='ocrx_word' id='word_1_109' title='bbox 1126 1876 1162 1936; x_wconf 92' lang='lat' dir='ltr'>ad</span> <span class='ocrx_word' id='word_1_110' title='bbox 1179 1882 1283 1939; x_wconf 87' lang='lat' dir='ltr'>nostra</span> 
     </span>
     <span class='ocr_line' id='line_1_14' title="bbox 64 1973 1283 2055; baseline 0.008 -26"><span class='ocrx_word' id='word_1_111' title='bbox 64 1973 140 2034; x_wconf 80' lang='lat' dir='ltr'>rerba</span> <span class='ocrx_word' id='word_1_112' title='bbox 163 1973 274 2036; x_wconf 89' lang='lat' dir='ltr'>additis</span> <span class='ocrx_word' id='word_1_113' title='bbox 295 1973 461 2036; x_wconf 88' lang='lat' dir='ltr'>ediderunt.</span> <span class='ocrx_word' id='word_1_114' title='bbox 506 1974 606 2054; x_wconf 87' lang='lat' dir='ltr'>ltaque</span> <span class='ocrx_word' id='word_1_115' title='bbox 629 1982 733 2036; x_wconf 89' lang='lat' dir='ltr'>noster</span> <span class='ocrx_word' id='word_1_116' title='bbox 753 1973 879 2048; x_wconf 89' lang='lat' dir='ltr'>libellus,</span> <span class='ocrx_word' id='word_1_117' title='bbox 903 1976 953 2054; x_wconf 90' lang='lat' dir='ltr'>qui</span> <span class='ocrx_word' id='word_1_118' title='bbox 967 1983 1124 2053; x_wconf 84' lang='lat' dir='ltr'>praesente</span> <span class='ocrx_word' id='word_1_119' title='bbox 1145 1976 1283 2055; x_wconf 90' lang='lat' dir='ltr'>piissimo</span> 
     </span>
     <span class='ocr_line' id='line_1_15' title="bbox 63 2072 1283 2157; baseline 0.004 -22"><span class='ocrx_word' id='word_1_120' title='bbox 63 2072 238 2155; x_wconf 86' lang='lat' dir='ltr'>imperatore</span> <span class='ocrx_word' id='word_1_121' title='bbox 259 2084 365 2137; x_wconf 88' lang='lat' dir='ltr'>nostro</span> <span class='ocrx_word' id='word_1_122' title='bbox 387 2075 496 2150; x_wconf 89' lang='lat' dir='ltr'>lectus,</span> <span class='ocrx_word' id='word_1_123' title='bbox 527 2084 627 2138; x_wconf 85' lang='lat' dir='ltr'>rectus</span> <span class='ocrx_word' id='word_1_124' title='bbox 650 2083 681 2138; x_wconf 93' lang='lat' dir='ltr'>et</span> <span class='ocrx_word' id='word_1_125' title='bbox 702 2074 916 2157; x_wconf 84' lang='lat' dir='ltr'>approbatione</span> <span class='ocrx_word' id='word_1_126' title='bbox 939 2075 1045 2155; x_wconf 79' lang='lat' dir='ltr'>dignus</span> <span class='ocrx_word' id='word_1_127' title='bbox 1069 2085 1204 2138; x_wconf 89' lang='lat' dir='ltr'>esseest</span> <span class='ocrx_word' id='word_1_128' title='bbox 1228 2078 1283 2140; x_wconf 90' lang='lat' dir='ltr'>de-</span> 
     </span>
     <span class='ocr_line' id='line_1_16' title="bbox 62 2163 948 2249; baseline 0 -11"><span class='ocrx_word' id='word_1_129' title='bbox 62 2174 190 2249; x_wconf 78' lang='lat' dir='ltr'>claratus,</span> <span class='ocrx_word' id='word_1_130' title='bbox 215 2175 385 2239; x_wconf 88' lang='lat' dir='ltr'>huiusmodi</span> <span class='ocrx_word' id='word_1_131' title='bbox 411 2183 467 2238; x_wconf 89' lang='lat' dir='ltr'>est.</span> <span class='ocrx_word' id='word_1_132' title='bbox 945 2163 948 2168; x_wconf 33' lang='lat'>⁸</span> 
     </span>
    </p>
   </div>
   <div class='ocr_carea' id='block_1_6' title="bbox 58 2377 1281 2862">
    <p class='ocr_par' dir='ltr' id='par_1_6' title="bbox 58 2377 1281 2862">
     <span class='ocr_line' id='line_1_17' title="bbox 134 2377 1281 2459; baseline -0.002 -17"><span class='ocrx_word' id='word_1_133' title='bbox 134 2381 166 2442; x_wconf 80' lang='lat'>2.</span> <span class='ocrx_word' id='word_1_134' title='bbox 215 2377 470 2451; x_wconf 85' lang='lat' dir='ltr'>Quemadmodum</span> <span class='ocrx_word' id='word_1_135' title='bbox 499 2379 667 2459; x_wconf 86' lang='lat' dir='ltr'>accepimus</span> <span class='ocrx_word' id='word_1_136' title='bbox 689 2378 724 2439; x_wconf 94' lang='lat' dir='ltr'>ab</span> <span class='ocrx_word' id='word_1_137' title='bbox 747 2377 914 2458; x_wconf 90' lang='lat' dir='ltr'>episcopis,</span> <span class='ocrx_word' id='word_1_138' title='bbox 944 2378 992 2458; x_wconf 88' lang='lat' dir='ltr'>qui</span> <span class='ocrx_word' id='word_1_139' title='bbox 1021 2397 1078 2439; x_wconf 93' lang='lat' dir='ltr'>nos</span> <span class='ocrx_word' id='word_1_140' title='bbox 1107 2388 1281 2442; x_wconf 87' lang='lat' dir='ltr'>antecesse-</span> 
     </span>
     <span class='ocr_line' id='line_1_18' title="bbox 60 2478 1281 2559; baseline 0.003 -21"><span class='ocrx_word' id='word_1_141' title='bbox 60 2488 130 2551; x_wconf 87' lang='lat' dir='ltr'>mnt,</span> <span class='ocrx_word' id='word_1_142' title='bbox 153 2497 288 2540; x_wconf 87' lang='lat' dir='ltr'>necnon</span> <span class='ocrx_word' id='word_1_143' title='bbox 312 2479 341 2540; x_wconf 93' lang='lat' dir='ltr'>in</span> <span class='ocrx_word' id='word_1_144' title='bbox 356 2479 452 2559; x_wconf 90' lang='lat' dir='ltr'>prima</span> <span class='ocrx_word' id='word_1_145' title='bbox 467 2479 625 2552; x_wconf 81' lang='lat' dir='ltr'>catechesi,</span> <span class='ocrx_word' id='word_1_146' title='bbox 648 2489 678 2541; x_wconf 90' lang='lat' dir='ltr'>et</span> <span class='ocrx_word' id='word_1_147' title='bbox 698 2498 764 2541; x_wconf 88' lang='lat' dir='ltr'>cum</span> <span class='ocrx_word' id='word_1_148' title='bbox 779 2479 980 2558; x_wconf 82' lang='lat' dir='ltr'>acciperemus</span> <span class='ocrx_word' id='word_1_149' title='bbox 995 2478 1151 2551; x_wconf 84' lang='lat' dir='ltr'>lavacrum,</span> <span class='ocrx_word' id='word_1_150' title='bbox 1175 2499 1281 2559; x_wconf 88' lang='lat' dir='ltr'>quem-</span> 
     </span>
     <span class='ocr_line' id='line_1_19' title="bbox 60 2579 1280 2660; baseline 0.003 -22"><span class='ocrx_word' id='word_1_151' title='bbox 60 2579 213 2641; x_wconf 85' lang='lat' dir='ltr'>admodum</span> <span class='ocrx_word' id='word_1_152' title='bbox 242 2581 313 2641; x_wconf 89' lang='lat' dir='ltr'>item</span> <span class='ocrx_word' id='word_1_153' title='bbox 343 2600 378 2641; x_wconf 84' lang='lat' dir='ltr'>ex</span> <span class='ocrx_word' id='word_1_154' title='bbox 406 2580 512 2642; x_wconf 91' lang='lat' dir='ltr'>divinis</span> <span class='ocrx_word' id='word_1_155' title='bbox 536 2580 692 2641; x_wconf 88' lang='lat' dir='ltr'>didicimus</span> <span class='ocrx_word' id='word_1_156' title='bbox 719 2579 845 2651; x_wconf 88' lang='lat' dir='ltr'>litteris,</span> <span class='ocrx_word' id='word_1_157' title='bbox 880 2598 913 2641; x_wconf 89' lang='lat' dir='ltr'>ae</span> <span class='ocrx_word' id='word_1_158' title='bbox 942 2598 1006 2641; x_wconf 91' lang='lat' dir='ltr'>cum</span> <span class='ocrx_word' id='word_1_159' title='bbox 1035 2579 1066 2641; x_wconf 93' lang='lat' dir='ltr'>in</span> <span class='ocrx_word' id='word_1_160' title='bbox 1093 2581 1280 2660; x_wconf 81' lang='lat' dir='ltr'>Presbyterio</span> 
     </span>
     <span class='ocr_line' id='line_1_20' title="bbox 59 2679 1280 2761; baseline 0.001 -21"><span class='ocrx_word' id='word_1_161' title='bbox 59 2688 112 2741; x_wconf 90' lang='lat' dir='ltr'>tum</span> <span class='ocrx_word' id='word_1_162' title='bbox 135 2683 167 2742; x_wconf 89' lang='lat' dir='ltr'>in</span> <span class='ocrx_word' id='word_1_163' title='bbox 190 2682 259 2760; x_wconf 89' lang='lat' dir='ltr'>ipso</span> <span class='ocrx_word' id='word_1_164' title='bbox 284 2681 461 2761; x_wconf 79' lang='lat' dir='ltr'>Episcopatu</span> <span class='ocrx_word' id='word_1_165' title='bbox 484 2682 663 2743; x_wconf 88' lang='lat' dir='ltr'>credidimus</span> <span class='ocrx_word' id='word_1_166' title='bbox 686 2690 715 2743; x_wconf 90' lang='lat' dir='ltr'>et</span> <span class='ocrx_word' id='word_1_167' title='bbox 736 2681 912 2752; x_wconf 81' lang='lat' dir='ltr'>docuimus,</span> <span class='ocrx_word' id='word_1_168' title='bbox 938 2679 981 2741; x_wconf 93' lang='lat' dir='ltr'>sic</span> <span class='ocrx_word' id='word_1_169' title='bbox 1003 2680 1090 2742; x_wconf 90' lang='lat' dir='ltr'>etiam</span> <span class='ocrx_word' id='word_1_170' title='bbox 1112 2700 1191 2741; x_wconf 89' lang='lat' dir='ltr'>nunc</span> <span class='ocrx_word' id='word_1_171' title='bbox 1213 2701 1280 2742; x_wconf 88' lang='lat' dir='ltr'>cre-</span> 
     </span>
     <span class='ocr_line' id='line_1_21' title="bbox 58 2779 1058 2862; baseline 0.001 -22"><span class='ocrx_word' id='word_1_172' title='bbox 58 2781 153 2845; x_wconf 84' lang='lat' dir='ltr'>dentes</span> <span class='ocrx_word' id='word_1_173' title='bbox 178 2783 269 2844; x_wconf 85' lang='lat' dir='ltr'>fidem</span> <span class='ocrx_word' id='word_1_174' title='bbox 292 2792 425 2844; x_wconf 85' lang='lat' dir='ltr'>nostram</span> <span class='ocrx_word' id='word_1_175' title='bbox 446 2782 531 2843; x_wconf 86' lang='lat' dir='ltr'>vobis</span> <span class='ocrx_word' id='word_1_176' title='bbox 555 2782 718 2852; x_wconf 78' lang='lat' dir='ltr'>oderimus,</span> <span class='ocrx_word' id='word_1_177' title='bbox 741 2801 815 2862; x_wconf 82' lang='lat' dir='ltr'>quae</span> <span class='ocrx_word' id='word_1_178' title='bbox 838 2781 883 2843; x_wconf 91' lang='lat' dir='ltr'>sic</span> <span class='ocrx_word' id='word_1_179' title='bbox 905 2799 938 2842; x_wconf 88' lang='lat' dir='ltr'>sc</span> <span class='ocrx_word' id='word_1_180' title='bbox 960 2779 1058 2841; x_wconf 89' lang='lat' dir='ltr'>babet.</span> 
     </span>
    </p>
   </div>
   <div class='ocr_carea' id='block_1_7' title="bbox 51 2983 1365 3873">
    <p class='ocr_par' dir='ltr' id='par_1_7' title="bbox 51 2983 1365 3873">
     <span class='ocr_line' id='line_1_22' title="bbox 135 2983 1281 3063; baseline -0.005 -13"><span class='ocrx_word' id='word_1_181' title='bbox 135 2989 165 3050; x_wconf 83' lang='grc'>3.</span> <span class='ocrx_word' id='word_1_182' title='bbox 213 2984 369 3046; x_wconf 86' lang='lat' dir='ltr'>Credimus</span> <span class='ocrx_word' id='word_1_183' title='bbox 390 2984 420 3045; x_wconf 94' lang='lat' dir='ltr'>in</span> <span class='ocrx_word' id='word_1_184' title='bbox 442 3003 533 3046; x_wconf 88' lang='lat' dir='ltr'>unum</span> <span class='ocrx_word' id='word_1_185' title='bbox 555 2984 659 3059; x_wconf 78' lang='lat' dir='ltr'>licum,</span> <span class='ocrx_word' id='word_1_186' title='bbox 681 2985 798 3045; x_wconf 88' lang='lat' dir='ltr'>Patrem</span> <span class='ocrx_word' id='word_1_187' title='bbox 822 2984 1065 3063; x_wconf 88' lang='lat' dir='ltr'>omnipotentem,</span> <span class='ocrx_word' id='word_1_188' title='bbox 1088 2983 1219 3044; x_wconf 89' lang='lat' dir='ltr'>omnium</span> <span class='ocrx_word' id='word_1_189' title='bbox 1235 2983 1281 3044; x_wconf 86' lang='lat' dir='ltr'>vi·</span> 
     </span>
     <span class='ocr_line' id='line_1_23' title="bbox 55 3083 1279 3158; baseline -0.002 -12"><span class='ocrx_word' id='word_1_190' title='bbox 55 3087 180 3148; x_wconf 70' lang='lat' dir='ltr'>edulium</span> <span class='ocrx_word' id='word_1_191' title='bbox 204 3093 235 3147; x_wconf 90' lang='lat' dir='ltr'>et</span> <span class='ocrx_word' id='word_1_192' title='bbox 257 3085 447 3148; x_wconf 84' lang='lat' dir='ltr'>invisibilium</span> <span class='ocrx_word' id='word_1_193' title='bbox 470 3087 650 3158; x_wconf 82' lang='lat' dir='ltr'>effectorem,</span> <span class='ocrx_word' id='word_1_194' title='bbox 674 3086 754 3146; x_wconf 89' lang='lat' dir='ltr'>etin</span> <span class='ocrx_word' id='word_1_195' title='bbox 777 3103 867 3146; x_wconf 91' lang='lat' dir='ltr'>unum</span> <span class='ocrx_word' id='word_1_196' title='bbox 890 3083 1047 3146; x_wconf 86' lang='lat' dir='ltr'>Dominum</span> <span class='ocrx_word' id='word_1_197' title='bbox 1070 3084 1169 3144; x_wconf 89' lang='lat' dir='ltr'>lesum</span> <span class='ocrx_word' id='word_1_198' title='bbox 1192 3083 1279 3145; x_wconf 84' lang='lat' dir='ltr'>Chri-</span> 
     </span>
     <span class='ocr_line' id='line_1_24' title="bbox 55 3185 1279 3261; baseline -0.001 -14"><span class='ocrx_word' id='word_1_199' title='bbox 55 3197 146 3261; x_wconf 86' lang='lat' dir='ltr'>stum,</span> <span class='ocrx_word' id='word_1_200' title='bbox 175 3188 231 3248; x_wconf 85' lang='lat' dir='ltr'>Dei</span> <span class='ocrx_word' id='word_1_201' title='bbox 254 3186 397 3259; x_wconf 75' lang='lat' dir='ltr'>Verbum,</span> <span class='ocrx_word' id='word_1_202' title='bbox 426 3186 519 3248; x_wconf 85' lang='lat' dir='ltr'>Deum</span> <span class='ocrx_word' id='word_1_203' title='bbox 543 3205 578 3247; x_wconf 81' lang='lat' dir='ltr'>cx</span> <span class='ocrx_word' id='word_1_204' title='bbox 600 3186 679 3260; x_wconf 86' lang='lat' dir='ltr'>Deo,</span> <span class='ocrx_word' id='word_1_205' title='bbox 709 3187 807 3247; x_wconf 89' lang='lat' dir='ltr'>lumen</span> <span class='ocrx_word' id='word_1_206' title='bbox 831 3205 864 3246; x_wconf 89' lang='lat' dir='ltr'>ex</span> <span class='ocrx_word' id='word_1_207' title='bbox 888 3186 1013 3259; x_wconf 92' lang='lat' dir='ltr'>lumine,</span> <span class='ocrx_word' id='word_1_208' title='bbox 1042 3185 1131 3246; x_wconf 85' lang='lat' dir='ltr'>vitam</span> <span class='ocrx_word' id='word_1_209' title='bbox 1154 3204 1189 3246; x_wconf 81' lang='lat' dir='ltr'>ex</span> <span class='ocrx_word' id='word_1_210' title='bbox 1210 3185 1279 3256; x_wconf 84' lang='lat' dir='ltr'>vita,</span> 
     </span>
     <span class='ocr_line' id='line_1_25' title="bbox 55 3284 1280 3368; baseline -0.002 -19"><span class='ocrx_word' id='word_1_211' title='bbox 55 3287 154 3350; x_wconf 83' lang='lat' dir='ltr'>lilium</span> <span class='ocrx_word' id='word_1_212' title='bbox 178 3288 375 3366; x_wconf 79' lang='lat' dir='ltr'>unigenitum,</span> <span class='ocrx_word' id='word_1_213' title='bbox 398 3287 626 3368; x_wconf 82' lang='lat' dir='ltr'>primogenitum</span> <span class='ocrx_word' id='word_1_214' title='bbox 650 3288 746 3349; x_wconf 89' lang='lat' dir='ltr'>omnis</span> <span class='ocrx_word' id='word_1_215' title='bbox 769 3296 930 3360; x_wconf 85' lang='lat' dir='ltr'>creaturae,</span> <span class='ocrx_word' id='word_1_216' title='bbox 953 3296 1020 3346; x_wconf 87' lang='lat' dir='ltr'>ante</span> <span class='ocrx_word' id='word_1_217' title='bbox 1044 3287 1141 3347; x_wconf 89' lang='lat' dir='ltr'>omnia</span> <span class='ocrx_word' id='word_1_218' title='bbox 1164 3284 1280 3346; x_wconf 88' lang='lat' dir='ltr'>saccula</span> 
     </span>
     <span class='ocr_line' id='line_1_26' title="bbox 54 3388 1279 3468; baseline -0.002 -18"><span class='ocrx_word' id='word_1_219' title='bbox 54 3407 87 3450; x_wconf 81' lang='lat' dir='ltr'>ex</span> <span class='ocrx_word' id='word_1_220' title='bbox 107 3389 198 3451; x_wconf 87' lang='lat' dir='ltr'>Patre</span> <span class='ocrx_word' id='word_1_221' title='bbox 220 3388 362 3467; x_wconf 80' lang='lat' dir='ltr'>genitum,</span> <span class='ocrx_word' id='word_1_222' title='bbox 384 3406 439 3467; x_wconf 87' lang='lat' dir='ltr'>per</span> <span class='ocrx_word' id='word_1_223' title='bbox 460 3407 548 3468; x_wconf 86' lang='lat' dir='ltr'>quem</span> <span class='ocrx_word' id='word_1_224' title='bbox 572 3398 601 3450; x_wconf 93' lang='lat' dir='ltr'>et</span> <span class='ocrx_word' id='word_1_225' title='bbox 623 3389 721 3449; x_wconf 91' lang='lat' dir='ltr'>omnia</span> <span class='ocrx_word' id='word_1_226' title='bbox 743 3390 816 3449; x_wconf 86' lang='lat' dir='ltr'>lacta</span> <span class='ocrx_word' id='word_1_227' title='bbox 839 3398 918 3459; x_wconf 88' lang='lat' dir='ltr'>sunt,</span> <span class='ocrx_word' id='word_1_228' title='bbox 941 3388 990 3467; x_wconf 87' lang='lat' dir='ltr'>qui</span> <span class='ocrx_word' id='word_1_229' title='bbox 1008 3395 1132 3467; x_wconf 89' lang='lat' dir='ltr'>propter</span> <span class='ocrx_word' id='word_1_230' title='bbox 1146 3396 1279 3448; x_wconf 87' lang='lat' dir='ltr'>nostram</span> 
     </span>
     <span class='ocr_line' id='line_1_27' title="bbox 53 3488 1278 3576; baseline -0.003 -25"><span class='ocrx_word' id='word_1_231' title='bbox 53 3491 175 3551; x_wconf 85' lang='lat' dir='ltr'>salutem</span> <span class='ocrx_word' id='word_1_232' title='bbox 199 3490 368 3550; x_wconf 86' lang='lat' dir='ltr'>incarnatus</span> <span class='ocrx_word' id='word_1_233' title='bbox 398 3496 444 3550; x_wconf 89' lang='lat' dir='ltr'>est</span> <span class='ocrx_word' id='word_1_234' title='bbox 464 3497 494 3576; x_wconf 88' lang='lat' dir='ltr'>et</span> <span class='ocrx_word' id='word_1_235' title='bbox 514 3489 591 3551; x_wconf 90' lang='lat' dir='ltr'>inter</span> <span class='ocrx_word' id='word_1_236' title='bbox 612 3489 751 3550; x_wconf 88' lang='lat' dir='ltr'>homines</span> <span class='ocrx_word' id='word_1_237' title='bbox 774 3488 861 3562; x_wconf 85' lang='lat' dir='ltr'>vixit,</span> <span class='ocrx_word' id='word_1_238' title='bbox 890 3488 939 3568; x_wconf 90' lang='lat' dir='ltr'>qui</span> <span class='ocrx_word' id='word_1_239' title='bbox 967 3507 1074 3568; x_wconf 89' lang='lat' dir='ltr'>passus</span> <span class='ocrx_word' id='word_1_240' title='bbox 1103 3496 1150 3548; x_wconf 89' lang='lat' dir='ltr'>est</span> <span class='ocrx_word' id='word_1_241' title='bbox 1176 3495 1205 3547; x_wconf 91' lang='lat' dir='ltr'>et</span> <span class='ocrx_word' id='word_1_242' title='bbox 1227 3506 1278 3548; x_wconf 90' lang='lat' dir='ltr'>ro·</span> 
     </span>
     <span class='ocr_line' id='line_1_28' title="bbox 54 3587 1365 3667; baseline -0.002 -18"><span class='ocrx_word' id='word_1_243' title='bbox 54 3589 181 3652; x_wconf 85' lang='lat' dir='ltr'>surrexit</span> <span class='ocrx_word' id='word_1_244' title='bbox 202 3590 289 3651; x_wconf 85' lang='lat' dir='ltr'>tertia</span> <span class='ocrx_word' id='word_1_245' title='bbox 312 3590 360 3650; x_wconf 91' lang='lat' dir='ltr'>die</span> <span class='ocrx_word' id='word_1_246' title='bbox 382 3598 412 3650; x_wconf 92' lang='lat' dir='ltr'>et</span> <span class='ocrx_word' id='word_1_247' title='bbox 433 3590 567 3652; x_wconf 88' lang='lat' dir='ltr'>ascendit</span> <span class='ocrx_word' id='word_1_248' title='bbox 587 3588 624 3652; x_wconf 88' lang='lat' dir='ltr'>ad</span> <span class='ocrx_word' id='word_1_249' title='bbox 645 3590 778 3663; x_wconf 85' lang='lat' dir='ltr'>Patrem,</span> <span class='ocrx_word' id='word_1_250' title='bbox 807 3590 973 3667; x_wconf 89' lang='lat' dir='ltr'>iterumque</span> <span class='ocrx_word' id='word_1_251' title='bbox 1000 3607 1066 3649; x_wconf 88' lang='lat' dir='ltr'>oum</span> <span class='ocrx_word' id='word_1_252' title='bbox 1088 3587 1181 3666; x_wconf 85' lang='lat' dir='ltr'>gloria</span> <span class='ocrx_word' id='word_1_253' title='bbox 1203 3606 1365 3663; x_wconf 61' lang='lat' dir='ltr'>ven-m,</span> 
     </span>
     <span class='ocr_line' id='line_1_29' title="bbox 53 3688 1278 3768; baseline -0.004 -16"><span class='ocrx_word' id='word_1_254' title='bbox 53 3698 135 3752; x_wconf 86' lang='lat' dir='ltr'>turus</span> <span class='ocrx_word' id='word_1_255' title='bbox 157 3700 222 3763; x_wconf 90' lang='lat' dir='ltr'>est,</span> <span class='ocrx_word' id='word_1_256' title='bbox 251 3698 285 3751; x_wconf 92' lang='lat' dir='ltr'>ut</span> <span class='ocrx_word' id='word_1_257' title='bbox 311 3690 420 3753; x_wconf 90' lang='lat' dir='ltr'>iudicet</span> <span class='ocrx_word' id='word_1_258' title='bbox 446 3691 528 3752; x_wconf 85' lang='lat' dir='ltr'>vivos</span> <span class='ocrx_word' id='word_1_259' title='bbox 558 3700 588 3752; x_wconf 90' lang='lat' dir='ltr'>et</span> <span class='ocrx_word' id='word_1_260' title='bbox 615 3699 761 3752; x_wconf 89' lang='lat' dir='ltr'>mortuos.</span> <span class='ocrx_word' id='word_1_261' title='bbox 806 3689 960 3752; x_wconf 86' lang='lat' dir='ltr'>Credimus</span> <span class='ocrx_word' id='word_1_262' title='bbox 989 3707 1107 3768; x_wconf 86' lang='lat' dir='ltr'>quoque</span> <span class='ocrx_word' id='word_1_263' title='bbox 1135 3688 1278 3749; x_wconf 91' lang='lat' dir='ltr'>inunum</span> 
     </span>
     <span class='ocr_line' id='line_1_30' title="bbox 51 3789 1279 3873; baseline -0.002 -21"><span class='ocrx_word' id='word_1_264' title='bbox 51 3791 193 3872; x_wconf 85' lang='lat' dir='ltr'>Spiritum</span> <span class='ocrx_word' id='word_1_265' title='bbox 216 3799 369 3866; x_wconf 83' lang='lat' dir='ltr'>sanctum,</span> <span class='ocrx_word' id='word_1_266' title='bbox 391 3792 556 3871; x_wconf 85' lang='lat' dir='ltr'>horumque</span> <span class='ocrx_word' id='word_1_267' title='bbox 579 3792 741 3873; x_wconf 85' lang='lat' dir='ltr'>quemlibet</span> <span class='ocrx_word' id='word_1_268' title='bbox 762 3811 829 3853; x_wconf 88' lang='lat' dir='ltr'>esse</span> <span class='ocrx_word' id='word_1_269' title='bbox 853 3799 882 3852; x_wconf 88' lang='lat' dir='ltr'>et</span> <span class='ocrx_word' id='word_1_270' title='bbox 903 3790 1030 3852; x_wconf 86' lang='lat' dir='ltr'>existere</span> <span class='ocrx_word' id='word_1_271' title='bbox 1052 3789 1198 3851; x_wconf 90' lang='lat' dir='ltr'>credimus</span> <span class='ocrx_word' id='word_1_272' title='bbox 1220 3789 1279 3849; x_wconf 86' lang='lat' dir='ltr'>Pa-</span> 
     </span>
    </p>
   </div>
   <div class='ocr_carea' id='block_1_8' title="bbox 44 4068 1281 4546">
    <p class='ocr_par' dir='ltr' id='par_1_8' title="bbox 44 4068 1281 4546">
     <span class='ocr_line' id='line_1_31' title="bbox 80 4068 1099 4143; baseline -0.007 -14"><span class='ocrx_word' id='word_1_273' title='bbox 80 4082 99 4129; x_wconf 85' lang='lat' dir='ltr'>t.</span> <span class='ocrx_word' id='word_1_274' title='bbox 117 4081 198 4131; x_wconf 75' lang='lat' dir='ltr'>Editio</span> <span class='ocrx_word' id='word_1_275' title='bbox 223 4080 344 4129; x_wconf 82' lang='lat' dir='ltr'>Commel.</span> <span class='ocrx_word' id='word_1_276' title='bbox 362 4078 554 4143; x_wconf 71' lang='grc' dir='ltr'>προτεθεῖσαν.</span> <span class='ocrx_word' id='word_1_277' title='bbox 592 4081 640 4130; x_wconf 86' lang='lat' dir='ltr'>So·</span> <span class='ocrx_word' id='word_1_278' title='bbox 724 4080 740 4128; x_wconf 63' lang='lat' dir='ltr'>i,</span> <span class='ocrx_word' id='word_1_279' title='bbox 760 4080 873 4128; x_wconf 80' lang='lat' dir='ltr'>Socrates</span> <span class='ocrx_word' id='word_1_280' title='bbox 890 4068 1099 4141; x_wconf 75' lang='grc' dir='ltr'><strong><em>ἐπιστεύσαμεν.</em></strong></span> 
     </span>
     <span class='ocr_line' id='line_1_32' title="bbox 46 4138 1280 4213; baseline -0.009 -16"><span class='ocrx_word' id='word_1_281' title='bbox 46 4145 331 4213; x_wconf 50' lang='lat' dir='ltr'>:summatim</span> <span class='ocrx_word' id='word_1_282' title='bbox 724 4147 746 4195; x_wconf 83' lang='lat' dir='ltr'>l.</span> <span class='ocrx_word' id='word_1_283' title='bbox 766 4145 885 4194; x_wconf 80' lang='lat' dir='ltr'>Tbeodor.</span> <span class='ocrx_word' id='word_1_284' title='bbox 906 4146 994 4195; x_wconf 85' lang='lat' dir='ltr'>omittit</span> <span class='ocrx_word' id='word_1_285' title='bbox 1011 4138 1085 4210; x_wconf 76' lang='grc' dir='ltr'>ὑμῖν.</span> <span class='ocrx_word' id='word_1_286' title='bbox 1124 4139 1280 4191; x_wconf 83' lang='lat' dir='ltr'>lbid.Gelm.</span> 
     </span>
     <span class='ocr_line' id='line_1_33' title="bbox 78 4207 1145 4287; baseline -0.008 -22"><span class='ocrx_word' id='word_1_287' title='bbox 78 4230 101 4277; x_wconf 63' lang='lat' dir='ltr'>p</span> <span class='ocrx_word' id='word_1_288' title='bbox 121 4217 191 4283; x_wconf 63' lang='grc' dir='ltr'>ΔΜ</span> <span class='ocrx_word' id='word_1_289' title='bbox 216 4215 299 4268; x_wconf 76' lang='lat' dir='ltr'>Gelas.</span> <span class='ocrx_word' id='word_1_290' title='bbox 319 4214 396 4276; x_wconf 64' lang='lat' dir='ltr'>cpio.</span> <span class='ocrx_word' id='word_1_291' title='bbox 419 4228 446 4264; x_wconf 83' lang='lat' dir='ltr'>re</span> <span class='ocrx_word' id='word_1_292' title='bbox 465 4215 529 4266; x_wconf 82' lang='lat' dir='ltr'>uitur</span> <span class='ocrx_word' id='word_1_293' title='bbox 553 4214 638 4264; x_wconf 85' lang='lat' dir='ltr'>buius·</span> <span class='ocrx_word' id='word_1_294' title='bbox 690 4214 767 4276; x_wconf 73' lang='lat' dir='ltr'>Cyzic.</span> <span class='ocrx_word' id='word_1_295' title='bbox 785 4207 997 4287; x_wconf 46' lang='grc' dir='ltr'><strong><em>προφέρομεν.,</em></strong></span> <span class='ocrx_word' id='word_1_296' title='bbox 1142 4236 1145 4242; x_wconf 92' lang='grc'>-</span> 
     </span>
     <span class='ocr_line' id='line_1_34' title="bbox 48 4270 1030 4346; baseline -0.009 -12"><span class='ocrx_word' id='word_1_297' title='bbox 48 4275 269 4342; x_wconf 67' lang='lat' dir='ltr'>mutuniati</span> <span class='ocrx_word' id='word_1_298' title='bbox 288 4270 337 4346; x_wconf 69' lang='grc' dir='ltr'>ὕφ’</span> <span class='ocrx_word' id='word_1_299' title='bbox 356 4274 437 4344; x_wconf 61' lang='lat' dir='ltr'>»ludu</span> <span class='ocrx_word' id='word_1_300' title='bbox 489 4276 639 4333; x_wconf 67' lang='lat' dir='ltr'>eomant-</span> <span class='ocrx_word' id='word_1_301' title='bbox 724 4283 741 4330; x_wconf 87' lang='lat' dir='ltr'>l.</span> <span class='ocrx_word' id='word_1_302' title='bbox 760 4280 882 4329; x_wconf 71' lang='lat' dir='ltr'>theodor.</span> <span class='ocrx_word' id='word_1_303' title='bbox 901 4290 1030 4327; x_wconf 78' lang='lat' dir='ltr'>nwrevu.</span> 
     </span>
     <span class='ocr_line' id='line_1_35' title="bbox 45 4338 1279 4415; baseline -0.009 -17"><span class='ocrx_word' id='word_1_304' title='bbox 45 4362 114 4405; x_wconf 73' lang='lat' dir='ltr'>crte,</span> <span class='ocrx_word' id='word_1_305' title='bbox 132 4355 190 4415; x_wconf 60' lang='lat' dir='ltr'>fider</span> <span class='ocrx_word' id='word_1_306' title='bbox 209 4368 224 4401; x_wconf 85' lang='lat' dir='ltr'>o</span> <span class='ocrx_word' id='word_1_307' title='bbox 242 4352 312 4400; x_wconf 78' lang='lat' dir='ltr'>nebia</span> <span class='ocrx_word' id='word_1_308' title='bbox 328 4349 445 4413; x_wconf 68' lang='lat' dir='ltr'>capacite.</span> <span class='ocrx_word' id='word_1_309' title='bbox 724 4362 757 4398; x_wconf 86' lang='lat' dir='ltr'>m.</span> <span class='ocrx_word' id='word_1_310' title='bbox 769 4347 882 4396; x_wconf 81' lang='lat' dir='ltr'>Socrates</span> <span class='ocrx_word' id='word_1_311' title='bbox 895 4338 943 4393; x_wconf 75' lang='grc' dir='ltr'>καί</span> <span class='ocrx_word' id='word_1_312' title='bbox 954 4348 1050 4396; x_wconf 85' lang='lat' dir='ltr'>omittit.</span> <span class='ocrx_word' id='word_1_313' title='bbox 1069 4342 1128 4393; x_wconf 87' lang='lat' dir='ltr'>lbid.</span> <span class='ocrx_word' id='word_1_314' title='bbox 1140 4339 1279 4390; x_wconf 80' lang='lat' dir='ltr'>haeererba</span> 
     </span>
     <span class='ocr_line' id='line_1_36' title="bbox 78 4405 1281 4476; baseline -0.01 -8"><span class='ocrx_word' id='word_1_315' title='bbox 78 4421 102 4468; x_wconf 82' lang='lat' dir='ltr'>b</span> <span class='ocrx_word' id='word_1_316' title='bbox 122 4421 238 4469; x_wconf 77' lang='lat' dir='ltr'>Socrates</span> <span class='ocrx_word' id='word_1_317' title='bbox 256 4417 349 4467; x_wconf 82' lang='lat' dir='ltr'>omittit</span> <span class='ocrx_word' id='word_1_318' title='bbox 461 4450 468 4464; x_wconf 89' lang='lat'><strong>.</strong></span> <span class='ocrx_word' id='word_1_319' title='bbox 488 4416 638 4470; x_wconf 66' lang='lat' dir='ltr'>ltitsheo·</span> <span class='ocrx_word' id='word_1_320' title='bbox 689 4407 796 4463; x_wconf 74' lang='grc' dir='ltr'><em>τούτων</em></span> <span class='ocrx_word' id='word_1_321' title='bbox 812 4405 929 4462; x_wconf 64' lang='grc' dir='ltr'>ἕκαστον</span> <span class='ocrx_word' id='word_1_322' title='bbox 946 4422 969 4463; x_wconf 83' lang='lat' dir='ltr'>st</span> <span class='ocrx_word' id='word_1_323' title='bbox 988 4417 1281 4476; x_wconf 74' lang='lat' dir='ltr'>praesequanturusqne</span> 
     </span>
     <span class='ocr_line' id='line_1_37' title="bbox 44 4473 1213 4546; baseline -0.009 -11"><span class='ocrx_word' id='word_1_324' title='bbox 44 4485 97 4536; x_wconf 81' lang='lat' dir='ltr'>dor.</span> <span class='ocrx_word' id='word_1_325' title='bbox 116 4477 161 4537; x_wconf 77' lang='grc' dir='ltr'>ὅτε</span> <span class='ocrx_word' id='word_1_326' title='bbox 177 4480 225 4535; x_wconf 74' lang='grc' dir='ltr'>καὶ</span> <span class='ocrx_word' id='word_1_327' title='bbox 243 4477 277 4535; x_wconf 71' lang='grc' dir='ltr'>τὸ</span> <span class='ocrx_word' id='word_1_328' title='bbox 294 4479 364 4535; x_wconf 67' lang='lat' dir='ltr'>dm</span> <span class='ocrx_word' id='word_1_329' title='bbox 421 4488 478 4537; x_wconf 65' lang='lat' dir='ltr'>ete.</span> <span class='ocrx_word' id='word_1_330' title='bbox 690 4484 719 4533; x_wconf 80' lang='lat' dir='ltr'>sd</span> <span class='ocrx_word' id='word_1_331' title='bbox 734 4473 829 4534; x_wconf 67' lang='lat' dir='ltr'>noodr</span> <span class='ocrx_word' id='word_1_332' title='bbox 846 4481 934 4532; x_wconf 80' lang='lat' dir='ltr'>desunt</span> <span class='ocrx_word' id='word_1_333' title='bbox 952 4481 1015 4546; x_wconf 85' lang='lat' dir='ltr'>apud</span> <span class='ocrx_word' id='word_1_334' title='bbox 1035 4479 1116 4529; x_wconf 83' lang='lat' dir='ltr'>Gelas.</span> <span class='ocrx_word' id='word_1_335' title='bbox 1137 4475 1213 4541; x_wconf 70' lang='lat' dir='ltr'>Graio.</span> 
     </span>
    </p>
   </div>
   <div class='ocr_carea' id='block_1_9' title="bbox 1036 4557 1076 4611">
    <p class='ocr_par' dir='ltr' id='par_1_9' title="bbox 1036 4557 1076 4611">
     <span class='ocr_line' id='line_1_38' title="bbox 1036 4557 1076 4611; baseline 0 -19"><span class='ocrx_word' id='word_1_336' title='bbox 1036 4557 1076 4611; x_wconf 65' lang='grc'>6*</span> 
     </span>
    </p>
   </div>
   <div class='ocr_carea' id='block_1_10' title="bbox 0 0 1478 5092">
    <p class='ocr_par' dir='ltr' id='par_1_10' title="bbox 0 0 1478 5092">
     <span class='ocr_line' id='line_1_39' title="bbox 0 0 1478 5092; baseline 0 8"><span class='ocrx_word' id='word_1_337' title='bbox 0 0 1478 5092; x_wconf 95' lang='lat' dir='ltr'> </span> 
     </span>
    </p>
   </div>
  </div>
 </body>
</html>
