2948 5092
203 263 266 326 740
561 250 566 257 '
603 267 629 312 ι.
644 250 1037 349 ιττιιιιευιιαίιιειιτοει

81 426 269 510 ’κατέχει
291 422 325 491 ἒν
348 421 446 508 ἑαυτῇ
475 422 541 487 τῶν
562 418 719 504 γενητῶν,
748 413 804 482 καὶ
831 411 912 500 αῦτη
940 416 1000 500 τῆς
1030 416 1173 502 τριάδος
1201 415 1224 502 ἡ
1253 411 1422 504 άδιαίρετις

202 525 335 612 ’ἑνότης
354 521 409 590 καὶ
431 528 493 606 μία
514 516 534 608 ἡ
556 519 604 597 είς
624 516 745 604 ταύτην
767 521 882 594 πίστις
904 515 1003 583 ἐστίν.
1050 518 1082 585 εί
1105 519 1143 586 δὲ
1166 519 1257 586 κατὰ
1278 519 1337 606 τὴν
1349 515 1422 604 ῦμῦι

201 630 269 696 τῶν
294 626 471 714 Τροπικῶν
499 619 706 705 έπεξεόρεσιν
735 612 793 701 οῦχ
821 613 928 696 οὕτως
955 617 1062 699 ἐστίν,
1086 613 1161 686 ἄλλ’
1195 619 1424 709 ένοπνιάσθηιι

202 734 345 813 ικτίσμα
367 727 470 812 λέγειν
493 722 532 790 τὸ
554 725 685 805 πνεῦμα
705 718 744 787 τὸ
767 716 870 806 ἅγιον,
894 713 1003 786 οῦκύτι
1024 726 1088 803 μία
1105 728 1233 802 πίστις
1247 700 1444 808 έστῦνῦμῶ·

203 827 281 900 οῦδὲ
304 832 338 898 ἓν
360 827 545 914 βάπτισμα,
570 819 655 891 ἀλλὰ
676 820 746 902 δύο,
769 822 804 889 ἓν
825 822 885 906 μὲν
908 820 956 912 είς
976 828 1109 909 πατέρα
1129 827 1192 890 καί
1216 825 1312 906 υἱόν,
1335 826 1425 911 ἕτερον

204 934 242 1001 δὲ
264 932 311 1012 εἰς
333 928 469 1016 άγγελον
490 933 611 1009 κτίσμα
632 922 721 1004 όντα,
744 920 801 990 καὶ
821 920 917 991 οῦδὲν
939 923 1059 991 λοιπὸν
1077 919 1177 1009 ῦμιῦν
1192 920 1349 1015 άσφαλὲς
1368 923 1426 995 οῦδὲ

204 1029 339 1122 ἀληθές.
384 1036 469 1098 ποία
489 1027 551 1114 γὰρ
572 1031 728 1093 κοινωνία
749 1026 872 1112 γενητῷ
893 1028 948 1092 καί
971 1026 1165 1114 δημιουργῷ
1172 1057 1185 1110 ,·
1219 1022 1243 1113 ἢ
1266 1040 1354 1097 ποία
1372 1027 1426 1098 ἔνι’-

203 1161 262 1224 της
283 1143 356 1214 τοῖς
376 1131 465 1200 κάτω
487 1136 645 1213 κτίσμασι
663 1129 718 1194 καὶ
732 1129 779 1214 τῷ
793 1129 898 1194 ταῦτα
913 1125 1199 1214 δημιουργήσαντι
1214 1129 1328 1219 λόγως
1347 1134 1426 1198 τοῦτο
1462 1136 1466 1171 ¹

205 1237 303 1317 είδῶς
325 1231 344 1303 ό
365 1232 527 1321 μακάριος
540 1231 676 1309 Παῦλος
691 1223 729 1296 οὗ
745 1229 869 1315 διαιρεῖ
886 1228 945 1315 τὴν
959 1228 1081 1315 τριάδα
1096 1226 1216 1318 ῶςπερ
1232 1229 1341 1317 ῦμείς,
1362 1228 1427 1300 α’ίίδ

204 1338 264 1427 τὴν
287 1337 424 1424 ἑνότητα
443 1334 564 1422 ταύτης
585 1331 750 1399 διδάσκων
772 1331 897 1419 ἔγραψε
918 1326 1119 1419 Κορινθίοις
1144 1335 1326 1419 περὶτῶν
1346 1358 1426 1401 mev-
1464 1388 1466 1405 .

119 1443 368 1527 κακματικῶν,
398 1440 453 1505 καί
480 1435 523 1503 τὰ
544 1433 655 1501 πάντα
677 1433 724 1512 είς
746 1433 804 1500 ἕνα
828 1432 912 1501 θεὸν
937 1431 995 1500 τὸν
1023 1438 1158 1518 πατέρα
1187 1428 1425 1523 άνακεφαλαιιί,
1463 1510 1466 1525 ¹

205 1543 325 1628 ίέγων·
348 1541 526 1627 διαιρέσεις
549 1536 585 1603 δὲ
597 1531 810 1620 χαρισμάτων
825 1533 899 1613 alat,
922 1532 961 1601 τὸ
983 1534 1022 1601 δὲ
1042 1527 1125 1600 αὐτὸ
1148 1539 1302 1620 πνεῦμα,
1325 1535 1426 1604 καίδι·
1464 1528 1466 1563 ¹

205 1648 351 1729 αιρέσεις
365 1642 541 1709 διακονιῶν
556 1637 650 1716 εἰσιν,
672 1631 709 1703 ’ό
731 1636 768 1702 δὲ
783 1625 883 1715 αῦτδς
896 1635 1016 1720 κύριος,
1039 1638 1094 1702 καί
1110 1637 1305 1723 διαιρέσεις
1319 1638 1426 1724 ἐνεργη-

203 1743 319 1829 μάτων
341 1742 434 1821 είσίν,
459 1737 478 1807 ὁ
500 1741 536 1807 δὲ
558 1734 657 1818 αὐτὸς
677 1738 761 1816 θεὸς
783 1733 802 1803 ό
824 1735 961 1823 ἐνεργῶν
982 1735 1025 1803 τὰ
1046 1735 1163 1804 πάντα
1185 1738 1223 1806 ἐν
1241 1743 1385 1819 πᾶσιν).
1409 1736 1426 1805 ῦ

203 1843 266 1932 γὰρ
287 1845 326 1911 τὸ
348 1846 480 1929 πνεῦμα
507 1840 634 1928 ἑκάστην
657 1841 796 1927 διαιρεῖ,
824 1841 929 1906 ταῦτα
949 1837 1044 1923 παρὰ
1063 1842 1124 1905 τοῦ
1147 1840 1288 1927 πατρὸς
1309 1840 1365 1910 διὰ
1381 1844 1426 1906 τοῦ

204 1946 304 2032 λόγου
324 1950 528 2032 χορηγεῖται·
562 1941 673 2010 πάντα
699 1940 761 2028 γὰρ
781 1939 825 2007 τὰ
844 1943 903 2007 τοῦ
925 1937 1054 2025 πατρὸς
1072 1942 1135 2007 τοῦ
1159 1942 1238 2009 υἱοῦ
1262 1942 1346 2011 ἐστι
1386 1928 1426 2008 διό

204 2049 258 2114 καί
280 2047 323 2113 τά
345 2046 438 2135 παρὰ
459 2048 518 2112 τοῦ
541 2045 613 2111 υίοῦ
637 2044 671 2112 έν
692 2041 858 2128 πνεύματι
880 2041 1037 2128 διδόμενα
1056 2045 1118 2108 τοῦ
1139 2043 1280 2131 πατρός
1300 2045 1426 2127 ἐστιχα
1464 2100 1466 2125 ,

204 2152 359 2232 ρίσματα,
383 2145 438 2213 καὶ
453 2149 513 2213 τοῦ
528 2145 715 2230 πνεύματος
730 2146 767 2212 δὲ
782 2141 877 2224 όντσς
891 2143 925 2212 ἐν
939 2138 1018 2232 ἡμῖν
1040 2145 1114 2210 ικαί
1135 2139 1155 2209 ό
1179 2145 1284 2232 λόγος
1306 2142 1325 2214 ό
1345 2149 1425 2213 τοῦτο
1463 2140 1466 2219 ί

205 2246 320 2326 διδοὺς
342 2248 432 2313 ἔστιν
455 2246 489 2314 έν
510 2241 607 2333 ἡμῖν,
630 2250 684 2314 καί
707 2247 742 2315 έν
762 2249 810 2334 τῷ
831 2244 917 2333 λόγῳ
940 2244 1029 2313 ἐστὶν
1052 2241 1071 2311 ό
1092 2245 1226 2333 πατήρ·
1258 2252 1318 2317 καί
1339 2244 1427 2326 σῦτας
1464 2256 1466 2269 “

206 2346 279 2415 ῦστὶ
299 2347 338 2413 τὸ
362 2346 570 2430 ἐλευσόμεθα
592 2346 655 2431 ἐγὼ
677 2351 731 2415 καί
755 2346 773 2415 ό
795 2347 904 2435 πατὴρ
924 2324 989 2414 καῦ
999 2345 1102 2436 μονὴν
1125 2343 1209 2435 παρ’
1227 2344 1323 2437 αύτῷ
1344 2347 1425 2434 ποιό-
1464 2374 1466 2379 ·

205 2452 346 2531 σομεν’),
369 2447 525 2533 καθάπερ
549 2448 685 2535 εἴρηται.
732 2451 818 2517 ἔνθα
837 2449 898 2537 γὰρ
913 2448 951 2516 τὸ
971 2452 1053 2537 φῶς,
1077 2448 1145 2517 ἐκεῖ
1167 2452 1247 2518 ’καὶ
1270 2453 1313 2519 τὸ
1335 2449 1425 2519 &nat
1464 2470 1466 2477 '

187 2550 330 2635 ’γαομα,
361 2553 414 2616 καί
439 2551 524 2617 ἐ’νθα
550 2548 589 2616 τὸ
612 2544 831 2637 ἀπαύγασμα,
861 2551 926 2619 ἐκεῖ
952 2554 1005 2617 καί
1026 2546 1047 2639 ἡ
1070 2550 1193 2617 τούτοιν
1218 2553 1367 2642 ἐνέργεια
1383 2554 1423 2619 καί

205 2644 378 2736 αῦγοειόὴς
398 2650 501 2737 χάρις.
546 2656 600 2718 καί
622 2654 721 2718 τοῦτο
744 2652 848 2721 πάλιν
875 2652 1054 2720 ’διδάσκων
1084 2649 1270 2735 όΠαῦλος
1304 2657 1424 2743 ἔγραφε

205 2739 308 2829 αῦθις
330 2757 529 2838 Κορινθίοις
550 2751 606 2819 καὶ
628 2752 663 2819 ἒν
677 2756 716 2840 τῇ
734 2754 869 2843 δευτέρᾳ
891 2754 1060 2841 ἐπιστολῇ,
1084 2755 1208 2840 λέγων·
1222 2754 1251 2842 ἡ
1274 2758 1369 2843 χάρις
1380 2757 1424 2849 τοῦ

204 2859 317 2938 κυρίου
339 2849 432 2940 ἡμῶν
451 2852 554 2942 Ἰησοῦ
571 2858 721 2940 Χριστοῦ
739 2855 796 2922 καὶ
816 2852 836 2943 ἡ
860 2853 970 2943 ἀγάπη
992 2859 1052 2922 τοῦ
1075 2860 1158 2924 θεοῦ
1175 2857 1236 2924 καὶ
1250 2855 1271 2944 ἦ
1287 2864 1425 2927 κοινωνία

204 2958 264 3021 τοῦ
288 2951 383 3041 ἁγίου
405 2955 593 3041 πνεύματος
614 2957 698 3040 μετὰ
720 2959 856 3026 πάντων
878 2953 1009 3042 ὑμῶν’).
1043 2953 1062 3044 ἦ
1084 2957 1146 3046 γὰρ
1163 2960 1328 3049 διδομένη
1347 2960 1424 3045 χάρις

205 3054 261 3124 καὶ
284 3057 392 3144 δωρεὰ
414 3059 447 3125 έν
469 3058 582 3145 τριάδι
604 3059 735 3127 δίδοται
756 3060 851 3146 παρὰ
870 3063 930 3126 τοῦ
953 3059 1080 3145 πατρὸς
1108 3056 1150 3128 δι’
1183 3063 1261 3129 υἱοῦ
1286 3062 1322 3130 ἓν
1344 3058 1424 3129 πνιύ·

204 3183 286 3242 ματι
309 3156 401 3245 ἁγίῳ.
447 3156 556 3246 ὥςπερ
579 3159 640 3246 γὰρ
664 3160 698 3228 ἐκ
718 3165 777 3227 τοῦ
800 3162 928 3249 πατρός
948 3161 1041 3228 ’ἐστι
1069 3156 1109 3228 δι’
1136 3163 1212 3229 υἱοῦ
1241 3161 1261 3253 ἡ
1287 3166 1422 3247 διδομένη

203 3258 313 3343 χάρις,
345 3257 450 3339 οῦτως
478 3256 536 3327 οῦκ
558 3255 599 3328 ἂν
621 3268 748 3348 γένοιτο
771 3270 928 3331 κοινωνία
948 3265 1007 3349 τῆς
1028 3262 1153 3343 δόσεως
1183 3264 1220 3332 ἒν
1242 3262 1325 3352 ἡμῖν
1345 3266 1422 3349 εἰμὴ

206 3357 241 3424 έν
263 3363 310 3445 τῷ
332 3361 496 3445 πνεύματι
517 3366 564 3448 τῷ
587 3359 679 3450 ἁγίῳ.
724 3365 844 3431 τούτου
866 3365 927 3451 γὰρ
948 3371 1137 3449 μετέχοντες
1159 3366 1279 3451 ἐ’χσμεν
1301 3371 1358 3434 τοῦ
1371 3390 1423 3432 πα·

205 3460 283 3545 τρὸς
304 3460 362 3545 τὴν
386 3457 517 3550 άγάπην
537 3463 594 3530 καί
615 3469 673 3531 τοῦ
696 3466 769 3532 υἱοῦ
792 3466 850 3553 τὴν
871 3467 966 3553 χάριν
988 3468 1041 3533 καὶ
1058 3460 1158 3532 αῦταῦ
1173 3471 1237 3534 τοῦ
1253 3471 1423 3554 πνεύματος
1464 3552 1466 3556 ,

204 3560 264 3646 τὴν
286 3571 470 3630 κοινωνίαν.

292 3670 342 3730 31.
387 3671 466 3732 Μία
488 3665 553 3753 ἄρα
575 3666 628 3734 καὶ
652 3668 686 3735 έκ
707 3668 833 3735 τούτων
856 3664 875 3756 ἡ
897 3672 956 3757 τῆς
976 3668 1111 3754 τριάδος
1141 3669 1293 3756 ἐνέργεια
1316 3674 1421 3740 δείκνν-

204 3788 270 3831 ται.
317 3761 355 3831 οῦ
377 3767 438 3854 γὰρ
462 3764 507 3847 ῶς
529 3765 606 3854 παρ’
633 3770 771 3837 ἑκάστου
795 3769 942 3858 διάφορα
957 3768 1011 3836 καί
1027 3772 1207 3858 διῃρημένα
1224 3773 1267 3839 τὰ
1283 3772 1420 3857 διδόμενα

206 3873 359 3954 σημαίνει
382 3864 399 3934 δ
423 3864 626 3951 ἀπόστολος,
657 3866 726 3938 ἀλλ’
753 3868 806 3939 ὅτι
828 3871 890 3938 ιιτόι
913 3871 1070 3955 διδόμενα
1099 3872 1133 3938 ἓν
1163 3875 1279 3958 τριάδι
1309 3875 1419 3941 δίδωτι

275 4044 298 4102 1)
320 4044 341 4092 ι.
362 4044 417 4094 cor.
439 4044 478 4105 ιι,
496 4045 572 4095 4-6.
651 4045 675 4101 ιν
694 4047 759 4097 ωυυ.
781 4047 821 4107 14,
840 4045 881 4096 τε.
952 4046 977 4106 3)
996 4045 1018 4094 2.
1038 4046 1093 4095 cor.
1115 4044 1155 4106 13,
1177 4016 1218 4097 1'3.

239 4177 260 4210 a.
280 4162 376 4212 Gobler.
396 4173 420 4213 ει
437 4160 542 4213 Felckm.
565 4167 587 4213 1.
605 4157 709 4217 ἕνωσις.
739 4164 791 4214 Mox
881 4180 901 4214 α
920 4165 977 4226 Reg.
995 4165 1017 4213 ί,
1042 4163 1141 4224 Ξεςσιι.
1170 4165 1264 4228 Anglie.
1294 4164 1421 4217 (ἰόεντα

94 4268 99 4278 .
204 4229 262 4290 Reg.
279 4230 300 4278 1.
325 4238 350 4279 εί
367 4232 467 4294 Seguer.
485 4226 594 4290 ταύτην.
631 4235 675 4283 Alii
695 4241 718 4282 εῑ
737 4233 794 4282 editi
845 4233 951 4282 Felckm.
963 4236 983 4280 l.
1001 4224 1181 4284 καίὸαῦτὸς
1198 4227 1300 4298 κύριος.

204 4287 299 4354 αὗῐῆν·
881 4302 904 4350 d.
922 4303 963 4350 Sic
982 4301 1036 4361 Reg.
1053 4300 1072 4347 l.
1091 4300 1338 4361 Seguer.cob1er.ez
1351 4296 1419 4370 Felckj

238 4365 313 4413 b.Ex
332 4380 389 4414 mss.
408 4366 499 4429 θερί.
518 4367 575 4417 ειῖ.
594 4383 703 4418 necnon
722 4369 793 4429 Segu.
846 4369 970 4419 mannil.
1012 4368 1073 4416 Editi
1099 4377 1178 4417 autem
1210 4370 1297 4419 etalii
1320 4361 1419 4415 καίτοι

202 4444 287 4480 vocem
305 4428 407 4499 κτίσμα
431 4436 456 4484 in
474 4435 528 4485 aliis
547 4445 570 4485 ει
590 4438 660 4486 editis
678 4437 794 4486 omissam
845 4431 1000 4501 πνεύματος
1023 4430 1053 4482 δὲ
1081 4426 1162 4488 ὄντος
1187 4428 1218 4484 ἐν
1238 4430 1319 4503 ἡμῖν,
1344 4422 1421 4482 wib

203 4500 363 4551 restituimus.
846 4495 935 4569 ταύτην
945 4495 1019 4567 αῦτηῖ
1029 4496 1106 4553 ἐστιν
1114 4495 1130 4551 ό
1139 4496 1243 4571 πατῆρ,
1263 4504 1358 4556 omissis
1370 4511 1419 4565 ιιι·
