2948 5092
499 258 614 309 cossas
630 265 848 311 erornrsmms
863 260 949 312 ιω
965 260 996 313 n'.
1043 264 1046 269 ’
1297 260 1357 323 nrt

93 444 95 449 ·
124 417 162 479 irs
184 434 219 478 re
241 433 311 478 rare
332 415 481 489 diceretis,
506 415 559 477 sed
581 415 674 476 Deum
696 416 828 496 genitam
849 417 1022 490 adfirmatis,
1044 419 1094 499 qui
1116 423 1268 502 propriam
1290 439 1442 488 css-usis.

124 536 202 583 trem
223 518 323 599 speeie
345 526 458 579 tautum
481 516 657 578 exhibuerit.
701 515 768 579 Noa
794 518 874 580 enim
898 520 977 581 Dens
1004 521 1120 583 initium
1150 526 1289 587 nascendi
1322 542 1359 589 es

93 654 95 685 :
123 618 257 683 meret
278 620 482 711 sortituslest,
505 619 558 680 sed
581 620 631 698 qni
653 619 755 681 existit
774 628 843 681 ante
864 621 981 683 saecula
1001 621 1129 684 Verbum
1144 624 1224 686 [leus
1246 644 1281 687 ex
1297 628 1357 689 Nc·

125 730 213 785 uret
240 722 331 782 bomo
361 721 442 781 risus
471 728 533 791 est,
567 728 654 781 natus
683 738 719 781 ex
738 720 829 782 biacia
851 721 971 799 Virgine
1000 732 1030 784 et
1051 722 1165 802 Spiritu
1192 736 1295 787 saneto
1326 729 1358 791 in

93 860 96 883 .
124 822 303 885 Bethlehem
326 821 450 882 iudaeae
477 838 512 881 ex
536 822 650 882 semine
672 819 777 896 David,
806 822 940 885 somnae
967 833 997 885 et
1017 824 1112 898 Adae,
1141 826 1184 887 uti
1213 829 1358 909 seriptum

93 958 97 997 .
127 934 190 998 eet,
213 924 371 1002 omniaque
393 923 535 983 assumsit
556 940 591 983 er
607 922 736 1001 Virgine,
758 940 961 1003 quaecumque
983 924 1020 986 ab
1034 925 1119 987 initio
1134 927 1215 990 licus
1229 931 1265 990 ad
1281 949 1358 992 oon-

93 1054 98 1089 ι
126 1024 318 1089 stduticmm
341 1024 471 1086 bominis
493 1024 660 1085 efformavit
681 1032 711 1086 et
731 1024 864 1087 condidit
885 1016 1009 1106 excepto
1023 1037 1155 1107 peccato,
1178 1040 1211 1092 ut
1225 1032 1357 1111 sposto-

126 1127 178 1190 lus
200 1144 318 1206 monne
340 1126 395 1187 ait:
427 1125 492 1188 Pro
520 1126 718 1187 similitudine·
739 1143 800 1205 per
828 1131 928 1189 omnis
953 1140 1080 1208 praeter
1103 1142 1273 1209 peceatum,
1302 1150 1359 1196 nec

93 1270 100 1307 ,
127 1226 292 1290 divinitatis
314 1227 519 1299 mutationem,
543 1228 596 1287 sed
619 1227 809 1291 humanitatis
830 1228 1049 1291 innovationem
1064 1230 1187 1293 arbitrio
1202 1251 1258 1294 sue
1280 1236 1357 1296 ede·

95 1378 99 1405 ,
126 1328 181 1403 eit,
202 1347 264 1408 quo
284 1338 386 1409 peotes
409 1327 529 1389 Christo
552 1328 788 1408 concorporales
811 1341 840 1391 et
862 1335 1089 1411 comparticipes
1112 1333 1227 1408 tierent,
1248 1353 1356 1414 quem-

96 1478 99 1493 .
124 1430 291 1494 admodum
314 1429 417 1491 scribit
438 1430 613 1508 Apostolus,
643 1440 733 1510 utque
760 1431 851 1492 bomo
874 1448 976 1493 revera
997 1431 1077 1493 neus
1100 1433 1229 1496 ellicus
1252 1455 1355 1499 revera

125 1533 222 1595 neno
243 1531 336 1603 toret,
365 1540 505 1609 essetque
525 1530 576 1591 ilie
598 1550 667 1592 vere
689 1531 779 1593 bomo
808 1541 836 1593 et
858 1550 926 1595 rere
948 1532 1045 1607 Deus,
1072 1551 1132 1593 non
1160 1535 1241 1614 quod
1264 1537 1439 1599 homnem

93 1688 95 1703 ,
123 1632 209 1715 opud
228 1631 322 1693 ileum
345 1641 437 1703 esset,
460 1641 493 1693 ut
514 1650 568 1692 ros
591 1632 802 1693 calumniantes
818 1632 1116 1713 Christianommque
1133 1636 1275 1714 mysterio
1295 1638 1352 1700 ob·

93 1786 98 1823 Ι
122 1741 291 1796 vementes
312 1732 424 1805 dicitis,
453 1734 505 1795 sed
528 1734 607 1812 quod
629 1733 691 1794 lieo
716 1733 866 1814 unigenito
889 1735 1047 1814 placuerit,
1078 1736 1261 1815 plenitudine
1282 1757 1355 1801 sose

93 1833 289 1927 ,divinitatis
320 1834 470 1913 archetypi
497 1835 627 1896 bominis
657 1842 791 1897 naturam
819 1852 988 1914 novumque
1015 1836 1165 1916 opificium
1199 1857 1235 1899 er
1268 1848 1354 1901 utero

123 1928 258 2015 Virginis
279 1935 309 1996 in
331 1935 433 2014 seipso
453 1953 508 2014 per
528 1936 690 1997 naturalem
713 1936 933 2014 generationem
956 1947 986 1998 ct
1006 1938 1241 2000 indissolubilem
1264 1941 1354 2001 unio·

93 2102 96 2113 ,
121 2051 197 2100 stent
219 2045 397 2110 restaurare,
421 2045 454 2098 ut
475 2048 505 2098 et
525 2056 581 2117 pro
604 2037 776 2099 bominibus
792 2037 920 2099 salutare
941 2039 1093 2117 negotium
1115 2041 1281 2120 perficeret.
1304 2041 1354 2103 iu·

93 2126 186 2217 'que
206 2139 362 2218 passione,
391 2146 488 2199 morte
516 2146 546 2210 et
573 2138 794 2199 resurrectione
822 2139 976 2200 bominum
1004 2140 1219 2203 redemtionem
1249 2141 1353 2204 absol-

119 2248 220 2301 met

211 2652 243 2714 d.
287 2647 346 2710 Sed
368 2647 512 2708 obiicitis:
537 2647 590 2721 „Si
613 2646 712 2708 omnia
733 2647 864 2725 accepit,
885 2663 956 2711 sane
979 2652 1009 2707 et
1030 2646 1172 2707 humanas
1195 2644 1351 2724 cogitatio-

119 2770 210 2827 ,‚ues
232 2750 351 2823 babuit3
373 2749 558 2829 impossibile
581 2758 679 2811 autem
702 2756 750 2810 est
771 2748 908 2810 humanis
927 2747 1155 2826 cogitationibus
1170 2766 1231 2809 non
1252 2747 1353 2809 inesse

119 2861 324 2934 „peemtum3
346 2852 497 2930 quomodo
519 2851 609 2930 igitur
631 2851 767 2912 Christus
788 2849 901 2928 absque
922 2857 1042 2928 peccato
1064 2848 1171 2911 eriti“
1214 2850 1278 2910 imo
1300 2868 1352 2910 re-

118 2954 272 3036 spondete
294 2969 348 3013 ros
373 2953 448 3032 ipsi:
470 2953 503 3013 Si
526 2952 698 3014 vitiosarum
719 2951 929 3031 cogitationum
946 2951 1025 3012 [leus
1040 2960 1156 3012 creator
1177 2950 1274 3021 suerit,
1297 2952 1353 3013 ad-

95 3054 306 3135 “iungendum
328 3054 389 3116 Deo
412 3063 458 3115 est
478 3055 631 3134 proprium
654 3052 813 3133 opificium,
840 3033 920 3113 venit
942 3053 1019 3113 euim
1043 3061 1076 3114 nt
1096 3053 1251 3131 proprium
1275 3070 1353 3132 opus

120 3158 184 3223 sibi
208 3156 391 3236 adiungeret.
435 3156 493 3216 Sed
517 3172 552 3216 eo
575 3166 661 3234 pacto
683 3154 796 3216 iniusto
819 3172 892 3215 sane
910 3153 1018 3214 iudicio
1033 3162 1171 3232 preccator
1187 3154 1353 3215 damnatur.

118 3260 201 3325 nam
222 3258 249 3321 si
270 3258 394 3320 vitiosas
423 3257 619 3337 cogitationes
647 3256 755 3318 creavit
775 3256 872 3327 Deus,
901 3254 971 3333 quid
1000 3263 1048 3315 est
1074 3254 1152 3334 quod
1181 3263 1352 3333 peccantem

119 3360 313 3433 ouudoutnet,
337 3369 387 3422 aut
407 3366 457 3439 qut
478 3368 580 3439 potest
600 3358 695 3420 alieo
717 3356 886 3419 bunrsmodi
902 3354 1042 3417 iudicium
1058 3354 1230 3435 proficisci?
1263 3355 1352 3429 Quod

99 3462 151 3543 ,si
172 3460 265 3523 ruem
288 3471 444 3540 antequam
466 3460 518 3521 uei
541 3460 711 3521 mandatum
739 3458 998 3539 transgrederetur
1025 3458 1172 3519 eiusmodi
1194 3457 1352 3537 cogitatio-

118 3562 215 3627 nibus
237 3562 385 3623 obnoxius
408 3562 476 3632 suit,
506 3567 557 3642 qiu
580 3561 643 3623 fieri
664 3559 762 3641 potuit
784 3572 815 3622 ut
837 3561 949 3622 bouum
972 3569 1002 3620 et
1023 3559 1130 3621 malum
1154 3578 1214 3622 uon
1237 3577 1352 3638 eogno-

118 3661 248 3727 sceret?
289 3660 376 3725 Certe
397 3667 501 3726 natura
524 3663 641 3742 quidem
671 3662 839 3734 rationalis,
873 3661 1053 3739 cogitatione
1082 3677 1152 3721 vero
1179 3658 1256 3720 liber
1283 3658 1351 3719 mali

119 3764 336 3855 experientiam
358 3781 419 3825 non
442 3764 578 3837 babebat,
602 3765 756 3843 soliusque
777 3763 849 3824 boni
871 3761 975 3824 notitia
992 3761 1143 3841 praeditus
1160 3758 1245 3838 quasi
1259 3763 1353 3822 sitim

156 3966 178 4001 s.
204 3950 304 4012 Segurr.
329 3950 425 4001 Gobler.
453 3960 476 3999 et
495 3950 599 3999 Feleim.
621 3950 642 3998 1,
667 3940 713 3995 ἵνα
763 3948 815 3997 lox
833 3939 901 3995 litt
916 3942 1006 4010 λέγετε
1023 3947 1142 3995 habentur
1166 3946 1189 3994 in
1208 3944 1296 4006 sprot.
1315 3943 1351 3991 Vi.

119 4012 167 4069 καὶ
185 4010 202 4065 ὅ
220 4008 370 4084 ἅνθρωπος
385 4002 402 4083 ᾔ
419 4011 485 4071 θεὸς
501 4008 618 4076 ἀληθῶς.
652 4007 713 4081 οὐχὶ
763 4019 813 4066 bct.
829 4015 854 4065 8.
878 4014 965 4078 [Mauri
985 4015 1058 4064 Conc-
1077 4013 1139 4063 eon.
1159 4013 1226 4061 Tom.
1239 4010 1277 4060 tt.
1298 4025 1351 4074 pag.

120 4078 286 4155 Monimou,
305 4086 402 4134 omissis
421 4087 578 4136 intermediis.
763 4081 843 4148 toti.

155 4155 174 4205 i.
191 4154 266 4203 lissil.
284 4146 330 4200 zet
347 4143 479 4216 droldrp.
508 4154 559 4202 llox
574 4143 714 4215 σωτήριον
797 4166 819 4213 g.
844 4152 885 4201 Sic
910 4151 1009 4211 Seguer.
1036 4146 1134 4198 Gobler.
1163 4153 1187 4196 et
1205 4145 1308 4195 isirin.
1329 4143 1351 4193 i.

121 4222 191 4273 deest
207 4223 233 4271 is
250 4221 331 4280 editis,
348 4221 392 4270 sed
410 4222 496 4282 legitur
514 4222 538 4269 in
554 4222 712 4281 Seguenaaa,
764 4228 835 4282 atque
854 4219 885 4267 ita
904 4218 961 4279 legit
977 4216 1093 4265 Nunnius.
1128 4214 1190 4264 Editi
1215 4205 1353 4260 ἅδῦναιον

118 4290 212 4353 bsgtie.
231 4288 330 4340 Gobler.
349 4288 497 4355 wicker,
515 4289 536 4336 t.
565 4288 638 4337 Psuio
657 4293 713 4340 nost
764 4280 795 4334 dd
812 4270 846 4345 alr
861 4281 1012 4349 λογισμοῖς.

119 4356 221 4423 degree.
242 4356 340 4407 (labier.
365 4362 389 4404 et
406 4356 511 4405 Feicim.
525 4355 546 4404 l.
572 4349 623 4413 τὴν
645 4346 712 4400 ἀπα-
799 4355 822 4401 b.
840 4355 931 4413 sngtie.
948 4343 1140 4417 depromptae.
1178 4340 1295 4421 ᾔκρῖσις
1306 4358 1353 4393 ato·

117 4418 259 4496 lippum
281 4420 339 4471 scir
364 4413 529 4490 ἀνθρώπων.
568 4423 631 4471 ilditi
656 4434 711 4470 cers
764 4413 954 4476 ταδαάζουσα.
993 4419 1084 4467 ibidem
1102 4420 1203 4478 Segner.
1216 4426 1353 4478 apocopa-

116 4504 138 4550 tt
156 4496 202 4549 siii
220 4486 275 4553 τὶν
297 4485 439 4559 σωτηρίαν
460 4486 520 4539 τόν
541 4480 709 4557 ἆνθρόπον.
763 4482 866 4552 rdodst
881 4480 940 4547 τήν.
978 4486 1031 4535 flor
1049 4484 1122 4535 blasii.
1141 4474 1235 4537 rideatis
1250 4473 1319 4533 teca
