2948 5092
535 270 643 316 onemo
659 271 680 314 1.
696 270 812 315 conans
827 270 961 317 annuos.
1290 262 1351 325 155

124 433 171 497 „et
190 424 306 486 Filium
329 421 504 495 nominavit,
526 431 559 483 ut
580 440 636 483 nos
658 423 832 502 peripsum
854 427 999 485 crearet.“
1043 425 1122 488 Duas
1138 425 1208 507 ergo
1231 428 1437 507 sapien-enoc.

124 530 172 609 tias
195 545 268 590 esse
291 527 344 600 ait,
366 543 457 587 umam
480 543 554 604 quae
575 523 695 605 propria
718 523 758 585 sit
779 533 809 586 et
830 543 895 586 eum
911 525 972 587 lleo
997 527 1085 587 simul
1108 528 1224 602 existat,
1247 530 1351 592 Filium

124 649 187 691 tero
211 630 244 692 in
267 629 327 691 ista
348 626 494 711 sapientia
511 628 619 688 lactum
634 626 737 700 luisse,
760 626 882 706 eiusque
897 630 1004 690 lactum
1019 630 1202 709 participem,
1226 632 1352 711 Sapien-

126 732 188 794 tiam
211 740 243 794 et
265 731 396 793 Verbum
419 730 649 792 nominetenus
674 746 743 792 esse
765 729 951 810 appellatum.
997 732 1168 811 „Sapientia
1191 733 1280 807 onim,
1303 733 1352 795 in·

127 835 223 915 „quit,
246 852 304 914 per
326 832 512 915 sapientiam,
533 831 586 893 Ilei
610 831 754 911 sapientis
776 831 935 905 voluntate,
959 834 1086 895 extitit.“
1113 835 1162 896 Sic
1184 836 1262 896 aliud
1278 836 1352 897 Ver·

126 936 187 998 bum
211 936 244 997 iu
267 935 331 997 Deo
354 953 424 996 esse
447 933 657 1013 dicit'praeter
677 933 799 1006 Filium,
833 933 917 994 cuius
940 934 1027 996 Verbi
1049 937 1221 1015 participem
1244 939 1352 1000 lactum

126 1037 244 1112 lilium,
274 1038 373 1117 ipsum
403 1054 520 1116 quoque
550 1035 642 1114 gratia
663 1034 792 1103 Verbum
816 1043 845 1095 et
867 1034 972 1096 Filium
993 1045 1128 1098 vocatum
1151 1037 1253 1099 luisse.
1298 1038 1353 1100 Est

127 1148 218 1201 autem
240 1137 332 1200 etiam
354 1138 476 1225 propria
497 1137 570 1198 haee
591 1135 709 1198 illorum
731 1135 864 1198 haeresis
893 1139 1054 1211 sententia,
1083 1158 1169 1217 quam
1198 1139 1262 1200 aliis
1286 1138 1350 1200 suis

127 1242 151 1301 in
178 1239 325 1319 operibus
355 1239 551 1319 explicarunt,
584 1255 693 1316 nempe
720 1238 828 1300 multas
857 1239 979 1300 virtutes
1007 1259 1061 1301 seu
1089 1241 1236 1320 potentias
1271 1258 1350 1313 esse,

127 1360 243 1422 quarum
274 1360 335 1403 una
364 1339 482 1420 quidem
510 1344 614 1402 natura
642 1339 696 1400 Dei
723 1340 844 1420 propria
868 1339 907 1400 sit
927 1349 1014 1420 atque
1037 1352 1170 1416 aeterna,
1200 1343 1351 1405 Christum

127 1453 218 1505 autem
240 1461 304 1505 non
328 1462 396 1504 esse
417 1461 514 1504 reram
535 1443 588 1504 Dei
610 1441 765 1512 virtutem,
799 1443 961 1504 sedunam
985 1462 1100 1517 earum,
1131 1463 1206 1523 quae
1227 1445 1351 1506 virtutes

127 1546 219 1607 solent
241 1545 319 1616 dici,
348 1545 427 1605 inter
453 1564 526 1624 quas
549 1553 578 1605 ct
602 1545 720 1606 locusta
741 1552 770 1605 et
792 1563 898 1615 errtca,
926 1562 987 1605 non
1015 1546 1108 1606 virtus
1138 1555 1267 1619 tantum,
1297 1546 1350 1607 sed

126 1667 228 1728 noque
252 1651 357 1708 virtus
380 1646 558 1726 appellatum
584 1646 655 1708 alias
678 1664 769 1725 porro
793 1645 899 1706 multas
922 1665 989 1707 esse
1012 1647 1183 1726 similesque
1205 1648 1288 1720 Vilio,
1313 1648 1350 1711 de

125 1748 226 1827 quibus
248 1747 343 1809 David
365 1747 477 1827 psallit:
506 1748 653 1810 Dominus
676 1752 842 1821 virtutum
870 1749 942 1809 item
964 1748 1092 1810 Verbum
1114 1753 1218 1811 nature
1241 1761 1273 1810 ιιι
1293 1769 1350 1812 nos

125 1869 224 1912 omnes
249 1868 319 1912 esse
342 1849 491 1923 mutabile,
517 1869 632 1930 suoque
653 1849 775 1911 arbitrio
798 1869 954 1929 quousque
976 1851 1054 1911 volet
1075 1852 1186 1912 bonum
1207 1869 1348 1931 perseve-

125 1970 201 2025 rare,
224 1951 307 2031 quod
330 1951 357 2012 si
380 1950 521 2024 voluerit,
542 1970 635 2031 posse
657 1970 775 2031 quoque
797 1960 830 2013 ut
852 1961 882 2012 et
903 1970 959 2012 nos
982 1953 1105 2027 mutari,
1129 1970 1195 2013 cum
1217 1952 1349 2014 mutabili

127 2054 160 2114 sit
179 2062 298 2115 natura.
344 2052 442 2127 „Quia
464 2053 542 2114 enim
564 2053 655 2127 Deus,
678 2054 781 2133 inquit,
803 2053 915 2115 bonum
939 2072 1005 2116 eum
1028 2056 1092 2114 lore
1110 2054 1277 2134 praescivit,
1300 2054 1347 2114 id-

128 2157 226 2228 „circo
248 2154 376 2216 hancei
398 2154 521 2233 gloriam
543 2156 762 2236 praeveniendo
785 2155 921 2228 donarit,
951 2174 1038 2235 quam
1067 2156 1157 2217 homo
1186 2164 1290 2235 postea
1313 2174 1348 2216 ex

129 2257 256 2331 „virtute
278 2266 459 2319 consecutus
482 2266 541 2318 est:
570 2266 750 2337 quapropter
777 2276 813 2320 ex
836 2257 899 2318 eius
923 2257 1075 2337 operibus,
1097 2277 1171 2337 quae
1193 2258 1348 2338 praescivit

131 2359 237 2432 „llens,
261 2357 351 2419 talem
374 2357 455 2419 illum
477 2359 559 2421 nasci
581 2360 704 2421 voluit.“

206 2565 236 2626 6.
280 2562 440 2625 Praeterea
463 2580 552 2624 ausus
577 2571 621 2623 est
643 2563 756 2636 dicere,
785 2562 914 2624 Verbum
945 2582 1005 2623 non
1029 2582 1097 2624 esse
1119 2582 1220 2623 rerum
1242 2564 1431 2627 Deumnno.

136 2662 222 2733 „fiam
244 2664 362 2725 tametsi
386 2663 493 2724 dicitur
514 2663 608 2736 ileos,
636 2662 747 2742 inquit,
776 2682 836 2724 non
865 2672 961 2724 tamen
985 2684 1073 2725 verus
1096 2673 1142 2725 est
1163 2665 1259 2738 lleus3
1293 2666 1347 2726 sed

137 2766 257 2843 „gratiae
279 2768 373 2827 lactus
396 2766 544 2846 particeps
566 2784 628 2826 non
650 2765 735 2826 aliter
756 2783 844 2843 quam
866 2765 912 2826 alii
937 2784 1040 2826 omnes
1063 2767 1128 2845 ipse
1150 2784 1267 2845 quoque
1289 2784 1346 2826 no-

138 2869 228 2937 „miue
258 2868 398 2929 duntaxat
427 2868 533 2928 dicitur
554 2867 644 2928 lleus.
689 2867 943 2939 Quemadmodum
967 2867 1055 2939 item,
1085 2869 1181 2947 pergit
1202 2866 1267 2940 ille,
1297 2886 1347 2928 res

137 2988 255 3038 „omnes
284 2970 447 3031 secundum
476 2978 611 3030 naturam
639 2968 773 3028 diversae
801 2976 830 3028 et
859 2967 1019 3030 dissimiles
1048 2968 1099 3029 Dei
1128 2977 1213 3038 sunt3
1244 2968 1283 3028 ita
1318 2978 1348 3031 et
1390 2973 1398 2988 '

137 3071 277 3140 „Verbum
301 3072 422 3132 omnino
445 3071 571 3132 alienum
595 3078 624 3131 et
646 3069 791 3130 dissimile
820 3078 868 3130 est
894 3079 1016 3130 naturae
1045 3069 1271 3148 proprietatisre
1294 3070 1346 3131 Dei

136 3171 254 3243 ,Patris,
278 3172 332 3233 sed
356 3172 391 3232 ad
414 3192 463 3234 res
486 3175 576 3234 lactas
600 3181 629 3232 et
650 3180 763 3232 creatas
779 3171 918 3250 pertinet,
941 3190 1063 3249 quarum
1080 3190 1138 3230 una
1154 3171 1251 3250 ipsum
1267 3176 1345 3232 est.“

134 3271 246 3355 Insuper
267 3274 442 3336 temeritatis
468 3273 575 3335 diaboli
598 3273 705 3334 haeres
728 3273 818 3334 veluti
841 3276 934 3334 sactus
959 3273 1079 3351 scripsit
1101 3274 1130 3333 in
1154 3273 1264 3345 Thalia,
1287 3273 1345 3334 l'a·

135 3381 195 3436 trem
217 3397 233 3437 a
255 3377 331 3436 Filio
354 3375 445 3437 videri
468 3394 527 3435 non
550 3393 657 3454 posse,
681 3393 776 3454 neque
799 3374 925 3436 Verbum
948 3376 1078 3454 perlecto
1101 3383 1131 3435 et
1152 3375 1238 3453 plene
1260 3393 1347 3435 suum

133 3475 237 3539 Patrem
256 3496 352 3559 posse
373 3476 480 3538 intueri
503 3477 549 3537 vel
571 3495 764 3556 cognoscere,
787 3478 840 3538 sed
862 3476 1001 3556 quicquid
1023 3475 1177 3555 cognoscit
1192 3484 1221 3536 et
1243 3475 1346 3549 cernit,

132 3578 331 3640 convenienter
352 3597 407 3659 pro
430 3577 492 3638 suis
514 3577 625 3640 viribus
648 3596 827 3657 cognoscere
850 3585 880 3638 et
901 3596 1032 3651 eernere,
1056 3575 1301 3656 quemadmodum
1317 3585 1347 3638 et

130 3697 175 3741 nos
196 3699 253 3761 pro
275 3691 379 3743 nostra
403 3680 538 3742 facultate
560 3681 778 3761 cognoscimus.
825 3679 1015 3754 ‚,Enimvero,
1039 3679 1142 3758 inquit,
1166 3696 1225 3738 non
1250 3678 1346 3739 solum

129 3831 223 3882 lelrkm
246 3835 266 3882 Ι.
289 3835 354 3884 et5.
391 3835 417 3884 ln
437 3834 490 3883 aliis
510 3835 620 3884 etoditis
639 3834 707 3883 deest
759 3834 918 3883 Omnibonus.
954 3833 1058 3882 Felcltm
1078 3833 1101 3882 5.
1121 3833 1177 3881 ibid.
1196 3829 1343 3909 γεννητῶν.

128 3898 214 3981 nraqc'r
201 3915 254 3960 ςῃε
292 3903 343 3952 lior
362 3904 462 3964 Sequor.
482 3902 579 3952 Gobler
594 3903 707 3952 etlclclr.
793 3903 815 3949 Ιι.
836 3901 973 3951 Gohlerian
993 3910 1016 3950 et
1033 3902 1137 3950 Felclrm.
1152 3901 1172 3949 Ι.
1190 3894 1343 3977 γινόμενος.

129 3970 146 4017 l
162 3963 186 4018 εἰ
200 3964 257 4037 γὰρ
275 3984 322 4017 και
339 3965 453 4034 ureret.
759 3969 832 4018 iidem
858 3977 881 4017 et
905 3971 1004 4030 Seguer.
1031 3963 1135 4029 eatam
1181 3969 1225 4017 Alii
1254 3961 1345 4045 θαλίῃ.

155 4040 169 4089 Ι,
194 4040 236 4088 Sic
253 4039 356 4102 Seguer.
391 4041 420 4087 At
445 4038 485 4087 alii
510 4044 533 4087 et
559 4038 616 4087 editi
634 4038 707 4087 omit·
759 4036 811 4084 llox
829 4037 928 4115 Sequor.
948 4037 1044 4115 qulcr.
1065 4044 1088 4085 et
1104 4036 1207 4086 Felclun.
1223 4037 1242 4086 Ι,
1262 4027 1344 4081 ὅπα-

124 4113 169 4155 tunt
185 4099 284 4186 perqr.
319 4106 483 4167 llosSeguer.
494 4105 707 4156 Goblerwllelclm
761 4097 853 4220 rippa
836 4095 984 4171 ἄῤῥητος
971 4097 1093 4169 υπιὲρχει.
1130 4104 1220 4154 ibidem
1240 4097 1346 4153 τελείως

125 4173 145 4222 Ι.
160 4175 227 4227 ει5.
247 4166 339 4223 ὄντων
364 4186 413 4222 του
432 4171 506 4222 θεοῦ.
544 4173 607 4223 Editi
626 4181 649 4223 et
667 4174 707 4222 alii
759 4184 793 4219 κα
812 4173 918 4223 deest
912 4187 936 4222 ιιι
956 4173 1012 4235 fleg.
1405 4216 1410 4226 .

123 4234 208 4291 ὄντων
225 4242 265 4309 τῷ
283 4239 350 4307 θεῷ.
417 4260 422 4268 ’
793 4241 885 4290 nitide
903 4256 1019 4304 snprap.
1036 4239 1092 4290 398.
1120 4235 1256 4304 [blenaudr
1275 4237 1346 4299 epist.

152 4327 174 4371 e
192 4312 251 4375 neg.
268 4312 395 4374 duglican.
416 4308 488 4359 Basil.
506 4306 556 4357 τοῦ
573 4307 641 4356 deoc
657 4321 708 4354 πα·
760 4257 850 4371 eulcycl
876 4309 905 4357 ad
930 4308 1064 4372 Episcopos
1089 4324 1124 4356 nr.
1144 4308 1182 4366 2.,
1203 4306 1241 4354 ubi
1261 4305 1346 4354 eadem

121 4373 187 4444 πρός.
225 4380 288 4431 Editi
313 4389 338 4430 et
362 4378 403 4427 alii
430 4391 479 4424 του
496 4389 609 4441 arctoos
648 4376 707 4426 lbid.
760 4376 783 4424 le
785 4372 893 4441 g.untur]

119 4449 215 4526 Seguer.
235 4457 260 4500 et
277 4449 337 4512 lleg.
357 4437 503 4503 ἰδιότητος.
540 4444 601 4495 ΕιΙΙῑΙ
626 4443 708 4494 etalii
794 4446 816 4493 Ιι.
836 4445 937 4524 Sequor.
965 4442 1061 4494 Gobler.
1087 4451 1109 4491 et
1135 4440 1238 4490 Felclnn.
1263 4440 1282 4488 Ι.
1301 4432 1346 4486 καὶ

118 4507 287 4578 ἇῖδιόιντκ,
317 4523 345 4566 ιιι
373 4523 397 4564 et
422 4513 532 4576 legerunt
553 4512 662 4563 Naeuius
686 4519 709 4561 et
759 4505 859 4574 βλέπει,
879 4501 1021 4575 ἀναλόγως
1038 4508 1096 4563 τοῖς
1112 4502 1210 4558 lauro&
1224 4501 1344 4573 μέτροις.
