2948 5092
113 275 154 340 96
511 293 537 337 ε.
552 292 941 339 ιττικιειιιιιεωεειεοονι

29 455 107 503 mu.
198 445 227 506 2.
272 442 313 508 El
333 443 393 526 μὲν
416 431 472 507 οῦν
494 441 678 528 θαρροῦσιν
701 436 753 523 οἷς
774 446 937 530 φρονοῦσι
951 441 1006 510 καὶ
1020 445 1160 530 λέγουσι,
1183 459 1333 530 ’προφε-

114 547 261 628 ρέτωσαν
282 543 403 630 γυμνὴν
431 542 489 631 τὴν
520 544 647 629 αἵρεσιν
669 546 723 611 καὶ
746 544 965 612 δεικνύτωσαν
994 544 1030 625 ἐξ
1062 540 1162 632 αύτῆς
1195 545 1227 613 εἴ
1258 571 1335 611 τινα

114 645 302 728 νομίζουσιν
323 639 344 733 ἢ
367 644 401 712 ἐκ
422 649 488 712 τῶν
509 649 644 734 γραφῶν
668 645 751 731 ἔχειν
772 640 794 734 ἢ
814 642 874 735 κᾷν
897 644 1112 734 ἀνθρώπινόν
1140 672 1215 714 τινα
1242 649 1334 732 λογι-

115 744 197 830 σμὸν
220 741 335 834 εὐσεβῆ
367 747 452 835 πρὸς
474 743 672 833 ύπολογίαν,
706 748 736 816 εί
764 750 800 816 δὲ
822 744 942 838 ι’μηδέν
970 776 1004 816 τι
1029 753 1180 816 τοιοῦτον
1210 748 1332 831 ἔχουσι,

115 848 347 918 σιωπάτωσαν.
398 845 587 934 οὐδαμόθεν
613 850 674 937 γάρ
705 847 897 938 εὑρήσουσιν
928 853 957 920 εί
977 852 1022 940 μὴ
1049 854 1175 937 μᾶλλον
1204 850 1334 938 ἔλεγχον

114 943 196 1019 καθ’
221 951 362 1034 ἑαυτῶν,
386 949 455 1019 άπὸ
476 954 536 1039 μὲν
557 954 623 1019 τῶν
644 955 796 1041 γραφῶν,
834 957 893 1021 τοῦ
914 956 975 1037 μὲν
994 946 1142 1022 Ἰωάννου
1163 956 1335 1040 λέγοντος·

115 1053 148 1121 ἐν
171 1047 251 1142 άρχῇ
273 1045 311 1141 ἧν
334 1049 352 1120 ὁ
374 1053 470 1142 λόγος
478 1058 508 1140 ’),
531 1052 569 1122 ὃν
591 1042 684 1122 ούτοι
699 1056 855 1142 Ιλέγουσιν
870 1050 929 1123 οὐκ
949 1044 990 1145 ἦν
1010 1059 1089 1144 πρὶν
1104 1058 1257 1144 γεννηθῇ,
1275 1059 1334 1123 τοῦ

117 1157 153 1224 δὲ
167 1158 277 1244 Δαβλδ
300 1156 485 1243 ψάλλοντος
510 1156 545 1224 ἐκ
565 1155 747 1249 προςῶπου
763 1158 989 1247 τοῦπατρὸς·
1013 1158 1204 1246 ίξηρεύξατο
1220 1155 1240 1247 ἡ
1256 1185 1335 1245 καρ«

117 1259 172 1326 δία
192 1283 256 1344 μου
271 1252 374 1345 1λόγον
397 1253 565 1345 άγαθόνἾ,
589 1257 627 1327 όν
645 1247 739 1329 οὗτοι
759 1258 893 1348 λέγουσι
913 1256 986 1329 κατ’
1012 1260 1162 1328 ἐπίνοιαν
1178 1256 1267 1329 ελναι
1280 1263 1334 1328 καὶ

5 1442 14 1459 .
115 1361 151 1442 ἐξ
171 1357 228 1428 οῦκ
251 1359 355 1429 όντων
376 1365 604 1448 “γιγενι”)σθαι,
629 1356 714 1430 ·ελτα
740 1366 799 1430 τοῦ
827 1365 889 1448 μὲν
906 1359 1054 1431 Ἰωάννου
1076 1363 1179 1431 πάλιν
1202 1357 1335 1450 εύαγγε-

118 1463 296 1553 λιζομένου,
322 1460 374 1532 ότι
395 1463 505 1558 πάντα
527 1457 574 1532 δι’
599 1459 700 1532 αότοῦ
724 1464 865 1553 ἐγένετο,
888 1468 942 1532 καί
962 1463 1062 1553 χωρίς
1084 1460 1185 1532 αὐτοῦ
1208 1464 1334 1552 ἐγένετο

117 1555 192 1632 οὐδὲ
215 1565 288 1648 ἕνλ),
311 1570 369 1635 τοῦ
392 1567 429 1635 δὲ
454 1564 585 1635 Παύλου
606 1567 807 1656 γράφοντος·
836 1564 883 1648 εἷς
904 1567 1015 1654 κύριος
1033 1562 1154 1655 Ἰησοῦς
1175 1567 1334 1653 Χριστός,

119 1664 169 1735 δι’
188 1656 226 1734 οὗ
246 1666 288 1736 τά
308 1668 419 1736 πάντα
427 1671 460 1749 λ),
477 1671 532 1735 καλ
554 1668 588 1736 ίν
604 1669 743 1757 ἑτέροις·
758 1666 813 1737 ότι
827 1670 861 1738 ἐν
876 1665 965 1758 αύτῷ
982 1670 1117 1758 ἐκτίσθη
1133 1669 1175 1736 τά
1189 1669 1334 1751 πάντα).

117 1778 219 1837 ποίαν
241 1773 428 1858 παῤῥησίαν
451 1772 579 1851 ἕξουσιν
602 1760 709 1854 οὗτοι,
743 1770 799 1839 καὶ
820 1766 859 1839 ού
880 1773 1006 1858 μᾶλλον
1028 1771 1182 1860 αἰσχύνην
1209 1767 1336 1861 ἆόφλή·

29 1868 32 1874 ’
118 1892 243 1952 σουσιν,
268 1862 511 1959 ἐναντιούμενοι
532 1884 605 1953 τοῖς
625 1877 692 1941 τῶν
714 1869 815 1960 άγίων
838 1873 988 1962 ῥήμασιν,
1013 1870 1092 1940 όταν
1114 1874 1235 1961 λίγωσι
1256 1880 1337 1941 ποί-

70 2014 74 2020 ·
117 1998 185 2061 ημα
207 1968 292 2042 εἶναι
313 1973 371 2041 τὸν
392 1978 458 2043 τῶν
481 1975 617 2043 πάντων
640 1976 852 2063 δημιουργόν,
875 1980 929 2044 καὶ
951 1983 1072 2062 κτίσμα
1093 1979 1211 2043 τοῦτον
1218 2027 1227 2056 ,
1251 1976 1286 2044 ἐν
1309 1966 1337 2064 ᾦ

118 2075 342 2163 τάκτίσματα
362 2082 473 2164 γέγονε
494 2081 549 2146 καί
571 2083 763 2166 συνέστηκεν
769 2109 781 2162 ,·
804 2073 880 2147 ούδὲ
902 2076 1117 2165 ἀνθρώπινος
1137 2080 1183 2146 δέ
1203 2105 1256 2159 τις
1278 2073 1338 2145 αύ-

118 2190 190 2260 τοίς
211 2180 369 2267 λογισμὸς
391 2177 525 2270 εὐσεβὴς
546 2181 594 2263 είς
615 2175 800 2269 άπολογίαν
822 2183 1078 2269 ’περιλείπεται
1122 2186 1183 2271 τίς
1194 2180 1257 2269 γάρ
1280 2175 1338 2249 ἇν-

116 2281 276 2370 θρῶπων,
300 2277 451 2371 ἢἝλλην
471 2279 498 2371 ἢ
514 2283 698 2371 Βύρβαρος,
723 2283 760 2353 ὃν
782 2280 936 2371 ὁμολογεῖ
954 2282 1047 2365 θεόν,
1070 2286 1188 2351 τοῦτον
1210 2283 1338 2366 ἐπιχει-

116 2384 209 2474 ρήσει
230 2389 334 2472 λέγειν
356 2392 477 2470 κτίσμα
497 2380 518 2473 ἢ
540 2381 594 2454 ότι
616 2381 674 2454 οῦκ
694 2375 734 2473 ἦν
756 2394 836 2474 πρὶν
857 2393 1005 2475 γίνηταις
1028 2379 1050 2474 ἢ
1070 2393 1121 2465 τίς
1143 2381 1337 2472 άνθριύπωυ

116 2484 258 2568 ἀκούσας
279 2487 372 2575 παρὰ
393 2488 526 2569 τούτου,
551 2487 588 2556 ὃν
610 2488 786 2558 ἐπίστευσε
806 2489 908 2574 μόνον
931 2483 1015 2557 εἶναι
1035 2488 1134 2567 θεόν,
1168 2489 1336 2573 λέγοντος·

118 2579 214 2671 οὗτός
235 2590 324 2658 ἐστιν
360 2586 377 2657 ὃ
406 2590 477 2671 νλός
504 2615 569 2676 μου
592 2587 613 2658 ὃ
634 2587 841 2681 διγαπητόςθ),
874 2594 928 2658 καί
962 2588 1153 2678 ἒξηρεόξατο
1175 2585 1197 2676 ἡ
1218 2589 1338 2676 καρδία

117 2718 181 2780 μου
209 2692 305 2780 λόγον
328 2686 499 2779 όγαθόν),
533 2693 693 2782 τολμήσει
713 2689 788 2783 ειιᾷν
812 2695 918 2763 εἰπεῖν
949 2689 1001 2760 ότι
1024 2688 1042 2759 ὃ
1065 2693 1099 2760 ἐκ
1119 2693 1257 2778 καρδίας
1278 2694 1338 2758 τοῦ

118 2799 202 2864 θεοῦ
225 2795 320 2881 λόγος
342 2796 378 2874 ἐξ
398 2789 455 2861 οῦκ
478 2791 581 2864 όντων
602 2802 731 2883 γέγονεν
751 2790 781 2884 ἢ
804 2792 822 2863 ὁ
845 2795 915 2875 υίὸς
937 2802 1057 2882 κτίσμα
1090 2793 1159 2861 ἐστὶ
1192 2795 1248 2860 καί
1281 2787 1339 2859 ούκ

116 2898 204 2966 ἰ’δισν
226 2901 283 2964 τοῦ
308 2899 458 2983 λέγοντος
479 2903 619 2986 γέννημα
626 2928 636 2981 ,·
659 2898 763 2966 πάλιν
786 2899 822 2966 δὲ
842 2905 893 2977 τίς
909 2891 1035 2964 άκσύων
1056 2894 1184 2975 τούτου,
1209 2894 1247 2962 ὂν
1264 2894 1339 2962 ἐπί-

118 3096 136 3167 ὅ
158 3100 267 3187 πατὴρ
290 3101 324 3168 ἐν
347 3101 458 3184 ίμσίῖ),
491 3104 544 3167 καλ
567 3101 630 3187 ἐγὼ
652 3105 706 3169 καλ
730 3097 747 3168 δ
769 3101 880 3190 πατήρ
904 3102 937 3170 ἕν
960 3100 1101 3186 ἐσμενθ),
1136 3099 1340 3185 ἐπιχειρύσει

120 3202 260 3289 διαιρεῖν
282 3201 304 3268 δι
327 3203 449 3281 ἐκεῖνος
469 3197 576 3289 ἥνωσε
597 3192 652 3270 κάλ
674 3199 836 3292 άμέριστα
858 3202 1047 3290 ’τετηρηκες

203 3311 231 3372 3.
280 3307 393 3371 Ταῦτα
413 3307 490 3389 γοῦν
506 3307 558 3372 καὶ
575 3300 669 3371 αύτοὶ
686 3310 888 3392 συνορῶντες
902 3309 955 3372 καί
972 3304 1161 3391 παῤῥησίαν
1176 3296 1341 3385 οῦκ-ἕχον-

117 3431 171 3485 τες
193 3407 227 3475 ἒν
248 3417 320 3487 τοῖς
342 3406 441 3485 ἰδίοις
462 3406 729 3487 καταψεύδονται
748 3410 815 3474 τῶν
839 3400 991 3491 εύσεβῶν.
1036 3382 1133 3471 λάλλ
1164 3404 1232 3471 ἔδει
1255 3403 1341 3471 πάν-

118 3533 184 3575 των
206 3503 325 3588 αύτούς
348 3509 486 3597 ἐρήμους
509 3508 607 3589 ὄντας
628 3512 682 3576 καλ
706 3513 914 3596 συνορῶντας
937 3506 1073 3586 ἑαυτοὺς
1101 3506 1134 3574 ἐν
1162 3516 1237 3585 ταῖς
1259 3505 1342 3590 ἐρω-

34 3611 233 3698 οοιατήσισι
261 3611 472 3694 πανταχόθεν
500 3608 709 3699 ἀποροῦντας
739 3615 794 3680 καὶ
825 3616 1059 3696 χασμωμένους
1086 3606 1341 3694 μεταγινώσκειν

34 3873 42 3888 .
119 3822 255 3902 ριθμεῖν
278 3817 408 3896 ἑαυτοῖς
436 3815 492 3896 οὓς
514 3812 571 3884 ούκ
593 3817 722 3897 ἴσασιν,
755 3814 875 3901 ἵναμὴ
897 3819 950 3881 καὶ
975 3808 1060 3900 παρ’
1082 3807 1189 3879 αύτῶν
1213 3811 1342 3897 ἐλεγχό-

118 3942 213 4001 μενοι
234 3920 373 3986 πλείονα
393 3919 451 4005 τὴν
475 3919 627 4007 αἰσχύνην
649 3914 900 4004 άπενίγκωνται.
945 3918 1027 3995 ἴσως
1049 3916 1085 3982 δὲ
1106 3917 1164 4000 τῆς
1186 3912 1342 4000 τοιαύτης

190 4161 213 4220 1)
232 4163 296 4210 loun.
318 4161 340 4216 1.
363 4164 383 4212 l.
442 4161 468 4223 2)
485 4163 550 4213 ΡεεΙ.
569 4163 601 4212 λδ
621 4157 673 4226 [44.
693 4157 780 4228 Lm,
799 4160 821 4210 2.
882 4158 907 4219 3)
926 4160 992 4208 λεια.
1015 4159 1037 4214 1,
1056 4157 1079 4206 3.
1140 4157 1166 4211 4)
1186 4154 1340 4213 1.c0r.8,6.

122 4228 251 4289 5)(1οΙουε
273 4230 294 4290 l,
316 4228 353 4279 16.
416 4230 581 4293 affluam,
606 4231 652 4293 173
675 4229 757 4290 11‚5.
820 4229 928 4289 Ἡλουιι.
950 4225 1048 4288 14,·1λ.
1119 4224 1144 4285 8)
1163 4224 1230 4274 Ιοοιι.
1244 4223 1283 4284 10,
1299 4221 1339 4272 30.

489 4316 500 4342 θ

122 4460 124 4465 Ι
155 4412 176 4445 ο.
194 4398 290 4449 Τοοτία.
310 4409 334 4452 ιλ
353 4400 456 4453 (ἱολῦιιι
486 4401 532 4452 noli
551 4394 700 4468 αραςφερέ-
753 4399 824 4449 Τισι.
844 4397 911 4447 colb.
938 4405 961 4446 ιι
984 4396 1023 4445 Fr.
1043 4395 1060 4443 1.
1086 4384 1135 4441 ναί
1156 4393 1230 4442 deest.
1267 4389 1338 4440 Ρυσλο

122 4467 222 4514 Ικωσαν,
752 4475 808 4532 pos!
827 4465 895 4515 Colb.
913 4460 1018 4531 μᾶλλον
1035 4455 1166 4528 ἰλίγγους.
1204 4459 1337 4508 λλοιΐεατ.

155 4533 177 4581 b.
196 4533 257 4586 Εῶιί
276 4527 300 4586 εί
317 4529 504 4604 δὲκαλμηδίν.
543 4537 590 4590 Sed
609 4536 699 4600 λάλος.
753 4534 886 4588 (ἔσάν-λιι.
906 4543 929 4585 ιι
947 4534 986 4585 Fr.
1003 4530 1022 4582 λ.
1042 4523 1096 4580 ἀπὸ
1113 4519 1236 4598 μὲνγὰρ
1255 4524 1318 4576 τόν·
