2948 5092
145 226 206 291 156
545 237 571 283 ε.
587 236 739 281 ετοεαεειι
754 235 976 280 εκεειτειεοονι

57 384 236 476 ι·.ειο.ήμεῖς
263 384 465 472 γινώσκομεν
495 383 578 450 κατὰ
605 383 663 470 τήν
693 382 780 450 ἰδίαν
811 383 958 468 δύναμιν.
1002 382 1057 449 καὶ
1085 382 1145 470 γὰρ
1168 383 1223 450 καὶ
1247 379 1265 450 ὁ
1288 385 1366 464 υἱός,

143 496 254 576 φησίν,
280 482 317 555 οὗ
339 486 441 571 μόνον
463 484 520 551 τὸν
543 492 672 572 πατέρα
688 479 831 571 ἀκριβῶς
845 480 883 550 οῦ
899 484 1060 571 γινώσκει,
1076 488 1185 553 λείπει
1194 485 1261 581 γὰρ
1281 481 1368 572 αὐτῷ

143 591 190 670 εἰς
211 588 250 656 τὸ
272 591 479 675 καταλαβεῖν,
503 583 605 655 ιιἀλλὰ
626 589 681 654 καί
703 581 802 665 αὐτὸς
825 584 842 652 ὁ
864 583 937 666 υἱὸς
958 586 1016 674 τὴν
1038 587 1155 655 ἑαυτοῦ
1178 583 1297 655 σῦσίαν
1313 583 1370 655 οῦκ

144 685 231 759 οἶδε’
259 693 314 758 καί
343 686 396 757 ὅτι
422 695 659 777 μεμερισμέναι
679 691 719 776 τῇ
743 686 843 776 φύσει
863 691 917 763 καί
941 683 1186 773 άπεξενωμέναι
1207 688 1264 755 καί
1286 683 1371 756 άπε-

143 797 369 877 σχοινισμέναι
397 790 453 858 καὶ
475 786 720 877 ἀλλότριοικαὶ
743 786 899 873 άμέτσχοί
920 789 1005 867 εἰσιν
1028 783 1176 876 ἀλλήλων
1198 790 1233 855 αἱ
1256 787 1370 857 σῦσίαι

142 896 200 960 τοῦ
223 892 351 980 πατρὸς
372 893 508 960 καὶτοῦ
531 893 604 958 υίοῦ
626 894 680 959 καὶ
702 881 761 958 τοῦ
783 887 877 977 ἁγίου
900 889 1095 976 πνεύματος,
1118 898 1182 971 καί,
1207 886 1370 972 ῶςάῦτδς

142 992 339 1082 ἐφθέγξατο,
364 990 517 1079 ἀνόμοιοι
539 993 682 1077 πάμπαν
705 987 853 1079 ἀλλήλων
873 1004 949 1072 ταῖς
970 1020 1006 1061 τε
1028 990 1157 1072 οὐσίαις
1178 1000 1232 1058 καὶ
1256 993 1371 1073 δόξαις

142 1095 225 1163 εἰσίν
248 1092 300 1163 ἐπ’
325 1093 474 1182 άπειρον.
519 1094 577 1161 τὸν
598 1098 676 1179 γοῦν
698 1093 795 1180 λόγον
818 1097 920 1183 φησὶν
943 1096 991 1174 είς
1006 1091 1186 1181 ὁμοιότητα
1201 1092 1301 1181 δόξης
1315 1097 1369 1161 καί

143 1190 258 1276 οὐσίας
280 1194 454 1285 ἀλλότριον
476 1192 562 1264 εἶναι
583 1198 755 1276 παντελῶς
776 1197 937 1284 ἑκατέρων
958 1201 1017 1264 τοῦ
1039 1222 1075 1264 τε
1096 1195 1225 1282 πατρὸς
1239 1198 1295 1261 καὶ
1310 1199 1369 1261 τοῦ

142 1294 241 1385 ἁγίου
259 1299 463 1384 πνεύματος·
485 1297 616 1376 τούτοις
637 1297 697 1382 γὰρ
721 1297 907 1385 ἐφθέγξατο
929 1309 1002 1378 τοῖς
1023 1297 1165 1385 ῥήμασιν
1188 1291 1206 1362 ὁ
1230 1290 1369 1385 ἀσεβής·

141 1402 195 1467 καί
219 1401 414 1487 διῃρημένον
437 1400 471 1466 δὲ
495 1393 580 1467 εἶναι
601 1397 677 1465 καίν’
702 1398 818 1466 ἑαυτὸν
840 1403 894 1467 καί
910 1395 1069 1485 ἀμέτοχον
1084 1397 1167 1466 κατὰ
1181 1398 1294 1466 πάντα
1309 1402 1367 1465 τοῦ

141 1500 269 1588 πατρὸς
289 1500 347 1567 τὸν
369 1501 439 1567 υἱὸν
463 1500 573 1589 ἔφησε.
618 1503 722 1567 ταῦτα
747 1507 829 1588 μέρη
851 1505 917 1570 τῶν
939 1503 972 1568 έν
994 1504 1040 1589 τῶ
1062 1503 1178 1588 γελοίῳ
1202 1500 1367 1587 συγγράμ-

140 1628 222 1686 ματι
243 1609 399 1687 κειμένων
420 1603 588 1686 μυδιδίων
611 1602 698 1669 ἐστίν
719 1598 857 1689 Ἀρείου.

228 1711 256 1770 7.
305 1710 364 1783 Τίς
391 1701 501 1770 τοίνυν
528 1707 594 1771 τῶν
622 1702 781 1770 τοιούτων
812 1706 865 1772 καὶ
893 1707 951 1770 τοῦ
980 1706 1099 1788 μέλους
1127 1707 1185 1791 τῆς
1207 1705 1368 1782 ὓθαλείας

142 1799 284 1883 ἀκούσας
306 1801 344 1871 οὗ
365 1805 535 1891 μισήσειεν
558 1805 592 1872 ἐν
615 1807 686 1892 δίκη
710 1805 872 1886 παίζοντα
894 1804 951 1871 τὸν
966 1803 1099 1892 ’Ἀρειον
1116 1801 1160 1883 ῶς
1176 1804 1233 1871 ἐπὶ
1250 1808 1368 1892 σκηνής

140 1909 219 1990 περὶ
247 1906 425 1988 τοιοῦτων;
458 1914 508 1985 τίς
536 1900 574 1972 οῦ
602 1914 727 1994 θεωρεῖ
754 1911 871 1974 τοῦτον
903 1906 960 1973 διά
981 1911 1039 1973 τοῦ
1063 1907 1169 1973 δοκεῖν
1193 1903 1366 1990 ὀνομάζειν

65 2078 81 2100 ,Ι
140 2007 223 2075 θεὸν
245 2010 298 2074 καί
321 2011 399 2092 περὶ
421 2013 505 2074 θεοῦ
528 2009 641 2093 λέγειν,
667 2004 712 2087 ῶς
733 2008 790 2074 τὸν
802 2007 882 2095 δ’φιν
894 2008 1157 2093 συμβουλεύοντα
1169 2010 1208 2094 τῇ
1220 2015 1349 2094 γυναικί
1355 2038 1366 2090 ,·

140 2116 191 2187 τίς
214 2112 249 2176 δὲ
271 2116 342 2188 τοῖς
364 2110 437 2196 ἑξῆς
459 2109 676 2194 εἐντυγχάνειν
699 2100 736 2175 οὐ
758 2112 877 2194 βλέπει
899 2109 957 2196 τήν
980 2106 1132 2196 άσέβειαν
1162 2106 1278 2189 αὐτοῦ,
1304 2106 1367 2188 ῶς-

140 2236 204 2296 περ
225 2210 281 2277 καί
302 2215 360 2278 τοῦ
384 2209 494 2298 ὄφεως
515 2209 573 2298 τήν
594 2210 679 2295 μετὰ
699 2215 803 2278 ταῦτα
825 2211 962 2299 πλάνην,
988 2211 1035 2290 είς
1056 2209 1094 2297 ἢν
1117 2210 1286 2298 παρήγαγε
1310 2235 1367 2277 σο-

75 2360 79 2365 ,
140 2312 323 2398 φισάμενος
345 2311 422 2400 ίτήν
444 2324 597 2398 γυναῖκας
631 2320 681 2391 τίς
703 2313 760 2380 ἐπὶ
782 2325 856 2392 ταῖς
877 2313 1048 2391 τοιαύταις
1068 2313 1294 2399 βλαςφημίαις
1308 2308 1367 2378 οῦκ

140 2412 324 2496 ἐξίσταται;
359 2410 376 2480 ὁ
405 2415 464 2498 μὲν
493 2404 550 2480 οῦν
573 2411 728 2499 οὐρανός,
751 2411 815 2494 Θῶς
838 2410 855 2480 ὁ
878 2415 1053 2502 προφήτης
1075 2418 1216 2501 φησίν’),
1241 2413 1364 2509 ἐξέστη,

139 2518 193 2581 καὶ
215 2511 234 2601 ἡ
257 2520 295 2604 γή
320 2517 450 2604 ἐ’φριξεν
474 2515 530 2582 ἐπὶ
553 2518 592 2603 τῇ
615 2515 806 2602 παραβάσει
827 2521 885 2582 τοῦ
909 2515 1021 2601 νόμον,
1047 2510 1064 2582 ὁ
1089 2517 1124 2582 δὲ
1145 2512 1239 2602 ήλιος
1261 2518 1365 2581 πλέον

139 2612 328 2703 ἀγανακτῶν
350 2620 404 2684 καί
425 2617 469 2704 μή
493 2623 603 2704 φέρων
625 2618 700 2685 τότε
721 2618 781 2698 τὰς
802 2619 886 2685 κατὰ
907 2622 966 2684 τοῦ
989 2621 1099 2685 κοινοῦ
1122 2616 1258 2684 πάντων
1273 2612 1366 2705 ήμῶν

139 2720 303 2787 δεσπότου
326 2723 515 2805 ίγεναμένας
538 2721 726 2804 σωματικὰς
748 2717 867 2807 ὕβρεις,
893 2719 932 2799 ἃς
955 2720 1035 2786 ἑκῶν
1058 2714 1158 2798 αὐτὸς
1173 2714 1256 2805 ὑπὲρ
1273 2714 1365 2805 ήμῶν

137 2816 320 2905 ὑπέμεινεν,
345 2816 542 2909 ἀπεστράφη
566 2825 619 2889 καὶ
641 2822 701 2902 τάς
723 2819 856 2901 άκτίνας
878 2824 1051 2900 συστείλας
1072 2820 1129 2909 τήν
1145 2816 1268 2907 ἡμέραν
1284 2819 1366 2886 έκεί-

85 2954 90 2964 ·
138 2949 195 3010 νην
223 2919 357 3008 άνήλιον
386 2925 523 3004 ἔδειξεν·
559 2923 615 2990 ἐπὶ
646 2924 681 2990 δὲ
710 2935 784 3004 ταῖς
803 2919 933 3010 Ἀρείου
966 2924 1190 3010 βλαςφημίαις
1222 2925 1298 3000 πῶς
1327 2916 1365 2987 οῦ

54 3029 234 3091 αοεπῦσα
260 3029 326 3091 τῶν
359 3022 550 3111 ἀνθρώπων
573 3021 611 3113 ῡή
642 3025 742 3113 φῦσις
764 3020 894 3114 άφασίᾳ
916 3024 1133 3113 πληγήσεται,
1164 3023 1219 3091 καί
1241 3025 1365 3090 κλείσει

139 3127 198 3210 μὲν
227 3124 286 3204 τὰς
313 3120 426 3207 άκσάς,
456 3127 620 3212 καμμῦσει
642 3128 678 3194 δὲ
699 3127 776 3207 τοὺς
799 3123 1012 3216 ὀφθαλμούς,
1043 3127 1098 3192 ἵνα
1119 3124 1200 3211 μήτε
1224 3120 1365 3191 ἀκοῦσαι

138 3227 318 3294 11τοιούτων
344 3223 416 3314 μήτ’
442 3228 525 3295 ἰδεῖν
554 3227 611 3296 τὸν
640 3233 744 3296 ταῦτα
769 3229 945 3315 γράψαντα
974 3229 1120 3315 δυνηθῇς
1154 3224 1172 3293 ὁ
1196 3229 1231 3293 δὲ
1253 3225 1365 3312 κύριος

138 3323 237 3407 αὐτὸς
258 3333 332 3408 πῶς
354 3325 392 3394 οῦ
413 3332 539 3414 μᾶλλον
562 3332 697 3409 δικαίως
719 3331 815 3399 ἰκατὰ
836 3330 960 3397 τούτων
984 3326 1029 3408 ῶς
1051 3326 1180 3414 ἀσεβῶν
1203 3323 1289 3394 ἀλλὰ
1310 3330 1363 3394 καί

137 3427 322 3517 ἀχαρίστων
353 3432 487 3518 βοήσει,
520 3431 542 3499 ἃ
572 3436 626 3500 καὶ
655 3433 712 3500 διὰ
739 3437 798 3500 τοῦ
827 3431 1002 3521 προφήτου
1029 3426 1124 3518 Ὠσηὲ
1152 3426 1363 3519 προείρηκεν·

82 3560 86 3567 ’
137 3527 214 3598 οῦαὶ
235 3527 358 3612 αὐτοῖς,
383 3528 436 3599 ὅτι
458 3528 678 3623 άπεπήδησαν
700 3529 757 3602 ἀπ’
782 3535 877 3620 ἐμοῦ,
902 3535 1066 3601 Ιιδείλαιυί
1088 3533 1188 3612 εἰσιν,
1213 3526 1266 3598 ὅτι
1287 3527 1364 3617 ήσε-

135 3641 241 3719 βησαν
264 3635 310 3713 είς
333 3634 398 3719 ἐμέ.
430 3633 492 3720 έγῶ
516 3636 551 3702 δὲ
573 3635 805 3724 έλυτρωσάμην
829 3631 956 3716 αὐτούς,
982 3630 1074 3702 αὐτοὶ
1092 3633 1362 3721 δὲκατελάλησαν

136 3730 204 3801 κατ’
229 3735 308 3817 ἐμοῦ
332 3737 447 3823 ψευδῆ,
478 3741 547 3804 Ικαὶ
568 3735 636 3822 μετ’
663 3734 772 3824 ὀλίγα·
795 3737 850 3805 καὶ
865 3738 920 3817 ἐίς
942 3737 998 3822 ἐμὲ
1014 3732 1204 3821 έλογίσαντσ
1222 3735 1360 3822 πονηρά,

208 3928 230 3987 1)
249 3928 333 3976 Ιεεειυ.
352 3926 376 3987 2,
398 3925 435 3977 12.

170 4079 192 4112 ο.
210 4063 309 4124 Seguer.
329 4053 396 4111 ῶλλιὶ
413 4057 468 4130 γὰρ
485 4057 531 4111 καὶ
550 4053 687 4124 αῦτόεειε,
809 4079 830 4114 ε.
850 4064 949 4125 Segner.
969 4064 1041 4113 Basil.
1054 4063 1147 4125 λαρΙίε.
1166 4062 1237 4112 Gobl.
1256 4063 1360 4112 Felckm.

168 4131 192 4178 b.
212 4133 310 4192 S'eguer.
331 4132 428 4181 Gobler.
454 4140 477 4182 τι
501 4131 606 4182 Felckm.
629 4133 648 4182 l.
674 4129 723 4191 τῆς
777 4131 798 4180 1.
818 4141 841 4181 ει
860 4133 883 4182 5.
909 4124 944 4184 ῶς
969 4125 982 4179 ὅ
1008 4126 1161 4198 προφήτης.
1198 4131 1261 4180 edlu
1280 4130 1359 4180 etalii

135 4192 253 4251 θαλείας.
296 4199 368 4248 ΒαείΙ.
398 4199 446 4260 τῆς
472 4194 578 4254 θαλίας.
625 4199 669 4250 Alii
699 4208 722 4250 ει
774 4191 811 4252 ῶε
828 4192 982 4266 προφήτης.
1021 4201 1081 4250 ίοίδ.
1101 4199 1199 4252 ῦοίυίεν.
1218 4199 1359 4248 ειΡεΙελω.

136 4268 191 4317 edili
210 4260 315 4320 θαλίας.
775 4269 798 4317 1.
817 4259 832 4327 r}
854 4262 883 4317 δὲ
898 4266 935 4333 γῆ
953 4261 1073 4333 ἔφριξεν.
1113 4267 1188 4317 iidem
1214 4275 1238 4316 et
1260 4266 1360 4330 Seguer.

170 4350 190 4383 c.
209 4336 309 4396 δεήσει
328 4327 456 4401 έντνχῶη.
771 4329 816 4384 ἐπὶ
834 4334 873 4415 τηῦ
891 4332 1081 4400 παραβαθένττ
1091 4328 1178 4414 νόμην.
1211 4336 1273 4386 Edili
1285 4333 1360 4383 etalii

169 4403 193 4454 d.
212 4402 252 4452 Sic
269 4405 368 4465 Seguor.
389 4404 460 4454 Βοείί.
481 4405 578 4455 Gohler.
597 4411 620 4454 ει
639 4403 718 4454 Ρείελ.
770 4396 815 4453 ἐπὶ
834 4417 865 4469 τη
884 4397 1040 4470 παραβάσει
1057 4403 1106 4454 τοῦ
1124 4417 1221 4469 νυμον.

137 4468 160 4518 1.
194 4469 223 4520 λι
240 4469 281 4521 alii
300 4480 324 4522 ιι
340 4471 399 4523 edili
415 4463 467 4532 τήν
483 4474 603 4527 omittunt.
803 4473 821 4522 f·
838 4476 938 4537 Sessuer.
949 4467 1105 4539 γινομένας.
1127 4468 1357 4538 Homeromas-
