2948 5092
451 250 575 322 ,oaarro
592 253 612 294 1.
630 253 745 296 cunrat
759 254 893 298 missos.
1228 246 1287 308 159

49 405 104 465 ista
126 402 318 464 effutientem
341 400 486 481 repulerit
507 420 542 462 ex
564 402 705 473 Ecclesia,
728 404 811 467 curius
834 424 899 466 cum
922 407 1101 486 impietatem
1125 412 1202 472 serre
1224 430 1372 477 nonnam

50 514 164 585 posset,
187 522 259 566 eum
282 503 469 565 anathemate
490 504 653 583 percussit3
676 524 708 565 rx
733 507 869 585 quoiam
892 516 1026 587 tempore
1041 510 1150 573 credita
1166 522 1212 573 est
1225 494 1291 574 hrii'

52 607 189 686 impietas
213 606 286 685 quid
308 604 435 685 amplius
458 623 543 684 quam
566 615 680 667 ceteras
695 607 835 670 haereses
857 611 1021 684 continere,
1044 613 1153 692 quippe
1168 634 1242 692 quae
1257 624 1287 677 et

55 708 164 770 Christi
188 708 308 769 inimica
330 707 410 768 diota
431 707 479 780 sit,
503 716 534 768 et
555 709 734 787 praenuncia
755 710 928 772 Antichristi
952 713 991 773 sit
1012 713 1120 776 habita.
1149 715 1212 777 Etsi
1228 717 1285 795 igi·

55 823 115 882 tur,
141 811 185 872 uti
208 809 268 871 iam
289 809 367 881 (lixi,
400 817 457 869 tarn
480 809 610 889 amplum
631 810 773 871 adversus
797 811 917 891 impiam
940 814 1016 875 hane
1037 815 1182 877 haeresim
1205 816 1285 877 iudi·

56 914 130 973 cium
152 910 283 974 maxime
304 911 423 984 sufficit,
446 919 478 972 ut
498 911 564 972 eius
587 912 696 972 horror
717 912 856 973 omnihus
878 914 1044 988 inliciatur,
1068 924 1195 978 attamen
1217 917 1285 996 quia

55 1013 200 1084 nonnulli,
224 1013 273 1092 qui
297 1013 456 1074 Christiani
479 1022 631 1085 voearrtur,
654 1013 700 1075 vel
721 1014 885 1075 inscienter
898 1016 943 1076 ael
961 1017 1184 1080 dissimulanter
1198 1019 1284 1080 istam

57 1115 203 1176 haeresim
234 1115 272 1175 ad
299 1113 388 1176 tidem
416 1113 493 1176 nihil
519 1114 684 1194 pertinere,
712 1124 850 1203 utantea
874 1116 983 1178 uictum
1014 1126 1072 1190 est,
1106 1120 1284 1196 existimant,

58 1234 180 1295 eosque,
204 1216 255 1294 qui
277 1217 318 1278 ita
340 1217 482 1305 sentiunt,
506 1216 691 1278 Christianos
713 1235 774 1278 noo
797 1218 931 1280 dubitant
951 1221 1115 1299 appellare3
1137 1241 1200 1301 age,
1224 1241 1283 1301 quo

61 1327 210 1397 retegatur
230 1319 366 1380 haeresis
381 1319 499 1392 astutia,
522 1320 589 1381 illos
605 1338 660 1399 pro
675 1328 776 1382 nostra
794 1320 930 1382 facultate
945 1321 1172 1401 interrogemus.
1195 1324 1284 1386 Forte

59 1419 134 1480 euim
154 1420 215 1480 hoc
235 1429 322 1499 pacto
344 1422 474 1482 laturum
497 1429 559 1493 est,
591 1429 624 1482 ut
650 1422 755 1482 irretiti
785 1430 899 1484 taceant
928 1432 957 1483 et
984 1423 1020 1484 ab
1050 1443 1084 1485 ea
1112 1443 1173 1485 uon
1195 1444 1283 1488 secus

59 1541 141 1600 quarn
163 1541 180 1583 a
204 1531 367 1602 conspectu
389 1522 536 1602 serpentis
559 1523 677 1602 fugiant.

140 1930 170 1992 8.
215 1928 317 2007 ltaque
339 1929 366 1988 si
390 1928 498 1989 idcirco
521 1928 701 1990 arbitrantur
723 1929 842 2008 impiam
859 1931 991 1993 Thaliam
1014 1950 1083 1993 esse
1103 1932 1192 2010 piam¹
1215 1931 1283 2010 quia

61 2030 167 2109 aliquot
189 2029 306 2090 divinae
329 2030 498 2109 Scripturas
520 2049 608 2092 voces
631 2031 794 2104 courtineat,
823 2035 957 2110 prolecto
981 2042 1139 2111 sequetur,
1163 2042 1194 2093 ut
1216 2051 1283 2093 cum

60 2150 133 2192 unuc
154 2131 256 2192 rident
276 2131 333 2208 legi
357 2150 373 2192 a
396 2131 510 2192 ludaeis
531 2130 640 2210 Legem
664 2141 693 2194 et
714 2133 889 2210 Prophetas,
913 2135 1062 2196 Christum
1085 2153 1202 2213 quoque
1225 2134 1283 2213 ipsi

62 2251 121 2293 aum
151 2234 209 2294 illis
237 2241 356 2312 negent.
402 2233 479 2305 Quiu
507 2233 593 2294 etiam
623 2233 650 2294 si
676 2234 830 2307 annuerit,
862 2245 896 2296 ut
921 2236 1108 2298 hlauichaeos
1141 2235 1282 2314 quasdam

62 2334 289 2413 Evangeliorum‘
304 2333 463 2412 particulas
484 2335 642 2395 recitantes
665 2335 799 2408 audiant,
830 2336 939 2415 Legem
968 2346 997 2398 et
1019 2337 1183 2416 Prophetas
1217 2357 1282 2399 aum

62 2435 113 2496 illis
133 2436 292 2516 repudient
313 2453 438 2497 necesse
460 2435 556 2498 luerit.
603 2436 690 2508 Quod
717 2438 744 2498 si
771 2456 825 2517 per
853 2438 1048 2515 ignorantiam
1077 2439 1116 2499 ita
1149 2447 1284 2499 aestuant

64 2539 179 2599 ethaeo
201 2538 352 2617 garriunt,
375 2538 490 2599 discant
512 2558 546 2599 ex
570 2537 731 2616 Scripturis
755 2540 851 2617 ipsum
875 2540 1023 2601 diabolum
1047 2540 1203 2601 haeresum
1226 2560 1281 2600 au-

66 2648 179 2709 ctorem,
203 2640 241 2700 oh
264 2640 417 2718 proprium
439 2640 644 2719 perversitatis
666 2640 814 2701 foetorem
838 2641 924 2700 verha
949 2641 1168 2721 Scripturarum
1190 2659 1281 2702 usur-

65 2758 127 2818 pare
147 2741 255 2814 solere,
278 2749 311 2803 ut
332 2740 388 2802 illis
412 2742 629 2819 quodammodo
653 2741 790 2802 obtectus
813 2761 900 2803 suum
922 2762 1066 2804 venenum
1088 2744 1187 2823 possit
1209 2744 1281 2804 faci-

64 2841 114 2903 lius
139 2862 278 2921 spargere
307 2842 515 2922 simplicesque
543 2844 765 2904 circumvenire.
817 2844 866 2905 Sic
892 2845 982 2905 Eram
1011 2845 1113 2906 lelellit
1141 2844 1204 2918 ille,
1238 2845 1282 2907 sic

65 2945 128 3005 alias
150 2946 263 3005 elliuxit
284 2946 436 3017 haereses,
460 2946 502 3006 sie
524 2946 611 3007 etiam
626 2946 686 3006 huc
700 2956 833 3024 tempore
848 2947 918 3006 Ario
933 2947 1093 3025 persuasit,
1117 2955 1148 3008 ut
1163 2947 1192 3007 iu
1208 2946 1281 3007 hae·

64 3065 140 3106 reses
163 3048 229 3126 ipse
251 3047 440 3108 inveheretur
460 3047 578 3126 illisque
599 3048 748 3109 adversari
772 3048 938 3123 simularet,
969 3067 1027 3126 quo
1050 3049 1174 3110 latenter
1197 3066 1281 3109 suam

64 3159 159 3224 posset
181 3147 328 3209 haeresim
351 3148 501 3208 iuducere.
547 3148 752 3210 Verumtamen
780 3167 818 3210 ne
847 3150 886 3210 ita
914 3149 1032 3228 quidem
1060 3149 1150 3211 latera
1183 3148 1283 3228 potuit

66 3247 219 3309 Veterator.
264 3250 302 3310 Ut
330 3249 408 3309 eninr
437 3268 520 3310 suam
549 3259 652 3310 eontra
673 3250 726 3311 llei
749 3250 875 3311 l'erlmm
906 3252 1068 3330 expromsit
1090 3251 1365 3329 impietatemque.

68 3351 195 3412 omnihus
216 3351 315 3412 statim
338 3350 427 3410 rebus
450 3351 573 3422 excidit,
602 3351 773 3430 cunctisque
796 3362 980 3432 compertum
1003 3362 1064 3425 est,
1089 3372 1155 3414 emn
1178 3352 1208 3412 in
1231 3370 1281 3412 ce·

69 3452 129 3510 teris
151 3471 268 3531 quoque
291 3454 424 3530 ignarum
447 3471 516 3515 esse
539 3452 670 3531 nihilque
693 3453 832 3528 omuino,
855 3456 933 3532 quod
963 3473 1064 3515 verum
1087 3455 1135 3526 sit,
1160 3453 1298 3526 sentire,

70 3552 114 3611 sed
135 3562 245 3614 tanturn
268 3554 457 3615 simulatione
480 3555 532 3615 uti.
578 3556 636 3627 pur
660 3554 737 3616 euim
761 3574 829 3616 vera
852 3556 888 3618 de
910 3556 995 3617 Patro
1018 3558 1044 3616 is
1067 3558 1208 3634 proferat,
1232 3555 1282 3634 qui

70 3650 176 3725 lilium,
203 3674 218 3714 a
242 3675 300 3734 quo
322 3656 419 3716 l'atris
442 3656 569 3735 cognitio
599 3657 696 3717 omnis
727 3658 911 3736 impertitur,
941 3659 1028 3718 audet
1056 3657 1187 3736 negare‘.l
1231 3655 1283 3717 Vel

72 3760 112 3830 qul
131 3767 207 3818 recte
229 3757 265 3817 de
288 3758 399 3837 Spiritu
423 3757 532 3818 Sancto
556 3759 604 3819 ille
627 3759 811 3837 opinabitur,
841 3760 890 3837 qui
919 3759 956 3821 do
977 3759 1067 3831 Filio,
1097 3779 1112 3819 a
1136 3777 1194 3837 quo
1217 3742 1282 3836 ipse

72 3856 152 3925 latiur,
175 3859 264 3938 impie
286 3879 345 3920 nou
371 3870 489 3920 veretur
510 3860 614 3939 loqui?
652 3861 726 3933 Quis
751 3862 791 3921 illi
815 3862 913 3922 cretlat
929 3862 964 3922 de
980 3861 1200 3922 resurrectione
1216 3859 1280 3919 alis·

98 4012 226 4074 eMSeguer
240 4013 337 4063 Gohler.
354 4011 491 4061 etl'elelur.
502 4014 523 4062 1.
533 4009 643 4068 πάντως
727 4015 750 4063 h.
770 4016 811 4063 Sic
830 4015 886 4091 lleg
907 4015 1004 4064 Gohler.
1024 4023 1047 4064 et
1065 4015 1206 4064 Felchml.
1233 4014 1277 4062 hlii

72 4088 119 4124 aaa.
152 4081 211 4130 Editi
231 4089 254 4129 et
272 4081 311 4130 alii
333 4075 447 4128 πάντων
462 4080 539 4144 γοῦν.
694 4097 749 4130 raro
768 4073 910 4143 ἐπιβαλών,

98 4147 260 4226 lSicSegoer
270 4150 369 4226 (ἱοΙιΙοτ;
378 4148 544 4228 etFelehqu.
564 4151 640 4199 htalii
728 4151 745 4197 i
764 4151 863 4211 Seguar.
876 4149 947 4198 Basil.
964 4158 987 4199 et
997 4150 1088 4212 hughe
1099 4143 1185 4214 μηδὲν
1204 4141 1278 4199 υλως

71 4221 88 4258 t
103 4208 265 4264 clarioreml
277 4215 326 4268 τὰς
336 4208 640 4295 oipa‘oaaer‘aa’mroriqae.
694 4217 740 4265 hhi
761 4227 783 4265 et
801 4217 858 4266 editi
875 4212 944 4282 μηδὲ
958 4209 1033 4270 ἅλως
1071 4219 1129 4267 lhhl.
1142 4217 1246 4265 lelchm
1255 4216 1279 4265 5.

95 4299 113 4340 ε.
131 4286 173 4331 Seu
148 4301 225 4344 muer
245 4286 343 4335 Gohler.
364 4293 387 4332 et
406 4284 510 4333 l'elclarn
529 4285 549 4334 l
569 4276 640 4333 οὕτω
695 4277 793 4342 ἀληθὲς
810 4283 923 4361 armenio.
959 4287 1010 4334 Mox
1029 4287 1128 4346 Seguer.
1147 4282 1205 4334 πῶς
1221 4276 1276 4359 γὰρ

69 4342 107 4400 τὰς
126 4322 208 4405 attiae
252 4353 303 4402 llos
324 4352 523 4401 Felehmannii.
543 4360 566 4401 et
584 4354 640 4402 editi
694 4344 729 4398 ἂν
747 4343 890 4410 ἀληθείση
927 4354 970 4401 alii
998 4362 1021 4401 at
1048 4353 1104 4402 editi
1134 4349 1193 4402 nais
1222 4343 1277 4415 γὰρ

66 4408 163 4474 ἔπλασε,
188 4431 211 4470 ιιι
236 4431 259 4470 et
285 4422 343 4497 legit
362 4420 486 4480 Nunnius,
514 4429 641 4484 quiverat
694 4416 846 4477 αληθεισει.

67 4491 167 4547 crepuit.
200 4491 245 4541 ath
262 4481 425 4546 inldrrner.
728 4489 750 4538 h.
770 4488 810 4536 Sic
828 4490 928 4550 Srguer.
947 4497 970 4538 et
988 4489 1045 4551 hag.
1084 4489 1113 4539 lt
1136 4485 1234 4537 Gohler
1254 4494 1278 4536 et
