<?xml version="1.0" encoding="UTF-8"?>
<!DOCTYPE html PUBLIC "-//W3C//DTD XHTML 1.0 Transitional//EN"
    "http://www.w3.org/TR/xhtml1/DTD/xhtml1-transitional.dtd">
<html xmlns="http://www.w3.org/1999/xhtml" xml:lang="en" lang="en">
 <head>
  <title>
</title>
<meta http-equiv="Content-Type" content="text/html;charset=utf-8" />
  <meta name='ocr-system' content='tesseract 3.04.00' />
  <meta name='ocr-capabilities' content='ocr_page ocr_carea ocr_par ocr_line ocrx_word'/>
</head>
<body>
  <div class='ocr_page' id='page_1' title='image "./sanctiathanasii02athagoog_0440.png"; bbox 0 0 2948 5092; ppageno 0'>
   <div class='ocr_carea' id='block_1_1' title="bbox 458 263 1293 330">
    <p class='ocr_par' dir='ltr' id='par_1_1' title="bbox 458 263 1293 330">
     <span class='ocr_line' id='line_1_1' title="bbox 458 263 1293 330; baseline -0.006 -3"><span class='ocrx_word' id='word_1_1' title='bbox 458 278 746 327; x_wconf 72' lang='lat' dir='ltr'><strong>manduconem</strong></span> <span class='ocrx_word' id='word_1_2' title='bbox 758 278 896 325; x_wconf 78' lang='lat' dir='ltr'><strong>emanas.</strong></span> <span class='ocrx_word' id='word_1_3' title='bbox 1230 263 1293 330; x_wconf 72' lang='grc'><strong>363</strong></span> 
     </span>
    </p>
   </div>
   <div class='ocr_carea' id='block_1_2' title="bbox 64 430 1417 1327">
    <p class='ocr_par' dir='ltr' id='par_1_2' title="bbox 64 430 1417 1327">
     <span class='ocr_line' id='line_1_2' title="bbox 69 430 1378 516; baseline -0.002 -21"><span class='ocrx_word' id='word_1_4' title='bbox 69 433 164 516; x_wconf 85' lang='lat' dir='ltr'><strong>priora</strong></span> <span class='ocrx_word' id='word_1_5' title='bbox 184 449 251 497; x_wconf 85' lang='lat' dir='ltr'><strong>nan</strong></span> <span class='ocrx_word' id='word_1_6' title='bbox 272 439 410 505; x_wconf 85' lang='lat' dir='ltr'><strong>maneat,</strong></span> <span class='ocrx_word' id='word_1_7' title='bbox 432 431 486 493; x_wconf 86' lang='lat' dir='ltr'><strong>sed</strong></span> <span class='ocrx_word' id='word_1_8' title='bbox 507 439 697 499; x_wconf 81' lang='lat' dir='ltr'><strong>evanescunt.</strong></span> <span class='ocrx_word' id='word_1_9' title='bbox 742 430 834 492; x_wconf 82' lang='lat' dir='ltr'><strong>Cuius</strong></span> <span class='ocrx_word' id='word_1_10' title='bbox 856 430 900 491; x_wconf 89' lang='lat' dir='ltr'><strong>rei</strong></span> <span class='ocrx_word' id='word_1_11' title='bbox 922 430 996 491; x_wconf 88' lang='lat' dir='ltr'><strong>haec</strong></span> <span class='ocrx_word' id='word_1_12' title='bbox 1016 449 1105 492; x_wconf 88' lang='lat' dir='ltr'><strong>causa</strong></span> <span class='ocrx_word' id='word_1_13' title='bbox 1128 440 1189 505; x_wconf 92' lang='lat' dir='ltr'><strong>est,</strong></span> <span class='ocrx_word' id='word_1_14' title='bbox 1213 432 1378 511; x_wconf 73' lang='lat' dir='ltr'><strong>quadrare.</strong></span> 
     </span>
     <span class='ocr_line' id='line_1_3' title="bbox 67 524 1293 615; baseline -0.001 -17"><span class='ocrx_word' id='word_1_15' title='bbox 67 534 184 598; x_wconf 77' lang='lat' dir='ltr'><strong>darum</strong></span> <span class='ocrx_word' id='word_1_16' title='bbox 206 542 325 615; x_wconf 86' lang='lat' dir='ltr'><strong>patres,</strong></span> <span class='ocrx_word' id='word_1_17' title='bbox 347 524 416 594; x_wconf 42' lang='lat' dir='ltr'><strong>cum*</strong></span> <span class='ocrx_word' id='word_1_18' title='bbox 435 532 573 607; x_wconf 88' lang='lat' dir='ltr'><strong>homines</strong></span> <span class='ocrx_word' id='word_1_19' title='bbox 596 533 674 605; x_wconf 89' lang='lat' dir='ltr'><strong>sint,</strong></span> <span class='ocrx_word' id='word_1_20' title='bbox 696 532 790 593; x_wconf 84' lang='lat' dir='ltr'><strong>lluxas</strong></span> <span class='ocrx_word' id='word_1_21' title='bbox 811 531 922 593; x_wconf 88' lang='lat' dir='ltr'><strong>hebent</strong></span> <span class='ocrx_word' id='word_1_22' title='bbox 942 524 1055 594; x_wconf 78' lang='lat' dir='ltr'><strong>aetates</strong></span> <span class='ocrx_word' id='word_1_23' title='bbox 1077 531 1206 614; x_wconf 87' lang='lat' dir='ltr'><strong>aliasque</strong></span> <span class='ocrx_word' id='word_1_24' title='bbox 1226 534 1293 597; x_wconf 86' lang='lat' dir='ltr'><strong>aliis</strong></span> 
     </span>
     <span class='ocr_line' id='line_1_4' title="bbox 66 632 1417 715; baseline 0 -16"><span class='ocrx_word' id='word_1_25' title='bbox 66 635 263 700; x_wconf 83' lang='lat' dir='ltr'><strong>succedentes</strong></span> <span class='ocrx_word' id='word_1_26' title='bbox 285 632 492 713; x_wconf 85' lang='lat' dir='ltr'><strong>cagitationes,</strong></span> <span class='ocrx_word' id='word_1_27' title='bbox 512 652 548 695; x_wconf 91' lang='lat' dir='ltr'><strong>ac</strong></span> <span class='ocrx_word' id='word_1_28' title='bbox 568 633 664 713; x_wconf 85' lang='lat' dir='ltr'><strong>qualia</strong></span> <span class='ocrx_word' id='word_1_29' title='bbox 686 632 746 715; x_wconf 76' lang='lat' dir='ltr'><strong>ipsi</strong></span> <span class='ocrx_word' id='word_1_30' title='bbox 767 633 898 712; x_wconf 82' lang='lat' dir='ltr'><strong>mgitaut</strong></span> <span class='ocrx_word' id='word_1_31' title='bbox 919 641 950 694; x_wconf 92' lang='lat' dir='ltr'><strong>et</strong></span> <span class='ocrx_word' id='word_1_32' title='bbox 970 634 1158 709; x_wconf 76' lang='lat' dir='ltr'>meditantur,</span> <span class='ocrx_word' id='word_1_33' title='bbox 1182 635 1249 697; x_wconf 83' lang='lat' dir='ltr'><strong>talia</strong></span> <span class='ocrx_word' id='word_1_34' title='bbox 1263 645 1296 700; x_wconf 90' lang='lat' dir='ltr'><strong>et</strong></span> <span class='ocrx_word' id='word_1_35' title='bbox 1410 650 1417 667; x_wconf 91' lang='grc'><em>·</em></span> 
     </span>
     <span class='ocr_line' id='line_1_5' title="bbox 65 733 1293 818; baseline -0.001 -18"><span class='ocrx_word' id='word_1_36' title='bbox 65 736 247 818; x_wconf 67' lang='lat' dir='ltr'><strong>loquantum</strong></span> <span class='ocrx_word' id='word_1_37' title='bbox 270 754 331 816; x_wconf 89' lang='lat' dir='ltr'><strong>qua</strong></span> <span class='ocrx_word' id='word_1_38' title='bbox 352 735 394 807; x_wconf 87' lang='lat' dir='ltr'><strong>lit,</strong></span> <span class='ocrx_word' id='word_1_39' title='bbox 417 744 450 796; x_wconf 92' lang='lat' dir='ltr'><strong>ut</strong></span> <span class='ocrx_word' id='word_1_40' title='bbox 471 734 562 797; x_wconf 90' lang='lat' dir='ltr'><strong>multa</strong></span> <span class='ocrx_word' id='word_1_41' title='bbox 583 733 711 798; x_wconf 87' lang='lat' dir='ltr'><strong>habeant</strong></span> <span class='ocrx_word' id='word_1_42' title='bbox 732 734 840 809; x_wconf 85' lang='lat' dir='ltr'><strong>rerba,</strong></span> <span class='ocrx_word' id='word_1_43' title='bbox 862 734 1032 814; x_wconf 90' lang='lat' dir='ltr'><strong>nullumque</strong></span> <span class='ocrx_word' id='word_1_44' title='bbox 1056 743 1153 798; x_wconf 72' lang='lat' dir='ltr'><strong>umen</strong></span> <span class='ocrx_word' id='word_1_45' title='bbox 1174 736 1293 800; x_wconf 87' lang='lat' dir='ltr'><strong>illorum</strong></span> 
     </span>
     <span class='ocr_line' id='line_1_6' title="bbox 65 830 1294 918; baseline 0.002 -17"><span class='ocrx_word' id='word_1_46' title='bbox 65 830 170 918; x_wconf 81' lang='lat' dir='ltr'><strong>postea</strong></span> <span class='ocrx_word' id='word_1_47' title='bbox 193 839 340 917; x_wconf 73' lang='lat' dir='ltr'>supersit.</span> <span class='ocrx_word' id='word_1_48' title='bbox 384 836 457 898; x_wconf 82' lang='lat' dir='ltr'><strong>Cum</strong></span> <span class='ocrx_word' id='word_1_49' title='bbox 474 836 565 905; x_wconf 80' lang='lat' dir='ltr'><strong>,enim</strong></span> <span class='ocrx_word' id='word_1_50' title='bbox 592 837 636 910; x_wconf 87' lang='lat' dir='ltr'><strong>is,</strong></span> <span class='ocrx_word' id='word_1_51' title='bbox 664 835 714 915; x_wconf 91' lang='lat' dir='ltr'><strong>qui</strong></span> <span class='ocrx_word' id='word_1_52' title='bbox 736 836 881 917; x_wconf 88' lang='lat' dir='ltr'><strong>loquitar,</strong></span> <span class='ocrx_word' id='word_1_53' title='bbox 909 837 1039 911; x_wconf 88' lang='lat' dir='ltr'><strong>siluerit,</strong></span> <span class='ocrx_word' id='word_1_54' title='bbox 1068 856 1172 900; x_wconf 90' lang='lat' dir='ltr'><strong>earum</strong></span> <span class='ocrx_word' id='word_1_55' title='bbox 1193 839 1294 904; x_wconf 85' lang='lat' dir='ltr'><strong>statim</strong></span> 
     </span>
     <span class='ocr_line' id='line_1_7' title="bbox 67 937 1370 1020; baseline 0.002 -20"><span class='ocrx_word' id='word_1_56' title='bbox 67 939 165 1001; x_wconf 78' lang='lat' dir='ltr'><strong>delicit</strong></span> <span class='ocrx_word' id='word_1_57' title='bbox 187 937 323 1001; x_wconf 79' lang='lat' dir='ltr'><strong>verbum.</strong></span> <span class='ocrx_word' id='word_1_58' title='bbox 367 937 421 1000; x_wconf 85' lang='lat' dir='ltr'><strong>llei</strong></span> <span class='ocrx_word' id='word_1_59' title='bbox 442 947 538 1000; x_wconf 88' lang='lat' dir='ltr'><strong>autem</strong></span> <span class='ocrx_word' id='word_1_60' title='bbox 555 937 682 1000; x_wconf 80' lang='lat' dir='ltr'><strong>Verbum</strong></span> <span class='ocrx_word' id='word_1_61' title='bbox 701 957 791 1000; x_wconf 89' lang='lat' dir='ltr'><strong>unum</strong></span> <span class='ocrx_word' id='word_1_62' title='bbox 815 946 845 999; x_wconf 89' lang='lat' dir='ltr'><strong>et</strong></span> <span class='ocrx_word' id='word_1_63' title='bbox 865 937 944 1000; x_wconf 92' lang='lat' dir='ltr'><strong>idem</strong></span> <span class='ocrx_word' id='word_1_64' title='bbox 967 947 1024 1013; x_wconf 90' lang='lat' dir='ltr'><strong>est,</strong></span> <span class='ocrx_word' id='word_1_65' title='bbox 1045 945 1077 1000; x_wconf 91' lang='lat' dir='ltr'><strong>et</strong></span> <span class='ocrx_word' id='word_1_66' title='bbox 1096 946 1130 1001; x_wconf 94' lang='lat' dir='ltr'><strong>ut</strong></span> <span class='ocrx_word' id='word_1_67' title='bbox 1149 940 1293 1020; x_wconf 86' lang='lat' dir='ltr'><strong>scriptum</strong></span> <span class='ocrx_word' id='word_1_68' title='bbox 1364 958 1370 967; x_wconf 90' lang='lat'><strong>·</strong></span> 
     </span>
     <span class='ocr_line' id='line_1_8' title="bbox 66 1029 1293 1121; baseline 0.002 -19"><span class='ocrx_word' id='word_1_69' title='bbox 66 1049 121 1103; x_wconf 86' lang='lat' dir='ltr'><strong>est:</strong></span> <span class='ocrx_word' id='word_1_70' title='bbox 161 1039 291 1104; x_wconf 80' lang='lat' dir='ltr'><strong>Verbum</strong></span> <span class='ocrx_word' id='word_1_71' title='bbox 319 1039 377 1103; x_wconf 83' lang='lat' dir='ltr'><strong>Ilei</strong></span> <span class='ocrx_word' id='word_1_72' title='bbox 400 1043 434 1101; x_wconf 85' lang='lat' dir='ltr'><strong>ia</strong></span> <span class='ocrx_word' id='word_1_73' title='bbox 462 1039 616 1102; x_wconf 79' lang='lat' dir='ltr'><strong>saeuitiam</strong></span> <span class='ocrx_word' id='word_1_74' title='bbox 635 1053 808 1120; x_wconf 80' lang='lat' dir='ltr'><strong>permanet,</strong></span> <span class='ocrx_word' id='word_1_75' title='bbox 838 1029 1060 1114; x_wconf 78' lang='lat' dir='ltr'><strong>permutatur,</strong></span> <span class='ocrx_word' id='word_1_76' title='bbox 1088 1059 1145 1103; x_wconf 87' lang='lat' dir='ltr'><strong>aec</strong></span> <span class='ocrx_word' id='word_1_77' title='bbox 1164 1041 1293 1121; x_wconf 88' lang='lat' dir='ltr'><strong>primum</strong></span> 
     </span>
     <span class='ocr_line' id='line_1_9' title="bbox 66 1140 1404 1221; baseline 0.004 -20"><span class='ocrx_word' id='word_1_78' title='bbox 66 1149 112 1202; x_wconf 89' lang='lat' dir='ltr'><strong>aut</strong></span> <span class='ocrx_word' id='word_1_79' title='bbox 133 1141 304 1203; x_wconf 83' lang='lat' dir='ltr'><strong>semandum</strong></span> <span class='ocrx_word' id='word_1_80' title='bbox 327 1147 383 1215; x_wconf 89' lang='lat' dir='ltr'><strong>est,</strong></span> <span class='ocrx_word' id='word_1_81' title='bbox 406 1140 460 1202; x_wconf 87' lang='lat' dir='ltr'><strong>sed</strong></span> <span class='ocrx_word' id='word_1_82' title='bbox 483 1140 562 1201; x_wconf 88' lang='lat' dir='ltr'><strong>idem</strong></span> <span class='ocrx_word' id='word_1_83' title='bbox 584 1158 703 1220; x_wconf 78' lang='lat' dir='ltr'>semper</span> <span class='ocrx_word' id='word_1_84' title='bbox 719 1141 827 1203; x_wconf 82' lang='lat' dir='ltr'><strong>existit.</strong></span> <span class='ocrx_word' id='word_1_85' title='bbox 871 1141 983 1221; x_wconf 82' lang='lat' dir='ltr'><strong>Nempe</strong></span> <span class='ocrx_word' id='word_1_86' title='bbox 997 1141 1192 1204; x_wconf 83' lang='lat' dir='ltr'><strong>conveniebat</strong></span> <span class='ocrx_word' id='word_1_87' title='bbox 1206 1143 1293 1206; x_wconf 84' lang='lat' dir='ltr'><strong>unlus</strong></span> <span class='ocrx_word' id='word_1_88' title='bbox 1400 1175 1404 1178; x_wconf 93' lang='lat'>·</span> 
     </span>
     <span class='ocr_line' id='line_1_10' title="bbox 64 1240 1108 1327; baseline 0.001 -25"><span class='ocrx_word' id='word_1_89' title='bbox 64 1240 113 1304; x_wconf 86' lang='lat' dir='ltr'><strong>llei</strong></span> <span class='ocrx_word' id='word_1_90' title='bbox 136 1259 232 1304; x_wconf 89' lang='lat' dir='ltr'><strong>unam</strong></span> <span class='ocrx_word' id='word_1_91' title='bbox 255 1260 324 1304; x_wconf 89' lang='lat' dir='ltr'><strong>esse</strong></span> <span class='ocrx_word' id='word_1_92' title='bbox 346 1241 514 1320; x_wconf 78' lang='lat' dir='ltr'><strong>imaginem,</strong></span> <span class='ocrx_word' id='word_1_93' title='bbox 537 1259 628 1303; x_wconf 90' lang='lat' dir='ltr'><strong>unum</strong></span> <span class='ocrx_word' id='word_1_94' title='bbox 650 1241 788 1315; x_wconf 90' lang='lat' dir='ltr'><strong>Verbum,</strong></span> <span class='ocrx_word' id='word_1_95' title='bbox 812 1261 899 1305; x_wconf 91' lang='lat' dir='ltr'><strong>unam</strong></span> <span class='ocrx_word' id='word_1_96' title='bbox 922 1243 1108 1327; x_wconf 76' lang='lat' dir='ltr'><strong>sapientiam.</strong></span> 
     </span>
    </p>
   </div>
   <div class='ocr_carea' id='block_1_3' title="bbox 62 1543 1404 2236">
    <p class='ocr_par' dir='ltr' id='par_1_3' title="bbox 62 1543 1404 2236">
     <span class='ocr_line' id='line_1_11' title="bbox 148 1543 1293 1624; baseline 0 -14"><span class='ocrx_word' id='word_1_97' title='bbox 148 1547 204 1610; x_wconf 81' lang='lat'><strong>37.</strong></span> <span class='ocrx_word' id='word_1_98' title='bbox 250 1543 394 1617; x_wconf 79' lang='lat' dir='ltr'><strong>Quocirca</strong></span> <span class='ocrx_word' id='word_1_99' title='bbox 424 1562 485 1605; x_wconf 89' lang='lat' dir='ltr'><strong>nan</strong></span> <span class='ocrx_word' id='word_1_100' title='bbox 507 1561 633 1624; x_wconf 89' lang='lat' dir='ltr'><strong>passum</strong></span> <span class='ocrx_word' id='word_1_101' title='bbox 654 1561 715 1604; x_wconf 89' lang='lat' dir='ltr'><strong>nun</strong></span> <span class='ocrx_word' id='word_1_102' title='bbox 737 1543 854 1617; x_wconf 88' lang='lat' dir='ltr'><strong>mirari,</strong></span> <span class='ocrx_word' id='word_1_103' title='bbox 877 1543 1042 1623; x_wconf 88' lang='lat' dir='ltr'><strong>quomado,</strong></span> <span class='ocrx_word' id='word_1_104' title='bbox 1065 1563 1131 1607; x_wconf 87' lang='lat' dir='ltr'><strong>eum</strong></span> <span class='ocrx_word' id='word_1_105' title='bbox 1153 1564 1230 1608; x_wconf 89' lang='lat' dir='ltr'><strong>unus</strong></span> <span class='ocrx_word' id='word_1_106' title='bbox 1252 1548 1293 1611; x_wconf 88' lang='lat' dir='ltr'><strong>sit</strong></span> 
     </span>
     <span class='ocr_line' id='line_1_12' title="bbox 63 1643 1292 1724; baseline 0.004 -17"><span class='ocrx_word' id='word_1_107' title='bbox 63 1645 159 1719; x_wconf 83' lang='lat' dir='ltr'><strong>bens,</strong></span> <span class='ocrx_word' id='word_1_108' title='bbox 194 1644 238 1707; x_wconf 87' lang='lat' dir='ltr'><strong>illi</strong></span> <span class='ocrx_word' id='word_1_109' title='bbox 266 1663 322 1724; x_wconf 91' lang='lat' dir='ltr'><strong>pra</strong></span> <span class='ocrx_word' id='word_1_110' title='bbox 353 1650 416 1706; x_wconf 88' lang='lat' dir='ltr'><strong>suis</strong></span> <span class='ocrx_word' id='word_1_111' title='bbox 445 1646 622 1708; x_wconf 89' lang='lat' dir='ltr'><strong>commentis</strong></span> <span class='ocrx_word' id='word_1_112' title='bbox 650 1645 756 1707; x_wconf 90' lang='lat' dir='ltr'><strong>multas</strong></span> <span class='ocrx_word' id='word_1_113' title='bbox 785 1643 943 1723; x_wconf 81' lang='lat' dir='ltr'><strong>imagines,</strong></span> <span class='ocrx_word' id='word_1_114' title='bbox 971 1645 1131 1724; x_wconf 89' lang='lat' dir='ltr'><strong>sapientias</strong></span> <span class='ocrx_word' id='word_1_115' title='bbox 1152 1655 1183 1710; x_wconf 92' lang='lat' dir='ltr'><strong>et</strong></span> <span class='ocrx_word' id='word_1_116' title='bbox 1203 1648 1292 1712; x_wconf 86' lang='lat' dir='ltr'><strong>rerba</strong></span> 
     </span>
     <span class='ocr_line' id='line_1_13' title="bbox 63 1745 1292 1826; baseline 0.002 -16"><span class='ocrx_word' id='word_1_117' title='bbox 63 1747 216 1819; x_wconf 80' lang='lat' dir='ltr'><strong>inducant,</strong></span> <span class='ocrx_word' id='word_1_118' title='bbox 237 1745 376 1826; x_wconf 83' lang='lat' dir='ltr'><strong>aliudque</strong></span> <span class='ocrx_word' id='word_1_119' title='bbox 398 1747 490 1809; x_wconf 79' lang='lat' dir='ltr'><strong>velint</strong></span> <span class='ocrx_word' id='word_1_120' title='bbox 511 1766 578 1809; x_wconf 90' lang='lat' dir='ltr'><strong>esse</strong></span> <span class='ocrx_word' id='word_1_121' title='bbox 600 1746 754 1826; x_wconf 88' lang='lat' dir='ltr'><strong>proprium</strong></span> <span class='ocrx_word' id='word_1_122' title='bbox 778 1765 812 1808; x_wconf 89' lang='lat' dir='ltr'><strong>ac</strong></span> <span class='ocrx_word' id='word_1_123' title='bbox 833 1746 967 1808; x_wconf 88' lang='lat' dir='ltr'><strong>naturale</strong></span> <span class='ocrx_word' id='word_1_124' title='bbox 986 1747 1082 1809; x_wconf 87' lang='lat' dir='ltr'><strong>Patris</strong></span> <span class='ocrx_word' id='word_1_125' title='bbox 1099 1746 1238 1823; x_wconf 80' lang='lat' dir='ltr'><strong>Verbum,</strong></span> <span class='ocrx_word' id='word_1_126' title='bbox 1261 1749 1292 1813; x_wconf 87' lang='lat' dir='ltr'><strong>iu</strong></span> 
     </span>
     <span class='ocr_line' id='line_1_14' title="bbox 63 1847 1293 1930; baseline 0.002 -20"><span class='ocrx_word' id='word_1_127' title='bbox 63 1869 118 1930; x_wconf 89' lang='lat' dir='ltr'><strong>qua</strong></span> <span class='ocrx_word' id='word_1_128' title='bbox 135 1847 289 1910; x_wconf 75' lang='lat' dir='ltr'><strong>etlilium</strong></span> <span class='ocrx_word' id='word_1_129' title='bbox 303 1847 416 1920; x_wconf 90' lang='lat' dir='ltr'><strong>lecerit,</strong></span> <span class='ocrx_word' id='word_1_130' title='bbox 432 1867 520 1927; x_wconf 90' lang='lat' dir='ltr'><strong>quem</strong></span> <span class='ocrx_word' id='word_1_131' title='bbox 533 1847 638 1909; x_wconf 83' lang='lat' dir='ltr'><strong>Filium</strong></span> <span class='ocrx_word' id='word_1_132' title='bbox 653 1866 756 1910; x_wconf 85' lang='lat' dir='ltr'><strong>verum</strong></span> <span class='ocrx_word' id='word_1_133' title='bbox 772 1847 836 1908; x_wconf 89' lang='lat' dir='ltr'><strong>sala</strong></span> <span class='ocrx_word' id='word_1_134' title='bbox 852 1847 1030 1927; x_wconf 85' lang='lat' dir='ltr'><strong>cogitatione</strong></span> <span class='ocrx_word' id='word_1_135' title='bbox 1043 1848 1172 1911; x_wconf 84' lang='lat' dir='ltr'><strong>Verbum</strong></span> <span class='ocrx_word' id='word_1_136' title='bbox 1186 1858 1293 1929; x_wconf 88' lang='lat' dir='ltr'><strong>putent</strong></span> 
     </span>
     <span class='ocr_line' id='line_1_15' title="bbox 63 1947 1376 2031; baseline 0.001 -19"><span class='ocrx_word' id='word_1_137' title='bbox 63 1948 222 2031; x_wconf 86' lang='lat' dir='ltr'><strong>appellari,</strong></span> <span class='ocrx_word' id='word_1_138' title='bbox 252 1957 285 2009; x_wconf 92' lang='lat' dir='ltr'><strong>ut</strong></span> <span class='ocrx_word' id='word_1_139' title='bbox 306 1947 413 2022; x_wconf 86' lang='lat' dir='ltr'><strong>vitem,</strong></span> <span class='ocrx_word' id='word_1_140' title='bbox 443 1949 534 2020; x_wconf 85' lang='lat' dir='ltr'><strong>viam,</strong></span> <span class='ocrx_word' id='word_1_141' title='bbox 565 1951 680 2010; x_wconf 89' lang='lat' dir='ltr'><strong>ianuam</strong></span> <span class='ocrx_word' id='word_1_142' title='bbox 704 1958 734 2009; x_wconf 92' lang='lat' dir='ltr'><strong>et</strong></span> <span class='ocrx_word' id='word_1_143' title='bbox 755 1948 866 2028; x_wconf 86' lang='lat' dir='ltr'><strong>lignum</strong></span> <span class='ocrx_word' id='word_1_144' title='bbox 888 1949 973 2010; x_wconf 88' lang='lat' dir='ltr'><strong>vitae.</strong></span> <span class='ocrx_word' id='word_1_145' title='bbox 1018 1949 1198 2030; x_wconf 79' lang='lat' dir='ltr'><strong>Sapientiam</strong></span> <span class='ocrx_word' id='word_1_146' title='bbox 1220 1952 1376 2015; x_wconf 75' lang='lat' dir='ltr'><strong>iteranaa</strong></span> 
     </span>
     <span class='ocr_line' id='line_1_16' title="bbox 62 2050 1404 2138; baseline 0.004 -26"><span class='ocrx_word' id='word_1_147' title='bbox 62 2051 185 2113; x_wconf 78' lang='lat' dir='ltr'><strong>numism</strong></span> <span class='ocrx_word' id='word_1_148' title='bbox 207 2057 296 2111; x_wconf 88' lang='lat' dir='ltr'><strong>tenus</strong></span> <span class='ocrx_word' id='word_1_149' title='bbox 318 2068 385 2110; x_wconf 88' lang='lat' dir='ltr'><strong>eum</strong></span> <span class='ocrx_word' id='word_1_150' title='bbox 407 2050 464 2112; x_wconf 89' lang='lat' dir='ltr'><strong>dici</strong></span> <span class='ocrx_word' id='word_1_151' title='bbox 486 2051 611 2123; x_wconf 87' lang='lat' dir='ltr'><strong>decent,</strong></span> <span class='ocrx_word' id='word_1_152' title='bbox 642 2050 787 2130; x_wconf 86' lang='lat' dir='ltr'><strong>aliamque</strong></span> <span class='ocrx_word' id='word_1_153' title='bbox 815 2051 965 2130; x_wconf 86' lang='lat' dir='ltr'><strong>propriam</strong></span> <span class='ocrx_word' id='word_1_154' title='bbox 994 2069 1028 2114; x_wconf 88' lang='lat' dir='ltr'><strong>ac</strong></span> <span class='ocrx_word' id='word_1_155' title='bbox 1049 2070 1146 2113; x_wconf 84' lang='lat' dir='ltr'><strong>reram</strong></span> <span class='ocrx_word' id='word_1_156' title='bbox 1169 2055 1290 2134; x_wconf 86' lang='lat' dir='ltr'><strong>sapien·</strong></span> <span class='ocrx_word' id='word_1_157' title='bbox 1395 2126 1404 2138; x_wconf 40' lang='grc' dir='ltr'><strong><em>Ι</em></strong></span> 
     </span>
     <span class='ocr_line' id='line_1_17' title="bbox 63 2151 1392 2236; baseline 0.001 -21"><span class='ocrx_word' id='word_1_158' title='bbox 63 2153 131 2215; x_wconf 75' lang='lat' dir='ltr'><strong>bam</strong></span> <span class='ocrx_word' id='word_1_159' title='bbox 154 2151 253 2213; x_wconf 84' lang='lat' dir='ltr'><strong>Patris</strong></span> <span class='ocrx_word' id='word_1_160' title='bbox 276 2168 356 2222; x_wconf 86' lang='lat' dir='ltr'><strong>esse,</strong></span> <span class='ocrx_word' id='word_1_161' title='bbox 380 2170 437 2212; x_wconf 91' lang='lat' dir='ltr'><strong>nna</strong></span> <span class='ocrx_word' id='word_1_162' title='bbox 459 2171 525 2213; x_wconf 89' lang='lat' dir='ltr'><strong>cum</strong></span> <span class='ocrx_word' id='word_1_163' title='bbox 548 2152 616 2231; x_wconf 91' lang='lat' dir='ltr'><strong>ipso</strong></span> <span class='ocrx_word' id='word_1_164' title='bbox 639 2152 816 2215; x_wconf 79' lang='lat' dir='ltr'><strong>existentem</strong></span> <span class='ocrx_word' id='word_1_165' title='bbox 838 2170 894 2213; x_wconf 90' lang='lat' dir='ltr'><strong>nee</strong></span> <span class='ocrx_word' id='word_1_166' title='bbox 916 2162 1014 2213; x_wconf 72' lang='lat' dir='ltr'><strong>umen</strong></span> <span class='ocrx_word' id='word_1_167' title='bbox 1027 2154 1164 2232; x_wconf 87' lang='lat' dir='ltr'><strong>genitam,</strong></span> <span class='ocrx_word' id='word_1_168' title='bbox 1188 2155 1292 2236; x_wconf 86' lang='lat' dir='ltr'><strong>inque</strong></span> <span class='ocrx_word' id='word_1_169' title='bbox 1336 2201 1342 2213; x_wconf 69' lang='grc'>,</span> <span class='ocrx_word' id='word_1_170' title='bbox 1390 2166 1392 2171; x_wconf 82' lang='grc'>’</span> 
     </span>
    </p>
   </div>
   <div class='ocr_carea' id='block_1_4' title="bbox 59 2251 1470 2538">
    <p class='ocr_par' dir='ltr' id='par_1_4' title="bbox 59 2251 1470 2538">
     <span class='ocr_line' id='line_1_18' title="bbox 60 2251 1292 2336; baseline 0.004 -20"><span class='ocrx_word' id='word_1_171' title='bbox 60 2255 170 2317; x_wconf 87' lang='lat' dir='ltr'><strong>lactum</strong></span> <span class='ocrx_word' id='word_1_172' title='bbox 194 2262 226 2314; x_wconf 90' lang='lat' dir='ltr'><strong>et</strong></span> <span class='ocrx_word' id='word_1_173' title='bbox 246 2251 345 2332; x_wconf 89' lang='lat' dir='ltr'><strong>ipsum</strong></span> <span class='ocrx_word' id='word_1_174' title='bbox 367 2252 473 2314; x_wconf 82' lang='lat' dir='ltr'><strong>Villam</strong></span> <span class='ocrx_word' id='word_1_175' title='bbox 495 2252 669 2333; x_wconf 82' lang='lat' dir='ltr'><strong>sapientiam</strong></span> <span class='ocrx_word' id='word_1_176' title='bbox 692 2268 811 2332; x_wconf 89' lang='lat' dir='ltr'><strong>quoque</strong></span> <span class='ocrx_word' id='word_1_177' title='bbox 829 2253 992 2333; x_wconf 90' lang='lat' dir='ltr'><strong>appellarit,</strong></span> <span class='ocrx_word' id='word_1_178' title='bbox 1016 2264 1049 2315; x_wconf 93' lang='lat' dir='ltr'><strong>ut</strong></span> <span class='ocrx_word' id='word_1_179' title='bbox 1063 2255 1113 2333; x_wconf 88' lang='lat' dir='ltr'><strong>qui</strong></span> <span class='ocrx_word' id='word_1_180' title='bbox 1129 2254 1292 2336; x_wconf 79' lang='lat' dir='ltr'><strong>sapientiae</strong></span> 
     </span>
     <span class='ocr_line' id='line_1_19' title="bbox 60 2354 1290 2435; baseline 0.002 -17"><span class='ocrx_word' id='word_1_181' title='bbox 60 2356 139 2418; x_wconf 90' lang='lat' dir='ltr'><strong>illius</strong></span> <span class='ocrx_word' id='word_1_182' title='bbox 163 2354 427 2434; x_wconf 59' lang='lat' dir='ltr'><strong>essetparticeps.</strong></span> <span class='ocrx_word' id='word_1_183' title='bbox 471 2355 550 2417; x_wconf 85' lang='lat' dir='ltr'><strong>llaec</strong></span> <span class='ocrx_word' id='word_1_184' title='bbox 571 2373 663 2434; x_wconf 87' lang='lat' dir='ltr'><strong>porra</strong></span> <span class='ocrx_word' id='word_1_185' title='bbox 684 2373 746 2416; x_wconf 89' lang='lat' dir='ltr'><strong>nen</strong></span> <span class='ocrx_word' id='word_1_186' title='bbox 768 2355 865 2427; x_wconf 89' lang='lat' dir='ltr'><strong>sulum</strong></span> <span class='ocrx_word' id='word_1_187' title='bbox 889 2374 960 2417; x_wconf 87' lang='lat' dir='ltr'><strong>vace</strong></span> <span class='ocrx_word' id='word_1_188' title='bbox 982 2357 1116 2435; x_wconf 83' lang='lat' dir='ltr'><strong>preferre</strong></span> <span class='ocrx_word' id='word_1_189' title='bbox 1131 2359 1196 2420; x_wconf 90' lang='lat' dir='ltr'><strong>ausi</strong></span> <span class='ocrx_word' id='word_1_190' title='bbox 1211 2366 1290 2434; x_wconf 75' lang='lat' dir='ltr'><strong>sunt,</strong></span> 
     </span>
     <span class='ocr_line' id='line_1_20' title="bbox 59 2450 1470 2538; baseline 0.001 -18"><span class='ocrx_word' id='word_1_191' title='bbox 59 2457 113 2520; x_wconf 89' lang='lat' dir='ltr'><strong>aed</strong></span> <span class='ocrx_word' id='word_1_192' title='bbox 144 2465 175 2518; x_wconf 93' lang='lat' dir='ltr'><strong>et</strong></span> <span class='ocrx_word' id='word_1_193' title='bbox 205 2455 293 2517; x_wconf 77' lang='lat' dir='ltr'><strong>Arius</strong></span> <span class='ocrx_word' id='word_1_194' title='bbox 321 2457 351 2529; x_wconf 86' lang='lat' dir='ltr'><strong>in</strong></span> <span class='ocrx_word' id='word_1_195' title='bbox 381 2475 434 2518; x_wconf 91' lang='lat' dir='ltr'><strong>sua</strong></span> <span class='ocrx_word' id='word_1_196' title='bbox 468 2456 560 2517; x_wconf 89' lang='lat' dir='ltr'><strong>edidit</strong></span> <span class='ocrx_word' id='word_1_197' title='bbox 591 2455 710 2531; x_wconf 84' lang='lat' dir='ltr'><strong>Thalia,</strong></span> <span class='ocrx_word' id='word_1_198' title='bbox 744 2465 775 2518; x_wconf 87' lang='lat' dir='ltr'><strong>et</strong></span> <span class='ocrx_word' id='word_1_199' title='bbox 803 2457 942 2538; x_wconf 80' lang='lat' dir='ltr'><strong>Sophiste</strong></span> <span class='ocrx_word' id='word_1_200' title='bbox 964 2458 1116 2530; x_wconf 77' lang='lat' dir='ltr'><strong>Asterius,</strong></span> <span class='ocrx_word' id='word_1_201' title='bbox 1148 2458 1291 2538; x_wconf 84' lang='lat' dir='ltr'><strong>utetiam</strong></span> <span class='ocrx_word' id='word_1_202' title='bbox 1337 2472 1371 2509; x_wconf 77' lang='lat'><strong>&#39;“·</strong></span> <span class='ocrx_word' id='word_1_203' title='bbox 1457 2450 1470 2463; x_wconf 66' lang='grc'><strong><em>”</em></strong></span> 
     </span>
    </p>
   </div>
   <div class='ocr_carea' id='block_1_5' title="bbox 55 2552 1292 3349">
    <p class='ocr_par' dir='ltr' id='par_1_5' title="bbox 55 2552 1292 3349">
     <span class='ocr_line' id='line_1_21' title="bbox 59 2552 1291 2638; baseline 0 -18"><span class='ocrx_word' id='word_1_204' title='bbox 59 2564 177 2638; x_wconf 80' lang='lat' dir='ltr'><strong>*supra</strong></span> <span class='ocrx_word' id='word_1_205' title='bbox 199 2557 361 2631; x_wconf 81' lang='lat' dir='ltr'><strong>attulimus,</strong></span> <span class='ocrx_word' id='word_1_206' title='bbox 384 2558 416 2618; x_wconf 88' lang='lat' dir='ltr'><strong>in</strong></span> <span class='ocrx_word' id='word_1_207' title='bbox 437 2557 516 2618; x_wconf 89' lang='lat' dir='ltr'><strong>hunc</strong></span> <span class='ocrx_word' id='word_1_208' title='bbox 539 2552 660 2637; x_wconf 85' lang='lat' dir='ltr'><strong>scripsit</strong></span> <span class='ocrx_word' id='word_1_209' title='bbox 682 2558 818 2619; x_wconf 87' lang='lat' dir='ltr'><strong>madum:</strong></span> <span class='ocrx_word' id='word_1_210' title='bbox 843 2559 935 2631; x_wconf 85' lang='lat' dir='ltr'><strong>„Nan</strong></span> <span class='ocrx_word' id='word_1_211' title='bbox 959 2557 1031 2619; x_wconf 86' lang='lat' dir='ltr'><strong>dixit</strong></span> <span class='ocrx_word' id='word_1_212' title='bbox 1052 2557 1155 2619; x_wconf 90' lang='lat' dir='ltr'><strong>beatus</strong></span> <span class='ocrx_word' id='word_1_213' title='bbox 1170 2559 1291 2634; x_wconf 88' lang='lat' dir='ltr'><strong>Paulus,</strong></span> 
     </span>
     <span class='ocr_line' id='line_1_22' title="bbox 56 2654 1291 2738; baseline 0.001 -17"><span class='ocrx_word' id='word_1_214' title='bbox 56 2678 120 2734; x_wconf 91' lang='lat' dir='ltr'><strong>„se</strong></span> <span class='ocrx_word' id='word_1_215' title='bbox 143 2658 296 2720; x_wconf 85' lang='lat' dir='ltr'><strong>Christum</strong></span> <span class='ocrx_word' id='word_1_216' title='bbox 318 2659 412 2738; x_wconf 89' lang='lat' dir='ltr'><strong>ipsam</strong></span> <span class='ocrx_word' id='word_1_217' title='bbox 436 2654 487 2720; x_wconf 84' lang='lat' dir='ltr'><strong>llei</strong></span> <span class='ocrx_word' id='word_1_218' title='bbox 511 2659 648 2720; x_wconf 81' lang='lat' dir='ltr'><strong>virtutem</strong></span> <span class='ocrx_word' id='word_1_219' title='bbox 672 2661 716 2720; x_wconf 88' lang='lat' dir='ltr'><strong>vel</strong></span> <span class='ocrx_word' id='word_1_220' title='bbox 735 2659 829 2738; x_wconf 84' lang='lat' dir='ltr'><strong>ipsam</strong></span> <span class='ocrx_word' id='word_1_221' title='bbox 845 2659 898 2720; x_wconf 84' lang='lat' dir='ltr'><strong>llei</strong></span> <span class='ocrx_word' id='word_1_222' title='bbox 919 2660 1094 2737; x_wconf 90' lang='lat' dir='ltr'><strong>sapientiam</strong></span> <span class='ocrx_word' id='word_1_223' title='bbox 1108 2659 1291 2738; x_wconf 87' lang='lat' dir='ltr'><strong>praedicare,</strong></span> 
     </span>
     <span class='ocr_line' id='line_1_23' title="bbox 57 2758 1291 2840; baseline 0.002 -18"><span class='ocrx_word' id='word_1_224' title='bbox 57 2760 144 2835; x_wconf 92' lang='lat' dir='ltr'><strong>„sed</strong></span> <span class='ocrx_word' id='word_1_225' title='bbox 166 2760 233 2821; x_wconf 89' lang='lat' dir='ltr'><strong>sine</strong></span> <span class='ocrx_word' id='word_1_226' title='bbox 255 2761 432 2839; x_wconf 90' lang='lat' dir='ltr'><strong>prenomine</strong></span> <span class='ocrx_word' id='word_1_227' title='bbox 453 2761 590 2822; x_wconf 84' lang='lat' dir='ltr'><strong>uirtutem</strong></span> <span class='ocrx_word' id='word_1_228' title='bbox 613 2761 665 2822; x_wconf 84' lang='lat' dir='ltr'><strong>llei</strong></span> <span class='ocrx_word' id='word_1_229' title='bbox 688 2770 717 2821; x_wconf 87' lang='lat' dir='ltr'><strong>et</strong></span> <span class='ocrx_word' id='word_1_230' title='bbox 739 2761 791 2822; x_wconf 84' lang='lat' dir='ltr'><strong>llei</strong></span> <span class='ocrx_word' id='word_1_231' title='bbox 819 2759 1010 2840; x_wconf 86' lang='lat' dir='ltr'><strong>sapientiam,</strong></span> <span class='ocrx_word' id='word_1_232' title='bbox 1039 2758 1184 2839; x_wconf 84' lang='lat' dir='ltr'><strong>aliamque</strong></span> <span class='ocrx_word' id='word_1_233' title='bbox 1212 2761 1291 2825; x_wconf 85' lang='lat' dir='ltr'><strong>idem</strong></span> 
     </span>
     <span class='ocr_line' id='line_1_24' title="bbox 56 2861 1292 2942; baseline 0.001 -19"><span class='ocrx_word' id='word_1_234' title='bbox 56 2862 221 2934; x_wconf 86' lang='lat' dir='ltr'><strong>„ostendit</strong></span> <span class='ocrx_word' id='word_1_235' title='bbox 253 2880 323 2923; x_wconf 89' lang='lat' dir='ltr'><strong>esse</strong></span> <span class='ocrx_word' id='word_1_236' title='bbox 353 2863 490 2923; x_wconf 85' lang='lat' dir='ltr'><strong>virtutem</strong></span> <span class='ocrx_word' id='word_1_237' title='bbox 505 2862 572 2923; x_wconf 83' lang='lat' dir='ltr'><strong>‚Dei</strong></span> <span class='ocrx_word' id='word_1_238' title='bbox 603 2862 754 2942; x_wconf 86' lang='lat' dir='ltr'><strong>propriam</strong></span> <span class='ocrx_word' id='word_1_239' title='bbox 783 2871 813 2924; x_wconf 92' lang='lat' dir='ltr'><strong>et</strong></span> <span class='ocrx_word' id='word_1_240' title='bbox 841 2861 1021 2934; x_wconf 73' lang='lat' dir='ltr'><strong>naturalem,</strong></span> <span class='ocrx_word' id='word_1_241' title='bbox 1055 2879 1129 2941; x_wconf 92' lang='lat' dir='ltr'><strong>quae</strong></span> <span class='ocrx_word' id='word_1_242' title='bbox 1161 2879 1222 2922; x_wconf 91' lang='lat' dir='ltr'><strong>nan</strong></span> <span class='ocrx_word' id='word_1_243' title='bbox 1251 2862 1292 2924; x_wconf 90' lang='lat' dir='ltr'><strong>sit</strong></span> 
     </span>
     <span class='ocr_line' id='line_1_25' title="bbox 56 2961 1289 3043; baseline -0.001 -18"><span class='ocrx_word' id='word_1_244' title='bbox 56 2963 203 3043; x_wconf 89' lang='lat' dir='ltr'><strong>„genita,</strong></span> <span class='ocrx_word' id='word_1_245' title='bbox 227 2963 281 3023; x_wconf 90' lang='lat' dir='ltr'><strong>sed</strong></span> <span class='ocrx_word' id='word_1_246' title='bbox 304 2967 362 3025; x_wconf 79' lang='lat' dir='ltr'><strong>ani</strong></span> <span class='ocrx_word' id='word_1_247' title='bbox 385 2981 450 3024; x_wconf 90' lang='lat' dir='ltr'><strong>aum</strong></span> <span class='ocrx_word' id='word_1_248' title='bbox 473 2962 523 3024; x_wconf 87' lang='lat' dir='ltr'><strong>illa</strong></span> <span class='ocrx_word' id='word_1_249' title='bbox 545 2965 668 3037; x_wconf 82' lang='lat' dir='ltr'><strong>existat,</strong></span> <span class='ocrx_word' id='word_1_250' title='bbox 697 2982 772 3042; x_wconf 91' lang='lat' dir='ltr'><strong>quae</strong></span> <span class='ocrx_word' id='word_1_251' title='bbox 794 2971 824 3023; x_wconf 91' lang='lat' dir='ltr'><strong>et</strong></span> <span class='ocrx_word' id='word_1_252' title='bbox 845 2962 970 3041; x_wconf 83' lang='lat' dir='ltr'><strong>genitrix</strong></span> <span class='ocrx_word' id='word_1_253' title='bbox 995 2962 1050 3035; x_wconf 88' lang='lat' dir='ltr'><strong>sit,</strong></span> <span class='ocrx_word' id='word_1_254' title='bbox 1072 2961 1184 3023; x_wconf 80' lang='lat' dir='ltr'><strong>Christi</strong></span> <span class='ocrx_word' id='word_1_255' title='bbox 1206 2962 1289 3024; x_wconf 87' lang='lat' dir='ltr'><strong>vide·</strong></span> 
     </span>
     <span class='ocr_line' id='line_1_26' title="bbox 55 3062 1291 3144; baseline -0.001 -17"><span class='ocrx_word' id='word_1_256' title='bbox 55 3066 159 3138; x_wconf 82' lang='lat' dir='ltr'><strong>„licet</strong></span> <span class='ocrx_word' id='word_1_257' title='bbox 181 3074 211 3125; x_wconf 90' lang='lat' dir='ltr'><strong>el</strong></span> <span class='ocrx_word' id='word_1_258' title='bbox 234 3065 325 3126; x_wconf 90' lang='lat' dir='ltr'><strong>totius</strong></span> <span class='ocrx_word' id='word_1_259' title='bbox 348 3065 450 3127; x_wconf 90' lang='lat' dir='ltr'><strong>mundi</strong></span> <span class='ocrx_word' id='word_1_260' title='bbox 472 3066 609 3138; x_wconf 80' lang='lat' dir='ltr'><strong>creatrix,</strong></span> <span class='ocrx_word' id='word_1_261' title='bbox 632 3065 669 3126; x_wconf 92' lang='lat' dir='ltr'><strong>de</strong></span> <span class='ocrx_word' id='word_1_262' title='bbox 691 3083 748 3144; x_wconf 87' lang='lat' dir='ltr'><strong>qua</strong></span> <span class='ocrx_word' id='word_1_263' title='bbox 771 3064 806 3125; x_wconf 93' lang='lat' dir='ltr'><strong>ad</strong></span> <span class='ocrx_word' id='word_1_264' title='bbox 825 3065 976 3125; x_wconf 80' lang='lat' dir='ltr'><strong>Romanas</strong></span> <span class='ocrx_word' id='word_1_265' title='bbox 999 3065 1039 3124; x_wconf 89' lang='lat' dir='ltr'><strong>ita</strong></span> <span class='ocrx_word' id='word_1_266' title='bbox 1061 3062 1179 3124; x_wconf 87' lang='lat' dir='ltr'><strong>scribit:</strong></span> <span class='ocrx_word' id='word_1_267' title='bbox 1203 3063 1291 3126; x_wconf 85' lang='lat' dir='ltr'><strong>laei-</strong></span> 
     </span>
     <span class='ocr_line' id='line_1_27' title="bbox 55 3165 1289 3248; baseline 0 -20"><span class='ocrx_word' id='word_1_268' title='bbox 55 3165 192 3240; x_wconf 83' lang='lat' dir='ltr'><strong>„sibilr&#39;a</strong></span> <span class='ocrx_word' id='word_1_269' title='bbox 220 3169 299 3248; x_wconf 68' lang='lat' dir='ltr'><strong>earm</strong></span> <span class='ocrx_word' id='word_1_270' title='bbox 326 3170 423 3246; x_wconf 79' lang='lat' dir='ltr'><strong>ipsias</strong></span> <span class='ocrx_word' id='word_1_271' title='bbox 450 3185 489 3228; x_wconf 80' lang='lat' dir='ltr'><strong>ea</strong></span> <span class='ocrx_word' id='word_1_272' title='bbox 516 3171 670 3229; x_wconf 82' lang='lat' dir='ltr'><strong>creatione</strong></span> <span class='ocrx_word' id='word_1_273' title='bbox 695 3167 803 3228; x_wconf 88' lang='lat' dir='ltr'><strong>maadi</strong></span> <span class='ocrx_word' id='word_1_274' title='bbox 825 3184 883 3246; x_wconf 82' lang='lat' dir='ltr'><strong>per</strong></span> <span class='ocrx_word' id='word_1_275' title='bbox 910 3184 962 3241; x_wconf 86' lang='lat' dir='ltr'><strong>ea,</strong></span> <span class='ocrx_word' id='word_1_276' title='bbox 997 3185 1073 3246; x_wconf 86' lang='lat' dir='ltr'><strong>quae</strong></span> <span class='ocrx_word' id='word_1_277' title='bbox 1099 3167 1289 3245; x_wconf 72' lang='lat' dir='ltr'><strong>factasunt,</strong></span> 
     </span>
     <span class='ocr_line' id='line_1_28' title="bbox 56 3266 1289 3349; baseline -0.002 -19"><span class='ocrx_word' id='word_1_278' title='bbox 56 3266 245 3341; x_wconf 81' lang='lat' dir='ltr'><strong>‚‚intellecta</strong></span> <span class='ocrx_word' id='word_1_279' title='bbox 267 3271 508 3347; x_wconf 80' lang='lat' dir='ltr'><strong>conspiciuntur,</strong></span> <span class='ocrx_word' id='word_1_280' title='bbox 533 3273 718 3349; x_wconf 85' lang='lat' dir='ltr'><strong>sempiterna</strong></span> <span class='ocrx_word' id='word_1_281' title='bbox 740 3285 854 3347; x_wconf 84' lang='lat' dir='ltr'><strong>quaque</strong></span> <span class='ocrx_word' id='word_1_282' title='bbox 878 3270 941 3328; x_wconf 81' lang='lat' dir='ltr'><strong>aias</strong></span> <span class='ocrx_word' id='word_1_283' title='bbox 963 3270 1065 3331; x_wconf 74' lang='lat' dir='ltr'><strong>virttis</strong></span> <span class='ocrx_word' id='word_1_284' title='bbox 1088 3277 1118 3328; x_wconf 88' lang='lat' dir='ltr'><strong>et</strong></span> <span class='ocrx_word' id='word_1_285' title='bbox 1136 3266 1289 3331; x_wconf 81' lang='lat' dir='ltr'><strong>dabmitaa.</strong></span> 
     </span>
    </p>
   </div>
   <div class='ocr_carea' id='block_1_6' title="bbox 55 3482 1393 3755">
    <p class='ocr_par' dir='ltr' id='par_1_6' title="bbox 55 3482 1393 3755">
     <span class='ocr_line' id='line_1_29' title="bbox 124 3482 1290 3551; baseline 0.001 -17"><span class='ocrx_word' id='word_1_286' title='bbox 124 3486 143 3519; x_wconf 79' lang='lat'><strong>*</strong></span> <span class='ocrx_word' id='word_1_287' title='bbox 165 3488 221 3536; x_wconf 84' lang='lat' dir='ltr'><strong>Vide</strong></span> <span class='ocrx_word' id='word_1_288' title='bbox 237 3503 260 3551; x_wconf 87' lang='lat' dir='ltr'><strong>p.</strong></span> <span class='ocrx_word' id='word_1_289' title='bbox 279 3486 337 3536; x_wconf 76' lang='grc'><strong>436.</strong></span> <span class='ocrx_word' id='word_1_290' title='bbox 357 3482 391 3551; x_wconf 83' lang='lat' dir='ltr'><strong>[p.</strong></span> <span class='ocrx_word' id='word_1_291' title='bbox 405 3484 462 3535; x_wconf 79' lang='lat'>211.</span> <span class='ocrx_word' id='word_1_292' title='bbox 482 3489 552 3536; x_wconf 78' lang='lat' dir='ltr'><strong>iratas</strong></span> <span class='ocrx_word' id='word_1_293' title='bbox 572 3486 620 3549; x_wconf 74' lang='lat' dir='ltr'><strong>ed]</strong></span> <span class='ocrx_word' id='word_1_294' title='bbox 639 3503 701 3536; x_wconf 88' lang='lat' dir='ltr'><strong>nam.</strong></span> <span class='ocrx_word' id='word_1_295' title='bbox 713 3485 754 3535; x_wconf 79' lang='lat'><strong>32.</strong></span> <span class='ocrx_word' id='word_1_296' title='bbox 772 3489 813 3537; x_wconf 86' lang='lat' dir='ltr'><strong>abi</strong></span> <span class='ocrx_word' id='word_1_297' title='bbox 828 3502 871 3550; x_wconf 89' lang='lat' dir='ltr'><strong>pra</strong></span> <span class='ocrx_word' id='word_1_298' title='bbox 891 3485 1051 3535; x_wconf 68' lang='lat' dir='ltr'><strong>disiunctione</strong></span> <span class='ocrx_word' id='word_1_299' title='bbox 1070 3487 1091 3535; x_wconf 86' lang='lat' dir='ltr'><strong>le</strong></span> <span class='ocrx_word' id='word_1_300' title='bbox 1107 3501 1119 3535; x_wconf 85' lang='lat' dir='ltr'><strong>e</strong></span> <span class='ocrx_word' id='word_1_301' title='bbox 1136 3485 1290 3535; x_wconf 79' lang='lat' dir='ltr'><strong>adiunctione</strong></span> 
     </span>
     <span class='ocr_line' id='line_1_30' title="bbox 55 3547 1290 3624; baseline -0.001 -19"><span class='ocrx_word' id='word_1_302' title='bbox 55 3558 165 3605; x_wconf 79' lang='lat' dir='ltr'><strong>ridelicet</strong></span> <span class='ocrx_word' id='word_1_303' title='bbox 184 3556 279 3604; x_wconf 84' lang='lat' dir='ltr'><strong>articuli</strong></span> <span class='ocrx_word' id='word_1_304' title='bbox 295 3547 355 3613; x_wconf 74' lang='lat' dir='ltr'><strong>triv,</strong></span> <span class='ocrx_word' id='word_1_305' title='bbox 376 3570 442 3619; x_wconf 82' lang='lat' dir='ltr'><strong>quem</strong></span> <span class='ocrx_word' id='word_1_306' title='bbox 460 3557 497 3605; x_wconf 86' lang='lat' dir='ltr'><strong>bic</strong></span> <span class='ocrx_word' id='word_1_307' title='bbox 513 3558 649 3624; x_wconf 80' lang='lat' dir='ltr'><strong>prenomine</strong></span> <span class='ocrx_word' id='word_1_308' title='bbox 667 3555 744 3618; x_wconf 83' lang='lat' dir='ltr'><strong>ipsam</strong></span> <span class='ocrx_word' id='word_1_309' title='bbox 764 3556 880 3604; x_wconf 80' lang='lat' dir='ltr'><strong>cammada</strong></span> <span class='ocrx_word' id='word_1_310' title='bbox 899 3557 1057 3618; x_wconf 70' lang='lat' dir='ltr'><strong>exprimimus.</strong></span> <span class='ocrx_word' id='word_1_311' title='bbox 1104 3554 1165 3603; x_wconf 86' lang='lat' dir='ltr'><strong>llaec</strong></span> <span class='ocrx_word' id='word_1_312' title='bbox 1183 3555 1290 3604; x_wconf 76' lang='lat' dir='ltr'><strong>enerua-</strong></span> 
     </span>
     <span class='ocr_line' id='line_1_31' title="bbox 57 3621 1393 3687; baseline -0.001 -16"><span class='ocrx_word' id='word_1_313' title='bbox 57 3627 89 3672; x_wconf 81' lang='lat' dir='ltr'><strong>tia</strong></span> <span class='ocrx_word' id='word_1_314' title='bbox 109 3642 124 3673; x_wconf 91' lang='lat' dir='ltr'><strong>a</strong></span> <span class='ocrx_word' id='word_1_315' title='bbox 144 3624 213 3673; x_wconf 83' lang='lat' dir='ltr'><strong>aubis</strong></span> <span class='ocrx_word' id='word_1_316' title='bbox 230 3625 256 3671; x_wconf 87' lang='lat' dir='ltr'><strong>ia</strong></span> <span class='ocrx_word' id='word_1_317' title='bbox 274 3630 361 3672; x_wconf 79' lang='lat' dir='ltr'><strong>testam</strong></span> <span class='ocrx_word' id='word_1_318' title='bbox 378 3629 469 3687; x_wconf 84' lang='lat' dir='ltr'><strong>recepta</strong></span> <span class='ocrx_word' id='word_1_319' title='bbox 486 3630 528 3672; x_wconf 86' lang='lat' dir='ltr'><strong>ert.</strong></span> <span class='ocrx_word' id='word_1_320' title='bbox 545 3625 617 3673; x_wconf 80' lang='lat' dir='ltr'><strong>Antea</strong></span> <span class='ocrx_word' id='word_1_321' title='bbox 627 3623 745 3686; x_wconf 80' lang='lat' dir='ltr'><strong>legebatur</strong></span> <span class='ocrx_word' id='word_1_322' title='bbox 756 3623 797 3671; x_wconf 88' lang='lat' dir='ltr'><strong>lia.</strong></span> <span class='ocrx_word' id='word_1_323' title='bbox 809 3621 832 3672; x_wconf 82' lang='lat'><strong>5.</strong></span> <span class='ocrx_word' id='word_1_324' title='bbox 848 3637 862 3670; x_wconf 92' lang='lat' dir='ltr'><strong>a</strong></span> <span class='ocrx_word' id='word_1_325' title='bbox 879 3623 940 3683; x_wconf 75' lang='lat' dir='ltr'><strong>fiae:</strong></span> <span class='ocrx_word' id='word_1_326' title='bbox 958 3623 1001 3672; x_wconf 90' lang='lat' dir='ltr'><strong>sed</strong></span> <span class='ocrx_word' id='word_1_327' title='bbox 1020 3622 1112 3685; x_wconf 84' lang='lat' dir='ltr'><strong>absque</strong></span> <span class='ocrx_word' id='word_1_328' title='bbox 1130 3621 1291 3671; x_wconf 86' lang='lat' dir='ltr'><strong>disiunctione</strong></span> <span class='ocrx_word' id='word_1_329' title='bbox 1387 3629 1393 3642; x_wconf 73' lang='grc'><em>“</em></span> 
     </span>
     <span class='ocr_line' id='line_1_32' title="bbox 56 3685 745 3755; baseline -0.006 -15"><span class='ocrx_word' id='word_1_330' title='bbox 56 3691 99 3740; x_wconf 81' lang='lat' dir='ltr'><strong>llrl</strong></span> <span class='ocrx_word' id='word_1_331' title='bbox 118 3693 232 3740; x_wconf 79' lang='lat' dir='ltr'><strong>virtatem</strong></span> <span class='ocrx_word' id='word_1_332' title='bbox 252 3685 307 3755; x_wconf 77' lang='lat' dir='ltr'><strong>etc]</strong></span> <span class='ocrx_word' id='word_1_333' title='bbox 741 3717 745 3724; x_wconf 91' lang='lat'>·</span> 
     </span>
    </p>
   </div>
   <div class='ocr_carea' id='block_1_7' title="bbox 54 3814 1291 4567">
    <p class='ocr_par' dir='ltr' id='par_1_7' title="bbox 54 3814 1289 3957">
     <span class='ocr_line' id='line_1_33' title="bbox 57 3814 1289 3888; baseline -0.002 -16"><span class='ocrx_word' id='word_1_334' title='bbox 57 3819 164 3873; x_wconf 72' lang='lat' dir='ltr'><strong>inarari.</strong></span> <span class='ocrx_word' id='word_1_335' title='bbox 199 3825 255 3885; x_wconf 82' lang='lat' dir='ltr'><strong>lleg.</strong></span> <span class='ocrx_word' id='word_1_336' title='bbox 274 3814 365 3872; x_wconf 76' lang='grc' dir='ltr'><strong><em>αὐτοῦ.</em></strong></span> <span class='ocrx_word' id='word_1_337' title='bbox 400 3823 462 3874; x_wconf 77' lang='lat' dir='ltr'><strong>Editi</strong></span> <span class='ocrx_word' id='word_1_338' title='bbox 481 3833 503 3872; x_wconf 88' lang='lat' dir='ltr'><strong>at</strong></span> <span class='ocrx_word' id='word_1_339' title='bbox 522 3824 562 3873; x_wconf 86' lang='lat' dir='ltr'><strong>alil</strong></span> <span class='ocrx_word' id='word_1_340' title='bbox 581 3815 648 3872; x_wconf 71' lang='lat' dir='ltr'><strong>itti</strong></span> <span class='ocrx_word' id='word_1_341' title='bbox 700 3824 789 3873; x_wconf 82' lang='lat' dir='ltr'><strong>liabent</strong></span> <span class='ocrx_word' id='word_1_342' title='bbox 807 3814 962 3888; x_wconf 74' lang='grc' dir='ltr'><strong>ἆγεννῆτως</strong></span> <span class='ocrx_word' id='word_1_343' title='bbox 979 3830 1003 3872; x_wconf 88' lang='lat' dir='ltr'><strong>et</strong></span> <span class='ocrx_word' id='word_1_344' title='bbox 1019 3816 1186 3887; x_wconf 75' lang='grc' dir='ltr'><strong><em>γεννητικήν.</em></strong></span> <span class='ocrx_word' id='word_1_345' title='bbox 1208 3830 1233 3872; x_wconf 90' lang='lat' dir='ltr'><strong>ut</strong></span> <span class='ocrx_word' id='word_1_346' title='bbox 1253 3822 1289 3870; x_wconf 90' lang='lat' dir='ltr'><strong>le-</strong></span> 
     </span>
     <span class='ocr_line' id='line_1_34' title="bbox 54 3884 1289 3957; baseline -0.001 -17"><span class='ocrx_word' id='word_1_347' title='bbox 54 3886 156 3956; x_wconf 78' lang='grc' dir='ltr'><strong><em>Ἀρειος</em></strong></span> <span class='ocrx_word' id='word_1_348' title='bbox 173 3884 205 3940; x_wconf 73' lang='grc' dir='ltr'><strong>ἒν</strong></span> <span class='ocrx_word' id='word_1_349' title='bbox 222 3890 254 3957; x_wconf 77' lang='grc' dir='ltr'><strong>τῇ</strong></span> <span class='ocrx_word' id='word_1_350' title='bbox 273 3884 364 3939; x_wconf 79' lang='grc' dir='ltr'><strong><em>αὐτοῦ.</em></strong></span> <span class='ocrx_word' id='word_1_351' title='bbox 699 3892 802 3953; x_wconf 84' lang='lat' dir='ltr'><strong>gendum</strong></span> <span class='ocrx_word' id='word_1_352' title='bbox 822 3906 875 3940; x_wconf 88' lang='lat' dir='ltr'><strong>esse</strong></span> <span class='ocrx_word' id='word_1_353' title='bbox 894 3891 994 3952; x_wconf 86' lang='lat' dir='ltr'><strong>videtur,</strong></span> <span class='ocrx_word' id='word_1_354' title='bbox 1013 3906 1066 3940; x_wconf 85' lang='lat' dir='ltr'><strong>eam</strong></span> <span class='ocrx_word' id='word_1_355' title='bbox 1086 3892 1144 3939; x_wconf 87' lang='lat' dir='ltr'><strong>baec</strong></span> <span class='ocrx_word' id='word_1_356' title='bbox 1158 3890 1230 3938; x_wconf 88' lang='lat' dir='ltr'><strong>dictio</strong></span> <span class='ocrx_word' id='word_1_357' title='bbox 1244 3904 1289 3953; x_wconf 89' lang='lat' dir='ltr'><strong>op-</strong></span> 
     </span>
    </p>

    <p class='ocr_par' dir='ltr' id='par_1_8' title="bbox 56 3949 1291 4567">
     <span class='ocr_line' id='line_1_35' title="bbox 89 3949 1290 4025; baseline -0.004 -16"><span class='ocrx_word' id='word_1_358' title='bbox 89 3976 113 4022; x_wconf 84' lang='lat' dir='ltr'><strong>g.</strong></span> <span class='ocrx_word' id='word_1_359' title='bbox 132 3963 234 4021; x_wconf 80' lang='lat' dir='ltr'><strong>Segner.</strong></span> <span class='ocrx_word' id='word_1_360' title='bbox 254 3959 353 4010; x_wconf 87' lang='lat' dir='ltr'><strong>Gabler.</strong></span> <span class='ocrx_word' id='word_1_361' title='bbox 365 3959 502 4008; x_wconf 84' lang='lat' dir='ltr'><strong>etFelcltm.</strong></span> <span class='ocrx_word' id='word_1_362' title='bbox 525 3959 544 4007; x_wconf 93' lang='lat' dir='ltr'><strong>l.</strong></span> <span class='ocrx_word' id='word_1_363' title='bbox 565 3949 580 4016; x_wconf 78' lang='grc' dir='ltr'><strong><em>ἢ</em></strong></span> <span class='ocrx_word' id='word_1_364' title='bbox 599 3953 649 4018; x_wconf 70' lang='grc' dir='ltr'><strong>τὴν</strong></span> <span class='ocrx_word' id='word_1_365' title='bbox 698 3968 803 4024; x_wconf 85' lang='lat' dir='ltr'><strong>ponatur</strong></span> <span class='ocrx_word' id='word_1_366' title='bbox 816 3960 926 4022; x_wconf 89' lang='lat' dir='ltr'><strong>sequenti</strong></span> <span class='ocrx_word' id='word_1_367' title='bbox 939 3959 1038 4008; x_wconf 80' lang='lat' dir='ltr'><strong>dictioni</strong></span> <span class='ocrx_word' id='word_1_368' title='bbox 1050 3950 1247 4025; x_wconf 71' lang='grc' dir='ltr'><strong>δημιουργικὴν</strong></span> <span class='ocrx_word' id='word_1_369' title='bbox 1255 3949 1290 4021; x_wconf 51' lang='grc' dir='ltr'><strong>,δὲ</strong></span> 
     </span>
     <span class='ocr_line' id='line_1_36' title="bbox 56 4013 1290 4092; baseline -0.002 -18"><span class='ocrx_word' id='word_1_370' title='bbox 56 4027 124 4076; x_wconf 74' lang='grc' dir='ltr'><strong>θεοῦ</strong></span> <span class='ocrx_word' id='word_1_371' title='bbox 148 4023 272 4092; x_wconf 81' lang='grc' dir='ltr'><strong><em>σοφίαν,</em></strong></span> <span class='ocrx_word' id='word_1_372' title='bbox 298 4017 379 4084; x_wconf 72' lang='grc' dir='ltr'><strong><em>ἄλλην</em></strong></span> <span class='ocrx_word' id='word_1_373' title='bbox 400 4020 453 4090; x_wconf 77' lang='grc' dir='ltr'><strong>μὲν</strong></span> <span class='ocrx_word' id='word_1_374' title='bbox 475 4013 553 4074; x_wconf 70' lang='lat' dir='ltr'><strong>eluar.</strong></span> <span class='ocrx_word' id='word_1_375' title='bbox 595 4026 648 4076; x_wconf 76' lang='lat' dir='ltr'><strong>llas</strong></span> <span class='ocrx_word' id='word_1_376' title='bbox 699 4024 748 4074; x_wconf 82' lang='grc' dir='ltr'><strong>τοῦ</strong></span> <span class='ocrx_word' id='word_1_377' title='bbox 766 4020 869 4079; x_wconf 78' lang='grc' dir='ltr'><strong><em>παντὸς</em></strong></span> <span class='ocrx_word' id='word_1_378' title='bbox 884 4018 991 4092; x_wconf 74' lang='grc' dir='ltr'>κόσμου</span> <span class='ocrx_word' id='word_1_379' title='bbox 1009 4034 1054 4077; x_wconf 88' lang='lat' dir='ltr'><strong>etc.</strong></span> <span class='ocrx_word' id='word_1_380' title='bbox 1083 4027 1192 4089; x_wconf 84' lang='lat' dir='ltr'><strong>Namque</strong></span> <span class='ocrx_word' id='word_1_381' title='bbox 1210 4024 1290 4073; x_wconf 77' lang='lat' dir='ltr'><strong>Ariani</strong></span> 
     </span>
     <span class='ocr_line' id='line_1_37' title="bbox 57 4080 1287 4159; baseline -0.007 -14"><span class='ocrx_word' id='word_1_382' title='bbox 57 4095 163 4145; x_wconf 75' lang='lat' dir='ltr'><strong>leleln.</strong></span> <span class='ocrx_word' id='word_1_383' title='bbox 181 4096 205 4145; x_wconf 78' lang='lat'><strong>5.</strong></span> <span class='ocrx_word' id='word_1_384' title='bbox 224 4086 300 4142; x_wconf 74' lang='grc' dir='ltr'><strong><em>ἰδίαν</em></strong></span> <span class='ocrx_word' id='word_1_385' title='bbox 316 4084 401 4142; x_wconf 76' lang='grc' dir='ltr'><strong><em>αἰτοῦ</em></strong></span> <span class='ocrx_word' id='word_1_386' title='bbox 425 4087 550 4159; x_wconf 74' lang='grc' dir='ltr'><strong>δύναμιν.</strong></span> <span class='ocrx_word' id='word_1_387' title='bbox 587 4094 647 4144; x_wconf 85' lang='lat' dir='ltr'><strong>lbid.</strong></span> <span class='ocrx_word' id='word_1_388' title='bbox 700 4095 786 4144; x_wconf 81' lang='lat' dir='ltr'><strong>Filium</strong></span> <span class='ocrx_word' id='word_1_389' title='bbox 803 4109 899 4159; x_wconf 86' lang='lat' dir='ltr'><strong>quaqua</strong></span> <span class='ocrx_word' id='word_1_390' title='bbox 912 4095 1010 4144; x_wconf 89' lang='lat' dir='ltr'><strong>aiebant</strong></span> <span class='ocrx_word' id='word_1_391' title='bbox 1022 4109 1076 4144; x_wconf 87' lang='lat' dir='ltr'><strong>asse</strong></span> <span class='ocrx_word' id='word_1_392' title='bbox 1087 4088 1219 4157; x_wconf 75' lang='grc' dir='ltr'><strong>γέννημα,</strong></span> <span class='ocrx_word' id='word_1_393' title='bbox 1234 4080 1287 4138; x_wconf 69' lang='grc' dir='ltr'><strong>ἀλλ’</strong></span> 
     </span>
     <span class='ocr_line' id='line_1_38' title="bbox 58 4153 1289 4227; baseline -0.002 -17"><span class='ocrx_word' id='word_1_394' title='bbox 58 4164 158 4225; x_wconf 58' lang='grc' dir='ltr'><strong>ἳοςιοῐ.</strong></span> <span class='ocrx_word' id='word_1_395' title='bbox 176 4163 233 4223; x_wconf 79' lang='lat' dir='ltr'><strong>lieg.</strong></span> <span class='ocrx_word' id='word_1_396' title='bbox 254 4161 328 4212; x_wconf 80' lang='lat' dir='ltr'><strong>llasil.</strong></span> <span class='ocrx_word' id='word_1_397' title='bbox 345 4162 435 4223; x_wconf 80' lang='lat' dir='ltr'><strong>Anglic</strong></span> <span class='ocrx_word' id='word_1_398' title='bbox 455 4163 559 4211; x_wconf 81' lang='lat' dir='ltr'><strong>Felelam.</strong></span> <span class='ocrx_word' id='word_1_399' title='bbox 578 4162 602 4211; x_wconf 83' lang='lat' dir='ltr'><strong>l.</strong></span> <span class='ocrx_word' id='word_1_400' title='bbox 625 4169 649 4211; x_wconf 91' lang='lat' dir='ltr'><strong>et</strong></span> <span class='ocrx_word' id='word_1_401' title='bbox 700 4153 749 4227; x_wconf 73' lang='grc' dir='ltr'><strong>οὔχ</strong></span> <span class='ocrx_word' id='word_1_402' title='bbox 768 4155 805 4214; x_wconf 77' lang='grc' dir='ltr'><strong>ὡς</strong></span> <span class='ocrx_word' id='word_1_403' title='bbox 822 4155 853 4212; x_wconf 79' lang='grc' dir='ltr'><strong>ἓν</strong></span> <span class='ocrx_word' id='word_1_404' title='bbox 868 4153 1054 4227; x_wconf 77' lang='grc' dir='ltr'><strong><em>γεννημάτων.</em></strong></span> <span class='ocrx_word' id='word_1_405' title='bbox 1080 4163 1135 4210; x_wconf 87' lang='lat' dir='ltr'><strong>Vide</strong></span> <span class='ocrx_word' id='word_1_406' title='bbox 1148 4174 1221 4223; x_wconf 90' lang='lat' dir='ltr'><strong>supra</strong></span> <span class='ocrx_word' id='word_1_407' title='bbox 1235 4172 1289 4222; x_wconf 78' lang='lat' dir='ltr'><strong>pag.</strong></span> 
     </span>
     <span class='ocr_line' id='line_1_39' title="bbox 58 4223 1290 4296; baseline -0.002 -16"><span class='ocrx_word' id='word_1_408' title='bbox 58 4230 80 4281; x_wconf 72' lang='lat' dir='ltr'><strong>b.</strong></span> <span class='ocrx_word' id='word_1_409' title='bbox 97 4223 301 4296; x_wconf 70' lang='lat' dir='ltr'><strong>sirre&#39;pquaav.</strong></span> <span class='ocrx_word' id='word_1_410' title='bbox 329 4229 374 4278; x_wconf 77' lang='lat' dir='ltr'><strong>Alii</strong></span> <span class='ocrx_word' id='word_1_411' title='bbox 398 4238 421 4278; x_wconf 90' lang='lat' dir='ltr'><strong>et</strong></span> <span class='ocrx_word' id='word_1_412' title='bbox 439 4230 511 4278; x_wconf 85' lang='lat' dir='ltr'><strong>editio</strong></span> <span class='ocrx_word' id='word_1_413' title='bbox 529 4229 647 4279; x_wconf 88' lang='lat' dir='ltr'><strong>Cammel.</strong></span> <span class='ocrx_word' id='word_1_414' title='bbox 699 4230 757 4279; x_wconf 85' lang='grc'><strong>486.</strong></span> <span class='ocrx_word' id='word_1_415' title='bbox 782 4225 823 4294; x_wconf 94' lang='lat' dir='ltr'><strong>[p.</strong></span> <span class='ocrx_word' id='word_1_416' title='bbox 845 4229 903 4279; x_wconf 78' lang='lat'><strong>³22.</strong></span> <span class='ocrx_word' id='word_1_417' title='bbox 932 4231 1003 4279; x_wconf 84' lang='lat' dir='ltr'><strong>buius</strong></span> <span class='ocrx_word' id='word_1_418' title='bbox 1030 4228 1081 4292; x_wconf 86' lang='lat' dir='ltr'><strong>ed]</strong></span> <span class='ocrx_word' id='word_1_419' title='bbox 1109 4242 1175 4276; x_wconf 85' lang='lat' dir='ltr'><strong>aum.</strong></span> <span class='ocrx_word' id='word_1_420' title='bbox 1203 4224 1241 4275; x_wconf 82' lang='lat'><strong>19.</strong></span> <span class='ocrx_word' id='word_1_421' title='bbox 1266 4234 1290 4277; x_wconf 86' lang='lat' dir='ltr'><strong>et</strong></span> 
     </span>
     <span class='ocr_line' id='line_1_40' title="bbox 59 4288 1242 4364; baseline -0.002 -20"><span class='ocrx_word' id='word_1_422' title='bbox 59 4292 107 4356; x_wconf 74' lang='grc' dir='ltr'><strong>τὴν</strong></span> <span class='ocrx_word' id='word_1_423' title='bbox 123 4291 252 4364; x_wconf 60' lang='lat' dir='ltr'><strong>{amaram</strong></span> <span class='ocrx_word' id='word_1_424' title='bbox 283 4297 416 4347; x_wconf 89' lang='lat' dir='ltr'><strong>ltemibid.</strong></span> <span class='ocrx_word' id='word_1_425' title='bbox 434 4298 535 4359; x_wconf 84' lang='lat' dir='ltr'><strong>Seguer.</strong></span> <span class='ocrx_word' id='word_1_426' title='bbox 554 4288 648 4360; x_wconf 68' lang='grc' dir='ltr'><strong><em>ἀγενῆ·</em></strong></span> <span class='ocrx_word' id='word_1_427' title='bbox 700 4298 876 4347; x_wconf 81' lang='lat' dir='ltr'><strong>Praelationem</strong></span> <span class='ocrx_word' id='word_1_428' title='bbox 895 4297 1032 4360; x_wconf 86' lang='lat' dir='ltr'><strong>generalem</strong></span> <span class='ocrx_word' id='word_1_429' title='bbox 1053 4292 1088 4361; x_wconf 89' lang='lat' dir='ltr'><strong>[p.</strong></span> <span class='ocrx_word' id='word_1_430' title='bbox 1108 4294 1177 4344; x_wconf 88' lang='lat' dir='ltr'><strong>llllll.</strong></span> <span class='ocrx_word' id='word_1_431' title='bbox 1196 4288 1242 4358; x_wconf 83' lang='grc'>3.].</span> 
     </span>
     <span class='ocr_line' id='line_1_41' title="bbox 59 4357 1290 4440; baseline -0.001 -28"><span class='ocrx_word' id='word_1_432' title='bbox 59 4377 112 4419; x_wconf 74' lang='grc' dir='ltr'><strong>τως</strong></span> <span class='ocrx_word' id='word_1_433' title='bbox 136 4357 329 4431; x_wconf 74' lang='grc' dir='ltr'><strong>οιγενηιικήν.</strong></span> <span class='ocrx_word' id='word_1_434' title='bbox 368 4365 433 4414; x_wconf 92' lang='lat' dir='ltr'><strong>ldem</strong></span> <span class='ocrx_word' id='word_1_435' title='bbox 463 4373 543 4413; x_wconf 89' lang='lat' dir='ltr'><strong>tamen</strong></span> <span class='ocrx_word' id='word_1_436' title='bbox 574 4365 646 4425; x_wconf 88' lang='lat' dir='ltr'><strong>paule</strong></span> <span class='ocrx_word' id='word_1_437' title='bbox 732 4365 756 4414; x_wconf 91' lang='lat' dir='ltr'><strong>h.</strong></span> <span class='ocrx_word' id='word_1_438' title='bbox 774 4365 815 4415; x_wconf 88' lang='lat' dir='ltr'><strong>Sle</strong></span> <span class='ocrx_word' id='word_1_439' title='bbox 832 4366 931 4427; x_wconf 84' lang='lat' dir='ltr'><strong>Segner.</strong></span> <span class='ocrx_word' id='word_1_440' title='bbox 950 4365 1048 4415; x_wconf 86' lang='lat' dir='ltr'><strong>Gobler.</strong></span> <span class='ocrx_word' id='word_1_441' title='bbox 1068 4362 1173 4440; x_wconf 71' lang='lat' dir='ltr'><strong>Felclm.</strong></span> <span class='ocrx_word' id='word_1_442' title='bbox 1193 4361 1215 4410; x_wconf 88' lang='lat'><strong>1.</strong></span> <span class='ocrx_word' id='word_1_443' title='bbox 1232 4358 1290 4413; x_wconf 77' lang='lat' dir='ltr'><strong>etl.</strong></span> 
     </span>
     <span class='ocr_line' id='line_1_42' title="bbox 60 4421 1291 4495; baseline 0 -13"><span class='ocrx_word' id='word_1_444' title='bbox 60 4443 126 4483; x_wconf 84' lang='lat' dir='ltr'><strong>antea</strong></span> <span class='ocrx_word' id='word_1_445' title='bbox 144 4436 217 4485; x_wconf 87' lang='lat' dir='ltr'><strong>babet</strong></span> <span class='ocrx_word' id='word_1_446' title='bbox 235 4448 289 4483; x_wconf 87' lang='lat' dir='ltr'><strong>cnm</strong></span> <span class='ocrx_word' id='word_1_447' title='bbox 308 4425 647 4495; x_wconf 71' lang='lat' dir='ltr'><strong>aliismas.eteditisdyev·</strong></span> <span class='ocrx_word' id='word_1_448' title='bbox 696 4433 726 4482; x_wconf 80' lang='lat' dir='ltr'><strong>lt</strong></span> <span class='ocrx_word' id='word_1_449' title='bbox 750 4433 790 4482; x_wconf 88' lang='lat' dir='ltr'><strong>alil</strong></span> <span class='ocrx_word' id='word_1_450' title='bbox 816 4441 840 4484; x_wconf 91' lang='lat' dir='ltr'><strong>et</strong></span> <span class='ocrx_word' id='word_1_451' title='bbox 862 4433 919 4484; x_wconf 86' lang='lat' dir='ltr'><strong>editi</strong></span> <span class='ocrx_word' id='word_1_452' title='bbox 951 4433 1064 4483; x_wconf 88' lang='lat' dir='ltr'><strong>amittunt</strong></span> <span class='ocrx_word' id='word_1_453' title='bbox 1094 4421 1148 4477; x_wconf 81' lang='lat' dir='ltr'><strong>aab</strong></span> <span class='ocrx_word' id='word_1_454' title='bbox 1177 4422 1291 4482; x_wconf 68' lang='lat' dir='ltr'><strong>artatus</strong></span> 
     </span>
     <span class='ocr_line' id='line_1_43' title="bbox 57 4492 811 4567; baseline -0.003 -17"><span class='ocrx_word' id='word_1_455' title='bbox 57 4493 152 4561; x_wconf 68' lang='lat' dir='ltr'><strong>viror.</strong></span> <span class='ocrx_word' id='word_1_456' title='bbox 187 4502 269 4554; x_wconf 83' lang='lat' dir='ltr'><strong>Ceteri</strong></span> <span class='ocrx_word' id='word_1_457' title='bbox 292 4515 380 4552; x_wconf 83' lang='lat' dir='ltr'><strong>amaea</strong></span> <span class='ocrx_word' id='word_1_458' title='bbox 403 4514 462 4551; x_wconf 86' lang='lat' dir='ltr'><strong>mss.</strong></span> <span class='ocrx_word' id='word_1_459' title='bbox 486 4501 526 4551; x_wconf 83' lang='lat' dir='ltr'><strong>laic</strong></span> <span class='ocrx_word' id='word_1_460' title='bbox 549 4514 646 4565; x_wconf 85' lang='lat' dir='ltr'><strong>quaque</strong></span> <span class='ocrx_word' id='word_1_461' title='bbox 697 4492 811 4567; x_wconf 74' lang='grc' dir='ltr'><strong><em>κόσμου.</em></strong></span> 
     </span>
    </p>
   </div>
   <div class='ocr_carea' id='block_1_8' title="bbox 0 0 1478 5092">
    <p class='ocr_par' dir='ltr' id='par_1_9' title="bbox 0 0 1478 5092">
     <span class='ocr_line' id='line_1_44' title="bbox 0 0 1478 5092; baseline 0 0"><span class='ocrx_word' id='word_1_462' title='bbox 0 0 1478 5092; x_wconf 95' lang='lat' dir='ltr'><strong> </strong></span> 
     </span>
    </p>
   </div>
  </div>
 </body>
</html>
