2948 5092
463 273 578 320 *nutrio
593 274 626 319 n.
640 273 759 318 eoum
769 272 907 319 mos.
1095 270 1099 275 ’
1218 259 1281 324 ddi

68 429 123 505 „th
149 427 232 491 enus
258 425 455 499 divinitatem,
483 425 521 488 de
548 443 605 505 qur
632 425 682 487 hte
708 441 809 485 sermo
837 431 900 498 est,
929 442 1017 486 nemo
1040 423 1189 487 Christum
1213 443 1372 499 essentis,

66 530 205 607 „dixuit
226 528 281 591 sed
301 528 400 608 ipsum
416 545 485 601 esse
499 527 628 600 Patrem,
648 526 700 597 ito,
722 534 757 588 ut
771 524 889 613 opinor,
913 524 1092 606 sempiterna
1107 527 1173 590 eina
1186 528 1282 597 uirtus

64 643 114 708 „et
140 631 281 695 divimus
310 647 372 690 uon
399 628 569 709 unigenitus
598 636 646 692 est
670 626 781 700 Filius,
812 626 866 689 sed
893 627 959 708 ipse
979 637 1027 689 est
1046 629 1165 708 genitor
1186 630 1282 692 Peter.

61 735 178 810 „Atiam
200 739 299 795 autem
320 731 459 793 virtutem
482 739 512 792 et
533 729 707 810 sapientiam
729 728 784 790 Dei
804 747 874 790 esse
895 727 998 802 dooet,
1021 748 1096 809 quae
1117 748 1173 811 per
1194 730 1281 794 Chri·

60 849 164 912 „stum
198 833 367 914 apperuit.“
416 831 530 894 neten
560 831 664 912 paneis
696 830 860 893 interieetis
891 831 990 910 pergit
1021 831 1100 893 idem
1131 833 1282 896 Asterius:

60 939 272 1017 „Quamqmm
294 934 474 1016 sempiterna
497 933 560 995 eius
582 933 675 995 virtus
695 941 727 995 et
742 931 896 1012 supientia,
919 951 1007 1012 quam
1021 919 1283 1013 principioearero

60 1058 140 1116 „nee
160 1038 292 1120 genitam
315 1054 382 1099 esse
404 1035 479 1097 ratio
501 1053 570 1097 vero
592 1035 736 1108 declarat,
765 1053 823 1096 una
851 1042 931 1095 carte
952 1043 982 1095 et
1003 1034 1069 1115 ipsa
1091 1044 1146 1098 est.
1190 1035 1282 1098 Cum·

59 1142 185 1223 „piures
208 1158 281 1201 vero
303 1149 374 1199 sunt
396 1136 559 1217 sapientiae
579 1135 747 1216 singulatim
768 1129 806 1197 'ab
827 1135 895 1216 ipso
918 1144 1048 1210 creatae,
1071 1155 1195 1217 quarum
1216 1137 1281 1218 pri-

60 1241 257 1323 „mogenitus
279 1248 310 1303 et
329 1238 499 1319 unigenitus
518 1247 567 1301 est
579 1238 725 1312 Christus,
748 1256 823 1318 quae
838 1255 943 1300 omnes
958 1238 1095 1300 similiter
1108 1257 1145 1300 ex
1159 1239 1281 1303 domino

60 1344 215 1425 „pendent
236 1360 305 1415 suo,
327 1340 451 1420 eiusque
471 1339 606 1414 virtutes,
628 1340 679 1419 qui
701 1358 752 1402 eas
775 1340 885 1402 crearit
905 1350 934 1401 et
955 1341 1005 1420 qui
1026 1340 1076 1402 his
1093 1341 1195 1414 utitur,
1218 1341 1283 1403 iure

62 1445 191 1518 „merito
224 1442 418 1523 appellantur.
463 1441 540 1503 Hine
565 1441 714 1522 Propheta
746 1442 890 1503 locustam
919 1441 954 1503 od
982 1441 1137 1503 hominum
1163 1449 1283 1522 peecau

64 1544 256 1620 ,midsnenda
287 1543 428 1606 divinitus
457 1542 621 1605 immissam
648 1561 710 1604 non
738 1545 874 1605 virtutem
902 1551 1032 1614 tuntum,
1066 1544 1120 1604 sed
1147 1558 1283 1624 magnam
1365 1606 1370 1619 ,
1459 1565 1466 1583 ·

63 1649 222 1722 „virtutem
246 1665 263 1707 a
285 1645 346 1707 Deo
368 1646 435 1725 ipso
458 1653 583 1706 testatur
605 1644 754 1724 appellari.
797 1645 904 1705 Beatus
926 1645 997 1706 item
1019 1644 1109 1707 David
1131 1663 1192 1706 non
1215 1643 1283 1709 ts'n·

65 1758 147 1824 ,tam
168 1746 311 1826 Angelos,
334 1747 388 1809 sed
411 1746 498 1808 etiem
520 1745 652 1808 Virtutes
673 1746 709 1807 ad
731 1746 824 1808 Deum
846 1744 1023 1810 laudandum
1045 1747 1212 1809 hortetur.“

139 2051 193 2116 38.
238 2047 319 2110 dieee
340 2065 408 2109 eum
428 2046 470 2109 illi
492 2046 537 2109 vel
560 2055 673 2110 tantum
706 2049 775 2128 oqui
797 2047 917 2123 audent
939 2067 1041 2111 nonne
1062 2051 1195 2112 omnium
1212 2051 1282 2114 odio

65 2150 225 2233 dignissimi
248 2147 341 2213 eunt?
364 2148 395 2211 Si
418 2148 508 2223 enim,
530 2157 564 2211 ut
583 2149 641 2229 ipsi
664 2149 782 2229 (pridem
805 2157 920 2228 putent,
943 2150 1035 2213 Filius
1060 2161 1116 2225 est,
1138 2153 1282 2235 nunquia
1426 2227 1429 2230 Α

64 2272 92 2315 ex
111 2254 202 2316 Putre
224 2252 342 2332 genitus
364 2259 426 2323 est,
454 2267 511 2311 nee
531 2259 654 2330 propter
674 2258 797 2312 naturoe
819 2251 1060 2330 proprietatem,
1079 2254 1132 2316 sed
1154 2253 1283 2316 Verbum
1383 2249 1386 2254 ’

64 2354 164 2419 dieitur
184 2353 250 2417 sire
270 2352 356 2415 Ratio
379 2351 491 2414 ubres
513 2352 626 2413 ratione
648 2352 814 2433 pro‘editns,
844 2360 874 2413 et
894 2353 1037 2432 sapientia
1058 2362 1183 2435 propter
1203 2355 1283 2432 illos,

64 2457 105 2535 gni
135 2455 289 2537 sapientes
319 2454 409 2528 fiunt,
442 2454 574 2534 potentia
604 2472 658 2515 seu
683 2454 777 2515 virtus
807 2473 911 2515 eorum
934 2474 1037 2528 eausa,
1071 2456 1121 2535 qui
1142 2466 1281 2537 potentes

63 2558 238 2632 redduntur3
270 2556 399 2635 denique
428 2556 506 2618 iilius
534 2574 587 2615 eos
616 2563 761 2637 propter,
784 2555 835 2635 qui
858 2555 908 2616 iiiii
932 2556 1114 2630 efficiuntur,
1143 2558 1371 2621 tortassnrxn.

61 2677 174 2739 quoque
190 2657 231 2719 ob
252 2676 312 2731 res,
335 2675 410 2737 quae
432 2657 571 2729 existunt,
595 2656 659 2718 solu
681 2656 860 2735 cogitatione
883 2657 993 2718 existit.
1028 2656 1106 2730 Quid
1122 2677 1192 2738 ergo
1213 2669 1281 2722 tan·

62 2760 121 2822 den
145 2762 265 2823 tonnus
288 2758 336 2820 iiie
358 2758 429 2820 est?
450 2758 529 2820 Nihil
552 2757 630 2820 enim
651 2758 769 2820 illorum
793 2777 860 2820 esse
882 2758 938 2819 diei
959 2759 1058 2838 possit
1071 2759 1147 2839 ipse,
1170 2760 1197 2823 si
1212 2762 1286 2828 haee

60 2880 135 2924 nera
158 2861 225 2923 eius
248 2869 318 2923 suut
339 2861 470 2933 nomina,
493 2859 616 2940 setaque
638 2859 816 2939 cogitatione
838 2860 980 2922 dicendus
995 2871 1042 2921 est
1057 2861 1194 2935 existere,
1218 2881 1284 2927 eum

60 2963 150 3026 nostri
179 2969 296 3024 tentum
325 2980 413 3023 eausa
440 2960 611 3023 huiusmodi
633 2969 757 3022 ornetur
778 2960 958 3022 nominibus.
1004 2961 1083 3022 Sane
1104 2964 1162 3043 ipsi
1184 2964 1284 3044 potius
1335 2958 1360 3002 ·“

58 3063 199 3127 oensendi
221 3070 292 3125 sunt
314 3062 457 3124 diabolico
480 3063 640 3125 autetiam
661 3062 810 3124 deteriore
832 3063 934 3141 agitari
955 3063 1080 3137 insanio,
1103 3065 1211 3144 quippe
1234 3065 1285 3145 qui

58 3184 86 3229 se
107 3164 232 3247 quidem
256 3183 325 3226 vere
339 3165 474 3244 *existere
497 3164 596 3238 velint,
618 3163 671 3226 Dei
693 3171 791 3226 autem
806 3164 934 3226 Verbum
957 3165 1023 3226 eolo
1045 3166 1167 3227 nomine
1181 3175 1287 3245 putent

58 3269 197 3329 existere.
240 3265 286 3326 du
305 3283 367 3327 non
388 3284 460 3333 aero
483 3265 742 3339 monstraturum,
765 3284 831 3327 eum
844 3267 992 3328 affirment
1006 3268 1181 3347 sapientiem
1196 3266 1286 3329 simul

57 3387 120 3447 eam
143 3368 235 3429 Petra
257 3367 402 3441 existere,
432 3379 556 3447 eumque
579 3367 728 3430 Christum
751 3387 820 3430 esse
847 3376 971 3447 negant,
1000 3370 1054 3430 sed
1076 3369 1183 3430 multas
1204 3369 1288 3430 siunt
1337 3402 1340 3407 Δ

56 3472 180 3532 virtutes
211 3478 327 3532 mestas
354 3478 387 3531 et
414 3469 574 3548 sapientias
603 3488 688 3544 esse,
718 3487 841 3548 quarum
864 3488 921 3530 una
945 3469 1167 3544 sitdominus,
1197 3487 1286 3549 quem

57 3590 124 3634 eum
147 3588 237 3632 eruca
260 3579 289 3632 et
311 3570 425 3632 doeneta
447 3572 584 3632 oonserre
611 3590 671 3632 non
703 3569 859 3631 dubitant?
903 3571 947 3631 dn
975 3590 1036 3631 non
1064 3572 1151 3633 etism
1181 3569 1286 3639 dotose

56 3680 158 3752 agunt,
181 3644 233 3750 qui
256 3667 322 3734 oum
344 3691 361 3734 o
382 3672 470 3735 uobis
493 3673 617 3734 audiunt
637 3671 765 3734 Verbum
787 3674 847 3733 und
865 3690 931 3733 urm
945 3672 1033 3733 Patre
1049 3672 1187 3746 existere,
1209 3689 1285 3732 eon·

55 3955 175 4034 Gpmrnet.
198 3954 647 4036 ‘dbid380g'uenGontett‘eieirn3t.
699 3955 790 4005 τοῦτο.
828 3956 880 4006 idox
906 3954 979 4004 Besid.
1004 3969 1049 4018 pro
1075 3946 1288 4032 &negarentur

54 4036 163 4143 {22⁷2
185 4025 534 4154 ti.t'3‘⁰t..³¹t'.,?.¹..tfft.¹
550 4017 648 4143 tidtt.
698 4018 1285 4154 ‘”2T⁰s‘2·,.2‡3⁶233522“.t.²itt&2333ss

54 4157 210 4215 factm.
234 4166 260 4208 et
283 4157 306 4207 4.
330 4151 425 4207 utet
443 4151 523 4209 idto'r.
560 4160 604 4211 atti
625 4167 650 4209 et
699 4159 724 4209 ln
744 4160 841 4209 stiisot
859 4159 931 4208 editis
948 4159 1017 4207 deest
1034 4145 1113 4206 sivos.

53 4225 130 4276 editio
148 4225 266 4276 moed.
284 4220 330 4273 nni
346 4219 379 4273 ri
397 4218 496 4278 uideor.
733 4227 757 4276 n.
776 4227 816 4275 Sie
833 4229 932 4289 Segner.
951 4226 1048 4275 Gobter.
1067 4223 1170 4273 Fetxtm.
1187 4223 1209 4271 t.
1226 4220 1287 4273 nt

91 4309 113 4342 o.
131 4292 173 4342 Sic
191 4294 292 4354 Sepw.
327 4298 356 4343 tt
368 4293 409 4343 atti
422 4295 514 4344 etoditi
527 4286 574 4342 1ιᾶ
587 4285 651 4346 rodit·
699 4295 728 4342 dt
751 4293 793 4343 otii
818 4301 841 4344 et
865 4294 922 4343 editi
940 4285 1108 4344 nocerent
1126 4288 1287 4369 aenigyog

52 4355 247 4428 mooe.
699 4361 760 4409 ibid.
784 4362 884 4423 Seguer.
908 4362 965 4423 fleg.
984 4370 1007 4411 et
1025 4361 1160 4408 delet-sn.
1180 4359 1203 4407 ὃ.
1222 4368 1280 4421 παρ

88 4429 106 4477 t.
130 4430 275 4491 segonius.
299 4427 397 4480 Gobier.
415 4428 521 4478 Netum.
541 4428 564 4476 i.
582 4436 606 4477 ot
623 4427 648 4476 d.
698 4420 713 4487 ἡ
738 4425 778 4474 ὦν
800 4425 859 4494 μέν.
895 4429 973 4479 Ceteri
997 4437 1021 4477 et
1039 4427 1103 4477 editi
1125 4417 1188 4494 παρ’
1209 4416 1289 4490 ἡμᾶν

51 4485 650 4553 emmenum-rotmundi&
699 4441 793 4562 aspis
884 4493 888 4497 ’
1210 4534 1214 4542 .
