2948 5092
393 290 396 295 .
425 256 571 302 rrrsrom
585 256 605 298 1.
626 255 663 297 tn
685 256 879 300 senarrourrr.
970 221 977 230 ¹
1213 247 1272 311 675

52 415 153 494 ipsum
176 430 277 474 rerum
300 413 441 472 laetarum
464 408 597 486 opificem
614 424 681 468 esse
695 408 843 482 sentiunt3
865 427 955 488 qnare
971 410 1114 492 Spiritum
1129 424 1359 489 connumeret.

53 516 103 594 qui
127 514 251 576 eaodem
273 513 363 575 habet
389 530 456 572 cum
477 511 551 571 Filio
582 509 726 571 unitatem
752 527 839 588 quarn
866 511 957 575 Filius
984 534 1050 576 cnm
1077 517 1180 593 Patre,
1213 538 1276 582 rem

54 626 184 678 creatam
206 634 273 676 esse
296 611 404 675 audent
426 609 548 673 dicere?
593 610 650 671 Cur
671 610 823 689 ignorant,
857 615 935 692 quod
958 618 1203 694 quemadmodum
1224 620 1276 682 Fi·

52 719 128 779 lium
151 737 167 779 a
189 717 274 778 Patre
297 734 357 777 non
380 713 537 775 dividendo
558 711 610 772 llei
635 712 775 774 unitatem
798 725 932 790 serrant,
965 716 1004 778 ita
1026 718 1183 782 dividendo
1206 721 1275 801 Spi-

53 820 146 882 ritum
176 818 310 880 aVerho
339 835 400 876 non
429 815 552 894 amplius
581 814 729 875 unam‘in
760 815 902 878 Trinitate
934 829 1053 880 servant
1084 821 1275 898 divinitatem,

55 940 145 1000 quam
168 938 275 998 nempe
297 910 463 989 diffindunt,
487 926 516 977 et
538 916 582 976 cui
604 915 727 977 alienam
747 935 781 977 ac
795 916 941 980 diversam
956 931 1089 983 naturam
1104 925 1276 1000 admiscent,

55 1041 146 1102 quam
169 1021 294 1099 denique
324 1022 400 1081 inter
422 1037 471 1079 res
495 1026 605 1078 creatas
628 1017 795 1080 collocant?
838 1020 871 1081 ld
894 1039 965 1082 sane
985 1024 1107 1102 probat,
1136 1044 1196 1088 non
1219 1029 1277 1089 iam

55 1142 123 1187 rem
145 1142 234 1184 uuam
256 1141 324 1184 esse
347 1121 533 1192 Trinitatem,
568 1121 620 1181 sed
650 1120 745 1200 ipsam
768 1141 803 1182 ex
825 1122 939 1185 duabus
962 1143 997 1186 ao
1016 1126 1141 1188 diversis
1163 1129 1277 1190 naturis

56 1208 214 1297 constare,
246 1224 283 1284 ob
311 1225 458 1285 diversam
484 1208 617 1283 videlicet
644 1221 774 1300 Spiritus
803 1224 1014 1301 substantiam,
1044 1247 1130 1306 quam
1157 1229 1199 1290 illi
1221 1230 1278 1291 sibi

56 1328 136 1408 ipsis
159 1328 315 1388 commenti
340 1334 418 1387 sunt.
463 1325 612 1397 Quaenam
635 1341 705 1403 crgo
728 1324 784 1385 ista
806 1326 921 1388 tandem
938 1336 984 1389 est
998 1328 1145 1409 theologia
1161 1350 1194 1392 ex
1210 1351 1277 1393 ore·

56 1438 144 1491 atore
167 1438 196 1490 et
217 1447 250 1489 re
273 1435 369 1488 creata
391 1424 537 1487 conuocat
581 1424 631 1486 l'el
655 1425 734 1487 onim
756 1444 816 1486 oon
839 1438 885 1488 est
906 1428 1055 1505 Trinitas,
1079 1432 1131 1493 sed
1153 1433 1279 1496 dualitas

58 1550 95 1592 ac
117 1531 223 1592 deinde
245 1548 293 1590 res
317 1538 429 1602 creata,
452 1527 494 1586 rel
518 1526 543 1586 si
567 1526 696 1588 Trinitas
719 1537 780 1602 est,
802 1529 845 1590 uti
867 1548 935 1590 vere
957 1540 1017 1605 est,
1040 1535 1190 1612 quomodo
1212 1553 1280 1597 cum

57 1632 154 1695 rebus
177 1631 292 1703 creatis,
316 1649 390 1709 quae
411 1638 480 1709 post
494 1628 667 1689 Trinitatem
683 1608 823 1703 existerit,
846 1627 999 1694 Trinitatis
1015 1635 1157 1713 Spiritum
1172 1637 1281 1698 audent

58 1732 231 1797 collocaret
274 1732 307 1793 ld
330 1733 407 1792 enim
431 1750 533 1792 rursus
556 1739 601 1792 est
619 1730 754 1792 dividere
776 1750 810 1794 ac
824 1732 989 1795 dissolvere
1004 1734 1186 1798 Trinitatem.
1220 1738 1281 1798 lta·

58 1855 120 1916 que
149 1835 175 1895 si
204 1835 279 1895 male
308 1835 344 1895 de
366 1834 475 1912 Spiritu
504 1842 605 1894 sancto
634 1834 780 1908 sentiant,
813 1833 890 1897 bene
918 1836 954 1897 de
976 1837 1059 1898 Filio·
1079 1840 1191 1901 sentire
1219 1857 1282 1902 non

58 1946 183 2018 queunt
227 1937 300 1997 Nam
331 1937 357 1997 si
386 1945 463 1996 recte
493 1935 528 1996 de
552 1935 648 1996 Verbo
669 1935 831 2009 sentirent,
861 1947 941 1999 recte
969 1958 1085 2018 quoque
1113 1940 1149 2001 de
1171 1940 1284 2021 Spiritu

62 2050 180 2112 sancto,
204 2039 253 2117 qui
275 2058 291 2100 a
313 2038 398 2107 Patre
419 2037 563 2116 procedit,
587 2037 741 2110 sentirent,
764 2039 814 2117 qui
836 2057 902 2100 cum
925 2040 992 2101 Filii
1014 2041 1053 2102 sit
1073 2042 1224 2121 proprius,
1246 2041 1282 2103 ab

62 2141 115 2202 illo
138 2141 290 2220 discipulis
313 2138 508 2218 omnibusque
530 2140 560 2199 in
584 2158 651 2200 eum
674 2139 862 2201 credentibus
879 2140 980 2202 datur.
1026 2142 1212 2214 Quinetiam
1233 2144 1284 2222 qui

62 2244 94 2304 in
117 2243 289 2303 huiusmodi
312 2261 413 2302 errore
436 2251 609 2313 versantur,
632 2259 729 2320 neque
750 2241 781 2302 in
802 2241 920 2304 Patrem
943 2263 1043 2304 sanam
1065 2243 1153 2306 fidem
1175 2244 1285 2307 haltere

62 2345 192 2425 possint.
236 2345 308 2405 Nam
337 2344 386 2422 qni
415 2343 537 2422 Spiritui
564 2344 722 2416 resistunt,
756 2343 798 2403 uti
826 2345 953 2423 insignis
982 2354 1090 2425 martyr
1117 2347 1284 2427 Stephanus

29 2522 33 2527 ⁵
63 2446 154 2518 dixit,
184 2446 271 2507 iidem
302 2456 331 2506 et
351 2446 456 2506 Filium
479 2455 596 2524 negant.
640 2445 744 2506 Filium
767 2456 865 2507 autem
887 2456 1029 2526 negantes
1051 2466 1148 2527 neque
1167 2449 1286 2511 Patrem

64 2550 201 2628 prolecto
224 2548 389 2610 habuerint.

153 2755 182 2814 3.
228 2751 377 2811 Undeoam
402 2768 472 2828 ergo
496 2758 592 2810 tantae
614 2748 698 2811 vohis
721 2750 893 2811 temeritatis
917 2769 1020 2826 eausa,
1046 2760 1081 2813 ut
1101 2770 1157 2813 nec
1177 2751 1247 2812 illud
1270 2769 1287 2813 a
1365 2749 1374 2764 “

65 2852 220 2914 Salvatore
242 2853 349 2914 dictum
372 2852 545 2912 vereamini:
572 2853 634 2924 Qui
654 2852 906 2931 blasphemaverit
927 2857 960 2913 iu
975 2852 1125 2949 Spiritum
1139 2849 1372 2953 sanctum-eso.

65 2975 130 3017 oon
163 2955 279 3017 habehit
312 2959 517 3016 rernlosionem
546 2972 639 3034 oeque
667 2959 700 3014 io
729 2954 783 3014 hoc
809 2953 934 3015 soeculo
967 2974 1059 3036 neque
1090 2958 1123 3016 io
1153 2952 1288 3034 ficturo?

67 3145 170 3191 versuris
195 3150 217 3189 et
241 3143 336 3205 quidem
361 3159 373 3191 a
398 3150 444 3190 tam
463 3143 575 3190 diuturno
594 3150 655 3189 tem·
706 3141 810 3202 Spiritus
828 3150 925 3192 sanetus
944 3142 1105 3191 exsistentiam
1120 3151 1248 3201 mutuetur,
1267 3150 1290 3191 et

67 3207 150 3274 pore?
185 3211 310 3258 Enimvero
330 3211 358 3257 ah
370 3211 438 3257 antris
452 3211 546 3259 circiter
560 3216 656 3257 centum
706 3222 752 3270 qna
771 3209 862 3256 ratione
881 3209 1017 3268 illucescat,
1042 3224 1135 3259 necnon
1154 3225 1200 3274 qno
1220 3218 1290 3272 pacto

64 3293 142 3342 supra
161 3279 227 3326 mille
246 3280 285 3340 qui
304 3280 486 3340 praeterierunt,
505 3277 603 3324 dorsum
615 3290 654 3323 re·
706 3275 775 3324 detur
799 3277 828 3325 iis
853 3278 892 3340 qui
917 3278 980 3338 digni
1005 3286 1075 3338 sout3
1100 3278 1144 3327 his.
1154 3278 1246 3326 verbis:
1265 3279 1290 3326 Si

67 3357 161 3404 strom,
186 3348 247 3394 iuxta
268 3346 360 3393 llaridis
385 3347 551 3409 prophetiam,
578 3345 656 3393 adhuc
706 3352 776 3392 recte·
796 3346 825 3392 de
843 3345 920 3394 llerbo
938 3351 1068 3405 sentirent,
1092 3361 1175 3395 sanam
1194 3361 1290 3410 quoque

67 3417 213 3464 incurratur.
238 3415 280 3463 llic
299 3430 350 3476 ergo
370 3417 475 3478 pruisquis
493 3420 526 3461 cst
543 3415 567 3460 io
585 3428 655 3475 opus·
707 3411 837 3460 doctrinam
861 3421 970 3463 tenerent
993 3416 1023 3463 de
1041 3414 1130 3476 Spiritu
1149 3421 1232 3463 sancto
1250 3414 1291 3478 qni

67 3485 137 3543 celo,
159 3482 227 3539 Quod
247 3482 350 3544 Spiritus
368 3492 464 3530 sanctos
483 3498 495 3529 a
514 3480 567 3530 solo
587 3481 656 3529 l’atre
707 3494 734 3528 er
754 3480 822 3529 l‘atre
841 3481 956 3545 procedit.
995 3483 1057 3530 llaec
1075 3482 1256 3531 Telclrmannus.

67 3550 195 3616 procedat,
214 3552 243 3599 od
253 3551 376 3598 Morinum
388 3552 526 3599 Soreoiotom
544 3551 654 3609 scribens,
741 3548 757 3596 i.
776 3549 816 3597 Sic
833 3549 922 3610 Regi.
941 3550 1041 3610 Seguer.
1059 3550 1128 3599 Gohl.
1150 3550 1255 3599 Felclro.
1269 3550 1290 3599 l.

69 3627 90 3669 et
110 3620 151 3682 fol.
165 3617 221 3666 179.
241 3619 284 3667 rol.
304 3616 327 3665 3.
345 3626 486 3681 praesentem
505 3621 564 3665 lirino
583 3618 657 3666 locum
708 3616 789 3664 Oltoh.
808 3624 832 3664 et
849 3617 954 3666 incertos
972 3627 1056 3667 auctor
1073 3619 1112 3679 qui
1132 3619 1195 3666 hunc
1212 3618 1292 3666 locum

69 3690 159 3738 eitoos.
187 3689 219 3735 sio
231 3692 369 3764 praelator:
393 3677 560 3763 airhuydp
580 3676 593 3730 ὁ
611 3679 657 3749 μέ·
708 3684 765 3732 citet
782 3685 883 3747 epistola
910 3686 938 3733 ad
959 3685 1082 3734 Maximum
1101 3686 1246 3734 Smeniotaru
1265 3699 1293 3734 ex

68 3768 122 3819 γας
136 3745 313 3806 Ἀθανασιος,
340 3743 405 3799 ὅθεν
424 3766 452 3800 τε
476 3768 525 3811 την
543 3746 658 3817 ὕπαρξιν

68 3818 207 3880 κέκτηται,
226 3816 271 3868 καὶ
289 3816 351 3866 τίνα
369 3813 472 3898 rponor
490 3814 616 3885 ἐκλάμπει
626 3813 659 3868 τὸ

69 3888 179 3949 πνεῦμα
199 3884 228 3936 τὸ
247 3880 334 3952 ἅγιον,
354 3901 400 3935 και
418 3881 491 3939 ὅπως
508 3889 566 3940 τοῖς
584 3880 659 3942 ἀξίας

68 3961 118 4017 (sie
133 3957 189 4006 ldss.
200 3959 262 4007 lorte
279 3948 375 4013 citiori
390 3950 474 4003 oritoni
492 3951 657 4009 διαδίδοται,

69 4020 101 4076 ἰν
120 4023 151 4091 τῇ
169 4019 239 4091 πρὸς
252 4024 421 4089 Σαραπίωνα
439 4017 586 4071 ἐπίσκοπον
604 4015 660 4070 ἔπι·

71 4089 157 4151 στολῇ
176 4091 275 4160 σαφῶς
289 4085 360 4140 οὕτω
372 4088 523 4158 διείληφεν·
542 4085 660 4143 rixatur

70 4140 214 4230 lcppriroor
236 4156 299 4238 περὶ
326 4159 374 4208 τοῦ
398 4154 494 4224 λόγου,
522 4153 605 4225 ὑγιῶς
626 4151 660 4205 ἂν

70 4225 214 4296 ἐφρόνουν
239 4243 285 4277 και
310 4223 371 4310 napi
399 4228 446 4277 τοῦ
469 4224 621 4295 πνεύματος
645 4216 660 4273 3

70 4292 151 4362 παρὰ
169 4297 218 4346 τοῦ
236 4292 339 4362 πατρὸς
348 4289 528 4363 smopsristoe.
554 4299 660 4347 llorert:

69 4368 201 4418 Enimvero
226 4382 326 4429 magnus
351 4368 391 4416 ille
410 4368 550 4415 Athanasius
570 4379 661 4430 oppor-

71 4445 131 4487 tune
156 4437 180 4484 iu
199 4435 305 4497 Epistola
331 4437 360 4484 ad
384 4435 540 4497 Serapionem
565 4435 661 4497 episco-

68 4517 143 4570 pum,
161 4519 189 4553 ae
206 4504 302 4554 disertis
317 4504 394 4554 vorbis
404 4503 522 4564 edisserit,
541 4502 660 4553 undenam

710 3766 754 3800 ms.
773 3753 856 3801 Graec.
874 3752 985 3801 Biblioth.
1004 3753 1122 3864 Archibpal.
1150 3762 1175 3802 ot
1192 3761 1294 3801 testatur

710 3819 813 3867 Felclm.
854 3820 899 3867 lilii
930 3828 953 3869 et
981 3822 1037 3869 editi
1109 3811 1171 3885 παρ’
1200 3810 1292 3870 αὐτοῦ.

710 3887 761 3935 llor
781 3888 835 3948 lleg.
851 3881 1066 3936 n‘mmtovoo
1088 3880 1126 3939 eir
1148 3881 1179 3934 τὸ
1205 3880 1293 3952 ὄνομα

711 3945 803 4001 αὐτοῦ.
842 3956 893 4004 llox
911 3957 966 4006 itero
986 3972 1069 4006 omnes
1088 3970 1147 4004 ross.
1165 3949 1227 4034 aspi
1244 3953 1293 4002 rod

711 4014 816 4088 πατρός
832 4023 928 4084 habent,
947 4026 1003 4074 editi
1018 4017 1207 4088 malenrpirou
1217 4015 1294 4071 ureri-

732 4102 803 4142 otor.

709 4104 767 4220 με.
786 4160 826 4208 Sic
843 4159 899 4222 lleg.
920 4159 941 4209 l.
969 4160 1065 4223 Segner.
1090 4159 1180 4220 huglio.
1198 4157 1294 4208 Gobler.

711 4227 816 4276 Telclrm.
838 4227 859 4277 l.
905 4229 981 4279 Ceteri
1009 4237 1087 4278 antem
1114 4236 1137 4275 et
1161 4225 1216 4274 editi
1240 4238 1296 4272 τοι·

712 4286 801 4354 situs.
838 4297 892 4357 Rog.
905 4297 928 4345 1.
947 4296 1049 4359 etSegu.
1068 4309 1123 4345 mox
1139 4309 1184 4358 pro
1201 4288 1294 4359 κυρίου

713 4363 802 4412 habent
820 4363 948 4430 σωτῆρος.

745 4432 769 4480 lt.
788 4433 843 4494 lleg.
862 4431 885 4481 2.
908 4425 938 4480 ἐν
961 4431 1000 4497 τῷ
1016 4429 1066 4480 νῦν
1083 4423 1170 4479 αἰῶνι.
1206 4428 1296 4479 lhidem

713 4499 811 4551 Gohler.
829 4507 854 4550 et
869 4501 974 4552 Telelm.
987 4500 1009 4550 1.
1034 4514 1080 4565 pro
1106 4493 1230 4566 ptnonr
1252 4497 1298 4548 ht·

1040 4580 1098 4635 la*
