2948 5092
409 231 556 275 3918?th
571 232 608 275 DE
624 232 767 276 neumare
782 233 926 277 luctum
941 233 1065 280 eruunt..
1308 227 1345 287 71

138 381 271 461 „dignitas
301 397 481 462 summaque
508 380 626 442 Domini
655 382 825 461 magnitudo
854 392 900 445 est
926 383 957 445 in
983 384 1078 446 Deum
1099 386 1217 449 Patrem
1246 388 1435 454 omni-m.

135 492 306 563 „potentem
330 490 361 545 ct
381 482 413 545 in
436 481 584 544 Christum
606 484 705 546 lesum
727 483 791 544 eius
813 483 928 559 Filium,
951 493 981 546 et
997 485 1028 547 in
1044 486 1186 567 Spiritum
1201 497 1345 567 sanctum,

134 603 182 656 „ac
206 583 336 646 Verbum
364 583 427 645 Deo
457 583 662 645 universorum
692 603 759 646 esse
789 584 913 646 unitum.
957 586 1019 667 Epo
1049 589 1143 659 enim,
1173 589 1284 669 inquit,
1317 600 1347 654 et

133 686 238 757 „Pater
258 705 356 747 unum
384 704 500 747 sumus.
544 684 595 758 Et,
624 685 686 765 liqo
708 689 742 747 io
763 684 873 762 latre,
903 699 930 750 et
952 686 1045 750 Peter
1071 694 1104 752 io
1131 708 1177 754 me
1204 701 1258 752 ert.
1302 691 1347 754 lta

132 787 257 858 „scilieet
277 786 376 848 divina
400 785 529 847 Trinitas
561 795 590 848 et
613 794 713 847 sancta
734 785 920 847 Monarchiae
942 789 1119 867 praedicatio
1142 793 1256 872 integra
1277 810 1346 854 ser·

132 887 293 960 .,rahitur.“

199 1293 251 1353 27.
299 1288 388 1363 Quod
411 1296 509 1350 autem
532 1289 658 1351 Verbum
681 1290 718 1352 ab
740 1291 913 1353 aeternitate
930 1292 969 1353 sit
990 1311 1057 1354 cum
1071 1294 1169 1368 Patre,
1192 1312 1248 1356 uec
1269 1294 1345 1357 alte-

125 1390 178 1450 rius
199 1408 289 1473 qnam
311 1389 408 1450 Patris
432 1389 614 1451 substantiae
636 1390 681 1451 vel
703 1391 873 1470 hypostasis
895 1394 1035 1472 proprius
1058 1393 1107 1468 sit,
1136 1401 1168 1455 ut
1190 1390 1346 1456 declaravit

125 1492 268 1570 synodus,
298 1490 385 1551 liceat
411 1509 465 1551 vus
494 1491 602 1551 iterum
631 1510 647 1552 a
675 1491 827 1553 laborioso
857 1492 986 1572 Origene
1017 1495 1130 1557 audire.
1173 1495 1247 1557 Nam
1269 1514 1344 1575 quae

124 1591 164 1653 ille
195 1591 276 1653 velut
308 1590 461 1669 inquirens
494 1600 523 1653 et
550 1591 705 1671 disputans
736 1593 872 1673 scripsit,
906 1613 967 1655 nun
1000 1595 1039 1657 ita
1067 1595 1236 1676 accipienda
1263 1604 1429 1672 summat.

123 1694 198 1772 quasi
220 1694 265 1754 sic
286 1691 351 1771 ipse
375 1692 515 1765 sentiret,
545 1692 598 1754 sed
628 1712 663 1754 ex
692 1712 797 1756 eorum
819 1705 918 1756 mente
941 1695 1115 1774 quibuscum
1138 1696 1285 1777 disputat,
1314 1705 1345 1773 at
1388 1681 1394 1688 ’

123 1813 189 1873 qnae
210 1794 338 1855 fidenter
360 1791 463 1854 delinit
484 1801 513 1853 ot
535 1794 669 1868 affirmat,
692 1794 766 1856 haec
788 1815 856 1856 vera
879 1805 924 1857 est
943 1796 998 1857 viri
1015 1797 1102 1858 huius
1118 1815 1261 1878 perquam
1277 1805 1344 1859 stu-

123 1896 192 1956 diosi
215 1894 374 1956 sententia.
418 1893 517 1972 ltaque
539 1903 610 1974 post
631 1914 674 1968 ea,
701 1900 776 1975 quae
798 1897 1016 1958 exercitationis
1039 1897 1131 1976 gratia
1153 1897 1190 1959 ad
1212 1897 1344 1960 haereti-

124 2016 166 2058 cos
188 1996 279 2068 dixit,
314 1995 412 2055 statim
435 1995 586 2073 propriam
607 1996 670 2074 ipse
699 2004 829 2059 mentem
858 1998 905 2059 his
929 1988 1032 2058 verbis
1051 1998 1186 2077 exponit:
1221 1998 1274 2071 „Si
1297 2006 1345 2061 eet

125 2097 237 2176 „imago
260 2095 315 2157 Dei
338 2095 504 2168 invisibilis,
527 2095 681 2158 invisibilis
705 2116 822 2176 quoque
843 2107 888 2159 est
915 2097 979 2178 ipsa
1000 2098 1109 2178 imago.
1154 2098 1233 2172 Quin
1256 2098 1344 2159 etiam

125 2198 251 2268 „addere
267 2196 374 2269 ausim,
398 2215 463 2257 cum
480 2197 520 2256 sit
535 2196 698 2258 similitudo
714 2197 821 2272 Patris,
844 2216 906 2260 nou
928 2218 1019 2279 posse
1041 2199 1116 2274 heri,
1139 2198 1343 2279 utaliquando

125 2317 203 2372 „non
224 2298 325 2359 luerit.
370 2296 496 2370 Quando
519 2299 599 2359 enim
620 2298 711 2372 heus,
734 2318 822 2378 quem
843 2301 970 2361 loannes
991 2300 1087 2363 lucem
1109 2300 1236 2380 appellat
1263 2292 1348 2372 (nam‘

126 2400 222 2471 „heca
252 2399 310 2460 lua
338 2402 413 2473 est),
443 2398 583 2477 propriae
611 2399 721 2478 gloriae
750 2399 909 2479 splendore
938 2402 1046 2474 caruit,
1080 2409 1112 2463 ut
1144 2400 1210 2480 quis
1239 2399 1345 2461 audeat

126 2499 322 2578 „principium
347 2498 490 2559 existendi
512 2498 587 2559 Filio
610 2499 755 2573 tribucre,
780 2501 865 2580 quasi
888 2501 1000 2563 scilicet
1022 2512 1107 2563 antea
1129 2520 1189 2562 nou
1213 2497 1344 2562 luisset?

126 2600 338 2672 „Quandouam
360 2619 429 2660 nero
451 2603 513 2660 non'
535 2609 597 2661 erat
612 2601 748 2672 Verbum,
772 2601 910 2674 Verbum,
934 2603 1063 2682 iuquam,
1086 2603 1166 2682 quod
1182 2611 1212 2663 et
1225 2599 1344 2661 Patrem

127 2700 296 2780 ..cognoscit
318 2708 348 2761 et
371 2709 415 2761 cst
437 2700 585 2762 character
607 2720 641 2762 ac
662 2701 758 2780 imago
782 2703 913 2765 eiusdem
937 2702 1136 2775 substantiae,
1160 2720 1234 2782 quae
1255 2699 1344 2778 digne

127 2821 198 2870 „nec
218 2801 344 2880 exprimi
368 2820 423 2862 nec
444 2801 589 2862 nominari
612 2819 668 2863 nee
688 2803 816 2882 prolerri
838 2802 958 2883 possit?
1001 2803 1147 2882 lntelligat
1168 2801 1262 2872 euim,
1292 2799 1343 2877 qui

127 2902 240 2972 „dicere
264 2902 367 2962 audet:
392 2902 461 2963 Fuit
483 2903 656 2983 aliquando,
681 2922 746 2965 cum
768 2923 831 2967 ooo
853 2915 930 2966 esset
946 2903 1052 2977 Filius,
1075 2903 1152 2965 idem
1176 2920 1244 2963 esse
1265 2899 1343 2962 acsi

127 3002 267 3073 ,diceretz
299 3003 455 3083 Sapientia
477 3003 638 3083 ollqooudo
661 3022 728 3065 oorr
747 3015 828 3077 erat,
855 3004 981 3068 Verbum
1003 3024 1064 3067 uon
1087 3017 1168 3076 erot,
1196 3008 1259 3065 olto
1281 3019 1344 3064 noo

128 3113 242 3176 ,‚erot.‘⁴
288 3104 370 3164 ldem
392 3122 497 3164 rursus
519 3103 559 3164 ita
582 3103 649 3163 alibi
672 3103 817 3182 loquitur:
851 3104 981 3178 „Verum
1010 3107 1093 3166 nolas
1116 3112 1163 3167 est
1184 3121 1239 3164 nec
1259 3101 1342 3181 peri-

128 3205 206 3273 „culo
230 3214 322 3275 vacat,
346 3212 469 3283 propter
490 3212 623 3264 nostram
647 3204 846 3265 infirmitatem
860 3205 954 3266 Deum
976 3216 1117 3285 quantum
1139 3206 1169 3265 iu
1192 3202 1280 3264 nohis
1296 3210 1344 3264 est

127 3306 294 3385 ..unigenito
318 3304 433 3384 privare
457 3305 563 3377 Verbo,
587 3305 665 3382 quod
690 3323 809 3384 semper
831 3324 896 3366 cum
919 3305 969 3368 illo
992 3307 1062 3381 luit,
1086 3318 1116 3368 ct
1138 3305 1186 3367 illa
1208 3312 1271 3366 erat
1292 3322 1342 3365 ca-

126 3407 264 3483 ‚‚picntia,
288 3422 345 3483 qua
367 3404 574 3467 delectabatur.
617 3405 754 3483 Alioquin
777 3424 845 3467 eum
868 3424 928 3466 non
957 3425 1076 3487 semper
1096 3406 1191 3468 luisse
1212 3392 1343 3465 delecta-

126 3515 206 3573 „urm
228 3505 453 3583 intelligendum
473 3505 563 3566 erit.“
608 3505 651 3566 En
681 3505 769 3585 igitur
797 3524 854 3567 nos
881 3507 999 3585 quidem
1028 3507 1104 3568 hanc
1126 3504 1304 3569 senteutiam
1327 3522 1345 3566 a

123 3606 253 3669 Patribus
276 3607 313 3667 ad
335 3604 437 3666 Patres
459 3605 606 3667 transisse
629 3606 884 3681 demonstramus,
912 3626 966 3668 vos
995 3625 1082 3682 verto,
1112 3605 1223 3668 anovi
1243 3604 1344 3666 ludaei

124 3717 148 3766 et
168 3707 295 3788 Caiphae
318 3706 465 3786 discipuli,
488 3725 565 3785 quos
587 3706 700 3779 Patres,
724 3707 773 3786 qui
797 3707 902 3769 vestris
918 3708 1030 3769 voculis
1046 3708 1182 3781 laverint,
1205 3703 1345 3767 exhihere

122 3805 268 3884 potestis?
312 3805 430 3868 Nullum
458 3814 536 3869 certe
564 3808 740 3887 prudentem
770 3815 799 3869 et
826 3808 990 3887 sapientem
1018 3826 1148 3888 unquam
1169 3804 1345 3887 proderetis3

123 3927 220 3970 omnes
250 3907 329 3969 enirn
358 3926 374 3968 a
402 3907 486 3970 vobis
514 3908 676 3970 abhorrent
701 3915 819 3988 praeter
847 3926 940 3970 unum
967 3907 1133 3983 diabolum,
1166 3906 1217 3986 qui
1238 3921 1347 3984 nempe

120 4231 182 4289 genis
200 4229 380 4292 operibnsnon
400 4228 518 4289 leguntur.
555 4228 605 4278 Cir.
624 4236 703 4276 tamen
757 4226 813 4277 edit.
831 4224 967 4288 Commelq
992 4240 1044 4275 eam
1063 4233 1143 4276 tameo
1162 4223 1221 4274 nihil
1239 4221 1344 4273 relatio

120 4296 177 4362 dpp.
196 4298 251 4346 edd.
269 4297 351 4345 linaei.
373 4295 389 4343 l.
409 4310 433 4372 p
455 4293 510 4345 teu.
530 4310 552 4344 n.
572 4292 608 4357 d.]
758 4294 832 4344 latino
851 4293 960 4357 exprimi.

147 4365 267 4415 tlhditio
285 4364 414 4413 Parisiens
395 4378 429 4410 rs
448 4363 589 4426 particulam
608 4354 644 4415 uls
662 4362 704 4412 ad·
791 4376 814 4413 e.
832 4361 888 4423 Reg
907 4352 987 4408 εἰκών
1004 4359 1098 4409 omittit

118 4432 149 4481 dit
166 4443 220 4483 ante
237 4423 393 4498 πρότερον,
418 4429 462 4480 sed
486 4430 555 4481 abest
572 4444 586 4480 a
604 4443 662 4480 msa.
682 4438 706 4481 et
791 4429 809 4480 Ι.
827 4428 868 4479 Sic
884 4429 942 4492 lteg.
977 4427 1040 4478 Editi
1058 4432 1137 4476 autem
1155 4431 1179 4474 et
1197 4415 1269 4473 alii¹
1255 4419 1343 4488 ημῶν.
