2948 5092
93 252 95 260 Ι
111 258 154 324 58
438 290 445 301 ·
513 269 539 313 θ’.
554 268 707 313 ΔΤΙΔΜΒΙΙ
723 268 946 311 Ancflfflmcom

25 440 178 510 Μαρον.
225 429 364 487 σκοπεῖν
398 419 433 483 δέ
465 415 563 481 τοῦτό
585 439 624 482 σε
649 417 710 500 μὲν
732 415 874 495 ἔξεστιν,
910 412 1060 494 ἐκείνους·
1084 417 1120 482 δὲ
1147 416 1342 485 κατακούειν

77 528 81 540 “
110 524 188 601 τοὺς
210 516 443 596 άπαιδεύτοος.
490 518 652 584 δέδεικται
675 517 708 583 έν
731 527 803 595 τοῖς
826 518 1038 602 ἔμπροσθεν,
1060 519 1116 583 καί
1139 514 1226 583 τοῦτ’
1252 518 1341 585 ἔστιν

111 618 237 711 άληθὲς
257 619 437 699 πιστεύειν,
460 616 517 684 τὸν
539 617 635 704 λόγον
658 619 692 685 ἐκ
714 622 772 684 τοῦ
795 617 922 704 πατρὸς
945 613 1031 685 εἶναι
1051 621 1107 684 καί
1127 618 1232 702 μόνον
1254 620 1344 687 ίδιον

111 720 212 793 αὐτοῦ
245 726 299 790 καὶ
335 721 433 810 φύσει
465 725 615 806 γέννημα.
659 717 770 785 πόθεν
798 719 860 805 γὰρ
890 717 1036 787 ἄλλοθεν
1058 720 1190 805 νοήσειέ
1211 746 1264 799 τις
1285 720 1344 788 τὸν

110 824 193 905 οίόν,
217 821 255 903 ῦς
277 825 367 891 ε’στιν
389 819 408 908 ἡ
432 826 536 908 σοφία
558 821 610 885 καί
634 815 652 884 ὁ
675 819 780 904 λόγος,
804 820 838 886 έν
861 810 888 904 ᾦ
910 819 952 886 τὰ
973 818 1086 887 πάντα
1107 827 1248 906 γέγονεν,
1272 818 1345 909 ἢίξ

112 921 212 992 αύτοῦ
234 928 293 991 τοῦ
317 926 418 1005 θεούς
453 918 543 1006 ὅμως
571 922 607 986 δὲ
628 923 726 987 τοῦτο
747 924 800 986 καί
824 920 918 1006 παρὰ
939 925 1006 989 τιῦν
1027 926 1164 1008 γραφῶν
1186 924 1345 1012 μεμαθή-

110 1053 222 1110 καμεν,
245 1028 303 1091 τοῦ
324 1026 385 1110 μὲν
408 1020 537 1107 πατρὸς
552 1021 609 1088 διὰ
623 1025 682 1087 τοῦ
697 1022 809 1108 Δαβίδ
823 1024 992 1108 λέγοντος·
1016 1023 1211 1110 ἐξηρεύξατο
1227 1021 1346 1113 ἡκαρ-

112 1127 168 1195 δία
187 1151 252 1213 μου
275 1125 372 1214 λόγον
395 1122 563 1211 ἀγαθόν’),
587 1128 656 1188 καί·
680 1122 714 1188 ἐκ
735 1122 877 1211 γαστρὸς
899 1122 971 1209 πρὸ
994 1124 1167 1212 ἑωςφόρου
1184 1125 1342 1213 ἐγέννησα

20 1240 24 1249 ’
111 1231 187 1310 σε’),
210 1231 269 1294 τοῦ
294 1228 330 1295 δὲ
350 1228 424 1293 ολοῦ
446 1223 526 1310 περὶ
547 1223 665 1290 ἑαυτοῦ
680 1224 863 1303 δεικνύντος
877 1236 950 1304 τοῖς
968 1220 1157 1306 Ἰουδαίοις·
1180 1226 1211 1294 εί
1226 1222 1246 1292 ὁ
1261 1228 1346 1306 θεὸς

111 1329 220 1416 πατὴρ
237 1326 328 1414 ῦμῶν
342 1319 392 1415 ἢν,
415 1323 566 1416 ἠγαπᾶτε
582 1320 621 1391 άν
637 1325 709 1409 ἐμέ·
732 1325 795 1412 ἐγὼ
810 1326 871 1413 γὰρ
887 1327 921 1393 εἰι
935 1331 996 1393 τοῦ
1011 1326 1141 1413 πατρὸς
1156 1328 1343 1416 έξηλθονῧ),

110 1434 163 1497 καί
192 1429 312 1497 πάλιν·
343 1425 401 1512 οῦχ
431 1424 484 1493 ὅτι
511 1426 736 1514 1τὸνπατέρα
757 1455 808 1508 τις
831 1428 987 1514 ἑώρακεν,
1018 1429 1048 1495 εί
1068 1428 1113 1515 μὴ
1138 1425 1156 1494 ὃ
1180 1425 1227 1496 ιῦν
1249 1430 1346 1513 παρὰ

22 1559 24 1562 ⁴
110 1535 168 1598 τοῦ
190 1535 285 1610 θεοῦ,
310 1520 406 1610 οὗτος
428 1530 550 1615 ἑώρακε
571 1527 630 1594 τὸν
653 1534 782 1615 πατέρα
791 1534 821 1611 ¹),
844 1534 898 1596 καὶ
920 1529 985 1616 μὴν
1007 1530 1063 1596 καὶ
1085 1530 1139 1595 τό·
1163 1530 1228 1616 ἔγιὺ
1251 1528 1341 1597 καὶὸ

109 1632 221 1720 πατὴρ
245 1633 278 1699 ἓν
302 1631 443 1716 ἕσμενδ),
466 1638 537 1696 καί·
561 1629 624 1715 ἐγὼ
648 1630 681 1696 ἔν
703 1635 750 1718 τῷ
772 1639 892 1716 πατρί,
916 1635 969 1698 καί
994 1628 1012 1697 ὃ
1034 1632 1144 1721 πατὴρ
1168 1632 1202 1699 έν
1226 1633 1343 1724 ἔμοί6),

111 1728 185 1800 ἶσόν
208 1733 280 1800 ἐστι
301 1736 348 1819 τῷ
371 1734 492 1819 λέγειν·
516 1731 578 1818 ε’γιίι
602 1732 636 1798 ἔκ
650 1735 709 1797 τοῦ
724 1731 853 1817 πατρός
868 1732 937 1817 είμι
951 1737 1004 1799 καὶ
1023 1730 1212 1820 ἀδιαίρετος
1228 1730 1342 1800 αὐτοῦ.

109 1836 164 1900 καί
188 1829 206 1900 ό
225 1829 374 1920 Ἰωάννης
397 1835 433 1900 δέ
455 1834 572 1919 λέγων·
603 1829 621 1898 ό
642 1832 820 1921 μονογενὴς
844 1834 928 1912 οἶός,
954 1831 972 1899 ῦ
995 1831 1041 1902 α’ίν
1064 1836 1112 1915 είς
1133 1836 1192 1902 τὸν
1215 1836 1343 1901 κόλπον

110 1939 169 2001 τοῦ
191 1934 328 2020 πατρός,
352 1935 475 2013 ἐκεῖνος
497 1935 718 2023 ἐξηγησατοῖ),
741 1933 863 2019 μαθιίιν
885 1940 991 2002 ταῦτα
1013 1937 1107 2022 παρὰ
1128 1942 1187 2002 τοῦ
1212 1942 1344 2022 Βσιοτῆ-

109 2062 167 2123 ρος
190 2039 305 2124 είρηκε.
350 2043 384 2102 τί
411 2036 471 2122 γάρ
502 2033 583 2102 άλλο
606 2035 644 2102 τό
668 2035 701 2102 ἒν
724 2035 864 2115 κόλποις
887 2043 1056 2124 σημαίνει,
1081 2033 1102 2125 ἢ
1123 2037 1182 2124 τὴν
1204 2045 1344 2126 γνησίαν

111 2138 145 2205 ἐκ
167 2142 225 2204 τοῦ
247 2136 375 2222 πατρὸς
396 2141 455 2203 τοῦ
479 2138 551 2203 οἱοῦ
573 2144 739 2225 γέννησινς

137 2286 141 2291 -
195 2244 246 2305 22.
292 2239 333 2304 Εί
354 2241 414 2323 μὲν
438 2229 494 2303 οῦν
517 2238 574 2304 τόν
596 2239 679 2305 θεὸν
701 2235 829 2324 ἡγεῖταί
851 2265 902 2318 τις
924 2234 1010 2305 εἶναι
1033 2239 1213 2318 σύνθετον,
1239 2235 1285 2318 ιύς
1309 2240 1343 2306 ἐν

108 2343 148 2427 τῇ
172 2334 270 2427 οῦσέᾳ
297 2339 335 2404 τὸ
356 2340 573 2427 συμβεβηκός,
604 2335 624 2425 ἢ
647 2341 773 2418 ἔξωθέν
795 2367 870 2406 τινα
893 2340 1074 2427 περιβολὴν
1098 2342 1258 2422 ἔχεινκαὶ
1284 2368 1340 2406 κα·

109 2440 309 2521 λύπτεσθαι,
334 2436 354 2526 ἢ
377 2437 461 2508 εἶναί
482 2468 557 2507 τινα
579 2443 656 2526 περὶ
682 2438 782 2507 αὐτὸν
805 2441 847 2508 τὰ
870 2445 1127 2529 συμπληροῦντα
1147 2441 1207 2526 τὴν
1223 2438 1343 2508 οὐσίαν

110 2537 226 2623 αὐτοῦ,
252 2540 332 2621 ιῦςτε
356 2546 509 2629 λέγοντας
531 2539 616 2629 ἡμᾶς
638 2542 721 2609 θεὸν
744 2538 765 2628 ἢ
789 2539 1009 2628 ὀνομάζοντας
1031 2551 1160 2629 νεα-τέρα
1177 2543 1222 2630 μὴ
1240 2539 1344 2629 αὐτὴν

58 2684 64 2695 -
108 2643 167 2733 την
183 2640 325 2730 ἀόρατον
348 2641 448 2712 αὐτοῦ
471 2648 523 2710 καί
542 2641 774 2731 ἀκατάληπτον
791 2641 907 2711 οῦσίαν
925 2653 1105 2732 σημαίνειν,
1130 2641 1215 2710 άλλά
1228 2650 1262 2710 τι
1275 2650 1343 2710 τιῦν

108 2750 185 2833 περὶ
209 2742 341 2832 οαῦτην·
363 2753 615 2834 μεμφέσθιοσαν
638 2748 698 2829 μὲν
720 2745 777 2834 τὴν
802 2746 940 2812 σύνοδον
962 2746 1141 2831 γράψασαν
1161 2747 1195 2813 ἐκ
1211 2752 1269 2832 τῆς
1286 2743 1344 2811 ού-

109 2856 185 2926 σίας
208 2844 293 2914 εἶναι
314 2854 373 2914 τοῦ
395 2853 479 2916 θεοῦ
501 2847 560 2914 τόν
582 2848 669 2927 υἱόν,
699 2854 963 2913 κατανοείτιοοαν
994 2849 1046 2926 δέ,
1077 2844 1131 2913 ότι
1154 2848 1213 2913 δύο
1237 2852 1343 2913 ταῦτα

107 2950 358 3035 βλαςφημοῦσιν
394 2948 480 3017 οῦτιο
510 2949 748 3032 διανοούμενοι.
800 2949 857 3014 τόν
886 2975 922 3016 τε
950 2947 1011 3034 γάρ
1039 2948 1122 3016 θεὸν
1153 2949 1344 3031 σωματικόν

108 3075 183 3115 τινα
206 3050 386 3134 είςάγοοσι,
415 3055 468 3117 καί
492 3050 549 3117 τὸν
571 3051 683 3136 κύριον
706 3045 762 3116 οῦκ
786 3045 886 3115 αὐτοῦ
909 3054 967 3115 τοῦ
990 3051 1134 3136 πατρός,
1167 3046 1252 3117 άλλά
1274 3055 1343 3116 τῶν

108 3153 185 3236 περὶ
216 3146 316 3216 αὐτὸν
345 3147 431 3218 εἶναι
460 3152 531 3218 υἱὸν
560 3151 836 3236 καταψεύδονται.
883 3152 912 3217 εί
942 3153 977 3217 δὲ
1000 3150 1128 3218 άπλοῦν
1146 3135 1185 3217 Ιτί
1207 3152 1298 3218 ἐστιν
1323 3148 1342 3215 δ

107 3251 206 3331 θεός,
232 3248 341 3337 άίςνιερ
365 3243 497 3319 οὖνκαὶ
522 3255 608 3334 ἔστι,
633 3256 732 3340 δῆλον
755 3249 809 3318 ὅτι
831 3254 980 3339 λέγοντες
1001 3252 1059 3318 τὸν
1080 3252 1165 3320 θεὸν
1186 3257 1241 3319 καί
1265 3249 1342 3319 όνο-

108 3352 267 3439 μάζοντες
288 3353 346 3419 τὸν
368 3360 498 3440 πατέρα
521 3352 615 3421 οὐδέν
630 3381 664 3421 τι
687 3350 732 3433 ιῦς
746 3358 822 3440 περὶ
841 3350 940 3420 αὐτόν
958 3349 1169 3438 ὀνομάζομεν,
1194 3349 1263 3421 ἀλλ’
1283 3351 1344 3421 αύ-

108 3454 166 3543 την
189 3455 246 3541 τὴν
270 3450 386 3523 οῦσίαν
409 3451 509 3522 αὐτοῦ
532 3462 742 3543 σημαίνομεν.
763 3448 847 3543 ’κάν
869 3455 930 3541 γὰρ
953 3457 1161 3540 καταλαβεῖν,
1187 3451 1241 3521 ότι
1256 3464 1342 3523 ποτέ

109 3555 199 3623 ἐστιν
221 3551 241 3642 ἡ
263 3561 322 3621 τοῦ
344 3560 428 3624 θεοῦ
451 3552 558 3637 οῦσία,
581 3556 625 3644 μὴ
647 3585 668 3644 η
692 3556 839 3636 δυνατόν,
864 3552 948 3622 άλλά
969 3557 1071 3640 μόνον
1086 3561 1238 3635 νοοῦντες
1255 3553 1342 3624 εἶναι

107 3655 280 3738 τὸνθεόν,
302 3662 356 3725 καλ
378 3662 437 3747 τῆς
457 3662 588 3746 γραφῆς
609 3658 643 3725 έν
665 3658 797 3737 τούτοις
818 3653 918 3724 αῦτὸν
942 3659 1174 3746 σημαινούσης,
1199 3655 1258 3725 οῦκ
1281 3657 1343 3726 άλ-

107 3760 166 3824 λον
188 3758 263 3826 τινὰ
291 3763 344 3826 καί
366 3756 462 3847 ἡμεῖς
483 3755 504 3849 ἢ
526 3756 625 3826 αὐτὸν
648 3763 793 3847 σημᾶναι
814 3760 989 3839 θέλοντες,
1020 3761 1155 3846 λέγομεν
1178 3760 1262 3827 θεὸν
1285 3763 1339 3827 καί

107 3867 238 3946 πατέρα
259 3863 312 3928 καὶ
335 3861 456 3948 κύριον.
502 3858 581 3927 ὅταν
603 3865 681 3948 γοῦν
703 3863 796 3949 λέγῃ·
821 3861 883 3946 ἐγώ
907 3861 975 3946 είμι
999 3857 1100 3940 δοῦν,
1135 3861 1252 3928 καὶτὸ
1276 3861 1342 3947 έγιύ

22 3962 178 4046 malm
199 3962 310 4048 κύριος
333 3959 351 4028 δ
372 3962 471 4043 θεός,
494 3966 548 4029 καί
572 3958 659 4028 ὅπου
681 3965 766 4029 ποτὲ
789 3963 876 4048 λέγει
896 3958 917 4051 ἡ
938 3962 1047 4050 γραφὴ
1072 3959 1090 4028 ό
1111 3962 1210 4042 θεός,
1243 3959 1341 4049 ἡμεῖς

108 4058 384 4150 άναγινώσκοντες
408 4059 502 4130 οῦδὲν
525 4064 635 4149 ἕτερον
656 4057 677 4149 ἢ
699 4060 799 4150 αὐτὴν
820 4063 880 4150 τὴν
902 4059 1133 4150 ἀκατάληπτον
1156 4060 1258 4130 αῦτοῦ
1282 4060 1341 4129 ού·

108 4174 183 4234 σίαν
207 4172 447 4254 σημαινομένην
471 4168 616 4250 νοοῦμεν,
640 4168 694 4231 καί
717 4161 770 4232 ότι
793 4165 881 4231 ἐστίν
904 4161 1006 4250 όνπερ
1022 4165 1181 4249 λέγουσιν.
1221 4162 1340 4231 ούκοῦν

107 4267 152 4354 μὴ
181 4269 361 4349 ξενιζέσθιο
383 4292 435 4346 τις
465 4263 591 4333 ἀκούων
615 4266 649 4333 ἐκ
671 4270 729 4352 τῆς
751 4261 867 4345 οῦσίας
889 4270 947 4332 τοῦ
969 4270 1054 4332 θεοῦ
1078 4262 1243 4333 εἶναινῦν
1266 4265 1339 4332 υίὸν

179 4421 549 4491 11Psa1.45[44txx1‚2.
630 4418 1045 4488 2)vsal.110[109.txx.].3.
1121 4421 1338 4480 311οτιι.8,42.

107 4491 134 4551 4)
152 4494 218 4542 ioan.
238 4493 263 4554 6,
282 4493 323 4543 46.
393 4492 419 4553 5)
438 4492 504 4541 loun.
525 4491 566 4552 10,
584 4489 625 4541 ³0.
695 4490 721 4552 6)
739 4491 805 4540 Ιοοιι.
827 4491 865 4550 1⁴,
887 4489 926 4540 10.
998 4490 1109 4549 Ιίγίοτιι.
1129 4491 1152 4549 1,
1174 4489 1212 4541 18.
