2934 5078
132 243 171 308 18
528 256 555 300 ε.
569 255 723 300 mmmm
735 254 956 299 ικετιτνιιεοει

45 431 123 477 υτον.
130 414 269 495 μίμησις
302 406 336 471 δὲ
359 404 462 471 7καθά
495 413 660 487 προεῖπον
690 405 748 489 τῆς
767 397 942 488 Ἰουδαϊκῆς
962 408 1170 488 κακοηθείας.
1215 406 1269 469 καί
1292 404 1347 491 γάρ

132 507 337 593 ἐλεγχόμενοι
364 501 507 591 κάκεῖνοι
530 502 623 589 παρὰ
644 506 702 588 τῆς
724 498 898 590 ἀληθείας,
927 504 979 568 καὶ
1001 502 1046 588 μὴ
1065 502 1245 587 ’δυνάμενοι
1268 504 1347 589 πρὸς

131 603 232 695 αὐτὴν
254 602 472 692 ἀντιβλέπειν,
497 602 762 691 ἒπροφασίζοντο
785 605 947 689 λέγοντες·
971 610 1004 669 τί
1025 613 1137 681 ποιεῖς
1150 602 1190 695 σὺ
1205 615 1347 692 σημεῖον,

130 710 187 775 ἵνα
216 710 338 791 ἴδωμεν
365 711 419 774 καλ
449 704 678 790 πιστεύσωμέν
707 729 780 786 σοι,
813 712 845 770 τί
874 704 1036 793 ε’ργιλζη’),·
1071 711 1183 771 καίτοι
1208 700 1347 793 σημείων

46 836 121 879 νοω.
130 810 297 878 τοσούτων
318 816 508 895 γενομένων,
533 804 614 885 ιόςτε
637 809 740 892 λέγειν
761 809 816 874 καὶ
831 801 965 885 αὐτούς·
988 814 1021 871 τί
1035 809 1207 889 ποιοῦμεν,
1232 796 1347 874 ότιοό-

130 937 187 992 τος
209 909 227 977 ό
250 910 433 997 όνθρωπος
454 908 565 975 πολλὰ
586 919 680 975 ποιεῖ
696 911 863 995 σημεῖαἿς
891 911 995 993 νεκροί
1012 906 1073 994 γάρ
1088 901 1267 994 ἠγείροντο,
1286 934 1347 993 χω

130 1016 183 1081 λολ
205 1012 439 1098 περιεπάτουν,
462 1011 582 1098 τυφλοὶ
605 1004 795 1095 ἀνέβλεπεν,
819 1010 937 1094 λεπροὶ
961 1009 1213 1095 ι’-καθαρίζοντο,
1236 1013 1293 1077 καλ
1313 1011 1347 1077 τό

130 1112 219 1199 ὕδωρ
242 1110 331 1192 σίνος
353 1113 486 1199 ε’γίνετο,
510 1114 562 1177 καί
587 1107 658 1177 ἀπὸ
679 1116 779 1178 πέντε
801 1107 909 1195 ἀρτων
932 1110 1157 1197 έκορέσθησαν
1178 1136 1347 1190 πεντακις--

129 1219 240 1299 χίλιοι.
277 1218 331 1281 καί
354 1214 386 1280 οῖ
407 1214 467 1297 μὲν
490 1212 611 1289 πάντες
633 1208 822 1296 ἐθαύμαζον
843 1215 896 1279 καὶ
920 1212 1137 1299 προςεκόνουν
1157 1210 1347 1298 τὸνκάριον,

132 1313 365 1403 ὁμολογοῦντες
388 1314 421 1380 ἒν
444 1307 532 1399 αὐτῷ
554 1314 771 1401 πληροῦσθαι
791 1312 851 1392 τὰς
865 1320 1072 1401 προφητείας
1086 1316 1138 1379 καὶ
1156 1307 1257 1379 αἰτόν
1268 1306 1347 1380 εἶναι

129 1418 212 1485 θεὸν
235 1421 292 1483 τοῦ
316 1418 399 1482 θεοῦ
421 1414 478 1481 τόν
502 1412 587 1481 υἱόν·
609 1413 709 1499 μόνοι
730 1416 766 1480 όὲ
789 1415 820 1480 οῖ
838 1422 1031 1501 Φαρισαῖοι,
1055 1414 1085 1482 εἰ
1106 1417 1157 1481 καί
1182 1413 1347 1500 ·λαμπρό

130 1544 209 1605 τερα
238 1514 331 1603 ἡλίου
361 1516 545 1605 φαινόμενα
574 1504 613 1601 ἦν
639 1515 681 1583 τά
710 1522 843 1603 σημεῖα,
879 1512 969 1601 ὅμως
990 1516 1094 1583 πάλιν
1115 1511 1347 1602 ε’γόγγυζονάς

131 1614 352 1705 ἀμαθεῖςκαὶ
374 1618 500 1705 ἔλεγον·
524 1618 615 1684 ὁιατέ
635 1615 674 1683 σό
698 1614 882 1704 ἄνθρωπος
892 1611 938 1685 ιόν
949 1628 1061 1697 ποιεῖς
1076 1617 1214 1685 σεαυτὸν
1229 1616 1347 1701 θεόν’),·

129 1719 273 1809 ἀφρονες
299 1722 354 1786 καί
381 1720 438 1807 τῷΙ
451 1714 523 1787 όντι
543 1719 664 1808 τυφλοὶ
686 1719 744 1806 τὴν
767 1718 925 1787 διάνοιαν.
972 1720 1046 1787 δέον
1066 1718 1107 1787 τὸ
1128 1718 1273 1804 ἔμπαλιν
1295 1713 1347 1786 αά

128 1821 206 1900 τοὺς
233 1822 354 1908 λέγειν·
383 1814 474 1887 όιατί
501 1820 541 1888 σὺ
563 1820 646 1900 θεὸς
668 1816 714 1887 ὢν
737 1818 921 1907 ἄνθρωπος
943 1827 1078 1906 γέγονας
1085 1851 1096 1903 ,·
1126 1818 1170 1887 τό
1190 1818 1254 1907 γάρ
1277 1820 1347 1906 ἔργα

129 1922 212 1990 θεὸν
235 1918 334 1989 αὐτόν
357 1923 525 2003 ἐδείκνυεν,
549 1924 606 1990 ἵνα
627 1922 685 2008 τὴν
705 1924 766 2007 μέν
788 1918 1195 2010 ἀγαθότητατοῦποιτρός
1209 1945 1347 2008 προςκυ-

129 2023 264 2112 νήσωσι,
287 2024 345 2109 τὴν
369 2025 404 2090 δὲ
427 2022 468 2091 δι’
492 2020 578 2109 ἡμᾶς
600 2020 700 2091 αότοῦ
724 2020 912 2111 οἰκονομίαν
934 2021 1153 2107 θαυμάσωσι·
1177 2026 1276 2091 τοῦτο
1291 2026 1347 2110 μὲν

128 2122 205 2192 οότε
227 2126 345 2212 έλεγον,
370 2120 438 2191 ἀλλ’
463 2122 538 2192 οὔτε
559 2126 601 2194 τὰ
622 2125 777 2212 γινόμενα
797 2128 934 2213 βλέπειν
957 2124 1140 2209 ἐβούλοντο.
1174 2118 1347 2213 ἢόβλεποι

55 2294 60 2303 ,
126 2232 204 2310 μέν·
228 2226 263 2306 ἐξ
283 2221 422 2314 ἀνάγκης
443 2227 504 2314 γάρ
527 2217 565 2315 ἦν
589 2223 669 2314 όρᾶν
691 2224 790 2295 αότά·
811 2227 915 2294 πάλιν
939 2229 975 2294 δὲ
997 2226 1166 2313 ἐγόγγυζον
1187 2228 1347 2314 μεταβαλ·

127 2327 276 2412 λόμενοι·
307 2329 397 2395 δια-τί
425 2328 458 2395 έν
480 2332 526 2415 τῷ
551 2328 706 2416 σαββάτῳ
728 2329 929 2416 θεραπεύεις
951 2328 1009 2396 τὸν
1030 2326 1270 2414 παραλυτικόν,
1298 2330 1347 2395 καί

127 2428 185 2496 τόν
214 2428 248 2497 ἐκ
275 2433 405 2516 γενετῆς
425 2429 551 2516 τυφλόν
574 2430 647 2499 τότε
670 2436 781 2509 ποιεῖς
802 2427 1049 2517 ἀναβλέπειν),
1086 2432 1185 2496 τοῦτο
1209 2429 1246 2497 δὲ
1268 2428 1347 2517 πρό

127 2555 231 2618 φασις
263 2530 366 2598 πάλιν
394 2521 432 2617 ἦν
460 2534 513 2599 καί
541 2532 644 2616 μόνον
672 2532 862 2618 γογγυσμός.
898 2536 952 2599 καί
980 2530 1042 2617 γάρ
1070 2529 1104 2599 ἓν
1133 2540 1208 2611 ταῖς
1235 2526 1347 2611 ἄλλαις

126 2626 263 2718 ἡμέραις
289 2632 539 2719 θεραπεύοντος
560 2638 618 2700 τοῐΙ
641 2642 753 2718 κυρίου
776 2637 889 2701 πᾶσαν
913 2632 1010 2701 νόσον
1033 2634 1086 2698 καὶ
1109 2635 1223 2699 πᾶσαν
1244 2634 1347 2718 μαλα-

125 2739 213 2813 κίαν,
242 2732 362 2802 έκεῖνοι
390 2734 545 2820 συνήθως
573 2736 773 2823 ἐμέμφοντο,
798 2737 851 2801 καὶ
873 2736 999 2818 μᾶλλον
1021 2733 1145 2819 ἤθελον
1167 2728 1347 2823 ἀθεότητος

125 2834 209 2917 ἔχειν
231 2832 393 2903 ὑπόνοιαν
416 2836 636 2923 1’Βεελζεβσόλ
659 2832 881 2920 ὀνομάζοντες,
904 2830 926 2921 ἢ
947 2830 1159 2922 ἀρνήσασθαι
1180 2834 1240 2922 τὴν
1264 2834 1347 2903 ίδίαν

83 3012 92 3021 ἢ
124 2944 295 3020 πονηρίαν.
341 2932 425 3002 ἀλλὰ
447 2941 500 3003 καὶ
524 2930 629 3015 οὕτως
649 2941 708 3002 τοῦ
732 2941 878 3022 σωτῆρος
900 2938 1096 3023 πολυμερῶς
1117 2938 1169 3003 καὶ
1185 2934 1347 3024 πολυτρό-

124 3060 199 3112 πως
227 3036 431 3114 όεικνόονιος
461 3038 595 3103 ·έαι·τοι”,·
626 3036 683 3123 τὴν
706 3038 851 3125 θεότητα
879 3042 933 3105 καὶ
955 3034 1241 3124 εὐαγγελιζομένου
1264 3040 1347 3105 πᾶσι

124 3141 261 3222 πατέρα,
286 3131 381 3201 οὐδὲν
405 3127 501 3221 ἧττον
524 3136 638 3225 ὥσπερ
662 3139 708 3216 είς
730 3145 845 3223 κέντρα
860 3140 1063 3220 λακτίζοντες
1079 3134 1251 3225 ἀντέλεγον
1267 3138 1348 3207 ἐκεῖ·

123 3257 176 3300 νοι
196 3238 470 3322 μωρολογοίντες,
494 3238 550 3304 ἵνα
570 3239 672 3322 μόνον
694 3240 776 3306 κατὰ
797 3239 856 3327 τὴν
877 3247 977 3309 θείαν
992 3247 1177 3325 παροιμίαν
1192 3240 1347 3328 ’Ῑπροφά-

124 3358 194 3414 σεις
215 3335 463 3424 ε’·φευρίσκοντες
483 3347 670 3426 χωρίσωσιν
693 3341 830 3421 ἑαυτοὺς
851 3336 921 3409 ἀπὸ
943 3345 1000 3427 τῆς
1023 3337 1191 3429 ἀληθείας.

208 3444 237 3503 2.
280 3433 432 3507 Ἰουδαῖοι
453 3444 513 3524 μὲν
535 3432 609 3508 ὀὖν
633 3444 665 3509 οἱ
686 3442 762 3511 τότε
775 3446 914 3511 τοιαῦτα
930 3442 1197 3530 πονηρευόμενον,
1219 3445 1274 3510 καλ
1292 3437 1347 3529 ἀρ-

122 3536 276 3621 νούμενοι
307 3540 366 3608 τὸν
396 3541 522 3627 κόριον,
558 3543 692 3623 εἰκότως
718 3546 784 3610 τῶν
813 3570 848 3611 τε
877 3544 986 3630 νόμων
1007 3548 1060 3611 καὶ
1084 3549 1143 3635 τῆς
1162 3542 1251 3629 πρὸς
1273 3542 1347 3623 τοὺς

121 3645 268 3725 πατέρας
296 3641 492 3727 ἐπαγγελίας
520 3644 582 3725 ἔξω
609 3644 770 3731 γεγόνασι.
815 3648 868 3713 κοιλ
888 3640 1052 3732 Ἀρειανοί
1078 3647 1115 3713 δὲ
1136 3648 1193 3713 νῦν
1211 3641 1347 3713 ’lavdat-

121 3738 231 3819 ζοντες
259 3736 286 3807 τ’
311 3738 410 3810 αἰτόν
439 3769 497 3827 μοι
528 3747 663 3813 όοκοόσι
690 3747 830 3830 πάσχειν
858 3749 905 3835 τῷ
928 3746 1069 3834 Καῖάφη
1097 3750 1150 3813 καί
1178 3756 1252 3826 τοῖς
1274 3746 1347 3815 τότε

123 3846 338 3926 Φαρισαίοις·
362 3840 456 3912 οῦδὲν
478 3844 539 3931 γάρ
563 3842 703 3931 ὁρῶντες
725 3847 859 3933 εόλογον
883 3848 1020 3931 ἔχουσαν
1042 3849 1167 3917 ἑαυτῶν
1182 3848 1241 3936 τὴν
1258 3850 1348 3936 αἳρε-

121 3961 190 4019 σιν,
221 3944 409 4033 προφάσεις
439 3947 627 4029 ἐπινοοῦσι,
652 3951 743 4017 όιατέ
764 3954 860 4017 τοῦτο
883 3952 935 4017 καί
957 3949 1003 4035 μὴ
1025 3954 1123 4017 τοῦτο
1144 3956 1347 4035 γέγροιττταις

119 4044 173 4107 καλ
194 4043 239 4131 μή
261 4070 315 4111 τοι
336 4048 523 4135 θαυμάσῃς,
548 4049 577 4116 εί
598 4054 735 4117 τοιαῦτα
757 4056 812 4118 νῦν
826 4054 1051 4140 μηχανῶνται·
1072 4048 1141 4135 μετ’
1159 4046 1272 4137 ὀλίγον
1285 4050 1346 4137 γάρ

190 4199 213 4259 1)
232 4201 401 4263 Ιοτο.ίν,30.
472 4206 496 4259 ἳλ
515 4207 580 4256 Ιοεο.
601 4207 641 4267 11,
660 4209 701 4257 47.
773 4208 1003 4269 θ)1οοιι.10,33.
1074 4210 1100 4261 4)
1119 4209 1184 4257 Ιοεο.
1203 4207 1227 4256 5.
1247 4206 1314 4259 τοῦ.

153 4349 175 4383 ‘'¹-
194 4334 249 4395 ΠΨ·
268 4332 467 4403 λαμπρόῐέρθν·
795 4359 814 4392 c.
834 4345 873 4391 Sic
892 4346 947 4405 Ιῖορ.
984 4344 1028 4393 Alii
1047 4357 1101 4391 νοιο
1121 4351 1143 4390 ει
1162 4343 1219 4391 edili
1234 4332 1328 4393 αι’·τσῦ.

153 4401 435 4465 b.1tasseg.etssasn.
472 4408 533 4459 Εάίιῖ
558 4424 612 4460 vero
637 4425 705 4460 men·
793 4411 817 4460 d.
836 4412 879 4461 ΙΙίε
902 4411 987 4462 alludit
1011 4412 1035 4461 S.
1054 4411 1199 4461 Athanasius
1223 4412 1255 4461 ειΙ
1277 4412 1343 4461 Prot.

119 4465 178 4515 dose
197 4469 287 4520 addunt
306 4463 362 4530 τόν,
