2948 5092
453 274 562 339 onemo
578 276 610 319 ιι.
628 276 744 320 cosxnx
757 276 893 321 munos.
1212 264 1277 331 433

64 422 153 500 liberi,
184 442 316 505 rmeque
337 424 565 505 inperpetuum
587 435 813 505 permanerent,
846 426 1066 491 immortalitate
1088 438 1119 493 et
1140 430 1362 497 income-aur.

65 525 155 605 pu'oue
191 532 353 607 postquam
389 525 627 589 resurrexissent
656 526 760 589 induti.
803 527 936 608 Namque
968 537 1124 611 postquam
1150 532 1280 597 Verbum

48 644 170 689 ornem
191 625 305 702 induit,
334 635 368 690 ut
389 646 480 707 saepe
501 627 611 691 dictum
634 636 696 701 est,
719 628 756 689 ab
779 647 813 690 ea
835 629 980 693 extinctus
1001 632 1121 713 penitus
1143 640 1190 696 cst
1210 652 1278 697 ser·

62 728 148 807 pontis
172 745 311 802 morsus,
334 735 364 789 et
384 727 524 809 quioquid
545 726 614 790 mali
636 728 826 791 exoriebatur
847 746 883 792 ex
904 731 1002 794 carnis
1024 732 1167 809 motibus,
1188 752 1278 815 prae·

62 830 143 893 coum
172 829 297 892 omniuo
327 837 389 905 est,
420 844 456 891 uc
476 828 605 909 denique
632 827 699 911 ipsa
726 849 810 893 mors
842 833 956 912 peccati
983 852 1084 896 comes
1111 833 1168 896 ibit
1189 834 1279 899 simul

62 924 218 1005 interemto,
240 939 274 993 ut
293 928 519 1011 ipsellominus
539 930 712 993 huiusmodi
734 933 833 995 verbis
856 932 998 997 declarat:
1023 934 1109 999 Venit
1129 934 1277 1017 Princeps

60 1032 138 1097 ttius
160 1033 322 1097 mundior
341 1032 422 1095 nibil
441 1036 474 1095 ιιι
494 1052 541 1095 me
561 1036 693 1107 ιἰιιιαιῐι,
723 1041 767 1097 et:
801 1034 839 1098 Ιιι
867 1034 921 1099 loc
942 1041 1022 1099 caim
1042 1039 1205 1119 opporoit,
1233 1033 1277 1099 uti

59 1132 170 1216 scripsit
189 1133 334 1208 loannes,
362 1143 399 1197 ut
421 1134 569 1197 dissolvor
591 1153 693 1216 opero,
706 1135 828 1199 dr'cbolr’.
869 1136 924 1200 llis
945 1144 1042 1199 autern
1064 1154 1152 1203 carue
1173 1136 1276 1199 disso-

57 1234 136 1311 lutis,
168 1252 277 1297 omncs
297 1241 422 1314 propter
443 1234 539 1296 cornis
562 1234 766 1315 cognationem
788 1236 905 1299 liberati
932 1256 1052 1313 sumus,
1080 1238 1196 1318 iamque
1217 1254 1276 1301 nos

57 1334 136 1399 etiarn
165 1354 236 1399 cum
263 1334 361 1397 Verbo
390 1335 518 1415 copulati
546 1336 669 1400 luimus.
711 1338 809 1400 Porro
843 1356 911 1401 cum
935 1337 1000 1402 lieo
1034 1339 1183 1407 coniuncti
1215 1356 1276 1402 nou

55 1438 174 1519 anplius
195 1436 229 1499 iu
247 1442 328 1505 terra
349 1426 585 1512 remanebimus,
619 1437 674 1500 sed
695 1447 729 1501 ut
749 1439 814 1519 ipse
835 1439 925 1516 dixit,
957 1440 1009 1503 ubi
1036 1440 1085 1504 ille
1111 1442 1184 1515 exit,
1216 1458 1276 1504 uos

54 1556 169 1621 quoque
189 1537 316 1613 miuus,
337 1554 395 1600 uec
415 1546 586 1618 serpentem
607 1538 734 1620 amplius
748 1558 853 1604 sumus
867 1542 1065 1605 formidaturi.
1097 1542 1276 1622 Profligatus

55 1642 125 1703 mim
146 1638 200 1703 ille
222 1646 270 1702 est
289 1656 306 1701 a
328 1638 481 1703 Sulratore
509 1659 578 1703 eum
603 1641 636 1703 iu
664 1660 719 1703 sua
746 1660 835 1705 cerne
863 1652 1061 1725 persequente
1088 1662 1123 1705 oc
1143 1643 1275 1707 dicente:

57 1740 125 1805 tate
143 1751 222 1823 porr
241 1760 302 1814 mc,
329 1753 455 1814 eutoso,
484 1750 572 1822 utque
592 1742 634 1804 its
656 1750 738 1805 extra
759 1744 928 1823 paradisum
950 1744 1101 1825 inignem
1123 1754 1277 1807 aeternum

57 1851 95 1903 est
113 1842 262 1905 deiectus.
297 1840 359 1904 Nec
380 1842 468 1906 etiam
491 1844 567 1905 ullae
588 1842 723 1907 mulieris
738 1843 894 1907 illecebrae
909 1845 1054 1907 cavendae
1069 1845 1158 1907 uobis
1174 1852 1276 1907 eruut:

58 1944 88 2007 lu
112 1948 343 2008 rerurrectione
375 1950 457 2007 mim
481 1964 536 2008 aec
566 1946 687 2010 uoluat
719 1965 774 2009 uec
806 1948 980 2019 nubuntur,
1013 1947 1067 2010 red
1097 1956 1170 2009 suut
1197 1950 1278 2010 sicut

60 2048 162 2129 tapeti.
207 2044 246 2107 Et
266 2050 300 2108 ιἰι
323 2046 444 2109 Christo
467 2047 536 2110 lesu
557 2066 639 2111 nouo
662 2060 805 2111 crcotoro
828 2049 902 2124 erit,
930 2066 1025 2131 aeque
1045 2048 1199 2111 musculus
1221 2055 1278 2110 out

62 2150 176 2227 tesino,
204 2148 260 2211 red
281 2149 382 2211 omnio
402 2161 432 2212 er
452 2151 486 2210 ιἰι
509 2151 646 2213 omuibus
668 2149 726 2212 erit
748 2150 898 2214 cbristus.
941 2150 998 2213 Ubi
1019 2158 1117 2214 autem
1140 2148 1275 2211 cbristus

65 2248 143 2325 adest,
164 2248 233 2329 quis
255 2248 346 2311 timor
367 2249 413 2312 vel
434 2249 505 2331 quid
525 2250 649 2331 periculi
671 2250 770 2330 possit
791 2249 947 2315 accidere?

133 2554 183 2615 tu.
226 2548 262 2611 ld
291 2557 389 2611 autem
421 2551 529 2612 factum
561 2550 684 2613 minime
715 2552 837 2626 luisset,
872 2550 898 2614 si
927 2551 997 2633 quid
1030 2540 1160 2612 creatum
1192 2556 1276 2611 esset

67 2647 185 2715 letum.
229 2650 304 2714 Nam
333 2650 486 2726 diabolus,
519 2652 570 2732 qui
599 2660 629 2715 et
655 2652 721 2733 ipse
751 2660 885 2715 creatura
913 2661 975 2726 est,
1007 2660 1184 2733 perpetuum
1206 2669 1273 2711 cum

68 2763 179 2817 erratura
200 2752 350 2835 gessisset
375 2752 501 2828 bellum,
530 2763 560 2815 et
587 2753 696 2827 bomo,
730 2754 906 2834 quicumque
933 2753 1041 2816 luisset
1067 2751 1273 2826 intermedius,

68 2856 137 2918 nuti
157 2874 278 2936 semper
298 2854 450 2918 subiectus
478 2856 601 2929 luisset,
635 2855 745 2935 quippe
773 2856 824 2935 qui
846 2854 918 2917 nibil
940 2854 1079 2928 baberet,
1107 2854 1219 2932 inquo
1243 2859 1273 2913 et

66 2970 106 3031 ptr
128 2956 207 3039 quod
239 2973 307 3019 cum
333 2955 397 3019 Deo
426 2957 602 3018 coniunctus
623 2956 699 3019 liber
720 2957 806 3018 fieret
827 2955 863 3017 ab
886 2956 966 3018 omui
988 2966 1080 3017 ructu.
1126 2954 1272 3028 Quocirca

67 3054 242 3133 iuraremus
272 3056 419 3131 ostendit,
450 3056 580 3119 Verbum
601 3076 662 3120 nou
685 3077 753 3120 esse
775 3076 792 3119 c
818 3057 904 3120 lactis
932 3057 1037 3131 rebus,
1072 3056 1125 3118 sed
1155 3056 1271 3119 illorum

65 3161 152 3233 potius.
166 3178 237 3223 esso
258 3167 420 3222 auctorem.
452 3158 497 3221 lta
520 3160 598 3220 euim
622 3178 731 3240 eorpus
754 3160 863 3221 lactum
885 3167 916 3220 et
935 3160 1097 3222 bumauum
1120 3158 1272 3234 assumsit,

66 3260 168 3323 utillud
190 3269 330 3340 uuquam
351 3258 450 3339 opifex
471 3260 608 3321 reficeret
629 3269 659 3322 et
680 3260 811 3323 divinum
836 3260 867 3322 in
890 3261 991 3340 seipso
1012 3259 1161 3334 redderet,
1183 3267 1272 3339 atque

66 3354 107 3423 loe
124 3372 210 3443 pacto
237 3379 296 3423 nos
323 3379 429 3423 omues
457 3360 494 3422 ad
521 3360 600 3423 illius
628 3360 850 3424 similitudinem
872 3362 903 3423 in
926 3361 1038 3424 caelum
1060 3360 1272 3423 introduceret.

66 3458 131 3543 Atqui
149 3464 243 3526 bomo
266 3482 334 3525 curn
348 3481 381 3523 re
396 3471 492 3524 creata
514 3463 690 3525 coniunctus
713 3482 773 3524 nou
796 3464 944 3543 potuisset
964 3463 1082 3524 divinus
1104 3462 1191 3536 effici,
1213 3461 1356 3526 nisibus.

65 3555 135 3627 liius
154 3582 244 3628 rems
266 3564 346 3626 [leus
368 3573 460 3638 esset,
481 3582 577 3644 neque
598 3566 689 3626 borno
706 3583 740 3626 se
753 3564 835 3626 Patri
857 3566 965 3626 sistere
986 3582 1077 3625 ausus
1100 3571 1190 3635 esset,
1213 3564 1272 3625 nisi

66 3655 91 3735 it,
107 3667 153 3746 qui
174 3683 287 3746 corpus
308 3660 414 3741 iu'duit,
436 3667 569 3728 naturale
592 3675 622 3730 et
643 3682 745 3728 rerum
761 3665 825 3728 eius
841 3673 924 3728 esset
937 3664 1076 3727 Verbum.
1110 3664 1151 3726 dc
1166 3684 1271 3744 quern·

86 3898 103 3945 t.
119 3886 223 3937 Fclclm.
235 3886 260 3938 b.
278 3878 315 3939 ric
332 3877 360 3934 ol
376 3877 494 3951 ἄγγελοι
717 3900 749 3939 ιι.
760 3884 927 3935 l'beodoratue
942 3884 1042 3946 Dielogo
1052 3882 1084 3941 2,
1103 3884 1143 3946 qui
1156 3872 1273 3947 ἆσόγχα-

83 3964 103 4017 ῃ,
119 3972 218 4032 ΜΨ,
237 3970 336 4021 Gobpffi
354 3970 457 4031 pepepm,
471 3970 493 4020 1,
504 3979 526 4019 ,p
544 3970 568 4020 4·
587 3970 631 4020 ⁸4,
683 3966 730 4005 ros*
747 3952 824 4001 idest
840 3954 976 4017 inconfusos
993 3951 1140 4029 inscribitur,
1153 3950 1272 4028 .l⁰l⁰!⁰'

55 4022 205 4094 inniterer,
225 4038 291 4103 quod
309 4040 333 4088 iu
351 4037 405 4089 eliis
423 4046 447 4087 et
464 4038 535 4088 editis
554 4038 630 4087 deest.
683 4035 737 4070 ‘¹¹¹⁰
763 4020 833 4069 “ffffl
857 4033 910 4069 ‘Vm
938 4020 985 4069 ¹⁸⁰⁰
1007 4019 1092 4068 ¹¹²¹¹¹⁰²
1117 4030 1165 4063 ‘⁰¹’
1190 4029 1272 4079 “7⁸⁰⁰

678 4078 844 4134 Ἀθανασίαα
868 4079 1016 4136 ἐπισκόπου
1030 4077 1228 4150 Ἀλεξανδρείας
1244 4075 1273 4131 ἐκ

681 4153 731 4203 τοῦ
749 4149 819 4219 πρὸς
836 4146 890 4208 τὰς·
902 4146 1019 4221 αἱρέσεις
1035 4146 1118 4216 λόγου
1136 4146 1272 4217 δευτέραν.

178 4276 182 4285 Δ
283 4264 291 4281 ,
682 4224 750 4271 Extat
776 4238 873 4287 quoquo
902 4223 925 4272 iu
945 4223 1054 4272 Concilio
1079 4219 1272 4270 chalcedonensi

77 4268 103 4323 Β·
116 4274 207 4337 ΜΝ·
224 4283 378 4338 Μαῑῑαῧ·
682 4299 751 4355 purte
769 4290 792 4339 3.
811 4306 863 4354 cop.
885 4290 908 4339 1.
927 4305 979 4353 pag.
990 4288 1047 4340 829.
1067 4294 1204 4352 postremae
1219 4287 1272 4335 edi-

27 4394 49 4443 Γ
74 4349 96 4405 ¹.
116 4358 217 4421 Segoer.
243 4358 317 4407 basil.
340 4357 398 4421 lleg.
415 4357 507 4421 duplic.
531 4357 629 4409 Gobler.
681 4358 763 4416 tionis,
783 4358 822 4406 ubi
840 4359 971 4419 generatim
990 4357 1142 4406 inscribitur:
1160 4352 1272 4433 rodec-

52 4418 178 4477 tietmt,
198 4434 222 4477 et
239 4424 265 4475 4.
284 4415 369 4474 edred
384 4416 473 4491 λόγος.
510 4425 590 4477 Ceteri
608 4434 632 4476 et
681 4419 779 4490 καρίου
799 4416 964 4475 {domnolae
987 4417 1016 4474 br
1039 4422 1089 4472 τοῦ
1112 4415 1182 4470 κατὰ
1200 4416 1272 4486 arol-

22 4478 102 4542 ‘diu
117 4485 200 4543 critob
218 4486 234 4541 ὃ
250 4489 340 4559 λόγος.
454 4522 458 4530 -
683 4505 754 4541 ocur
770 4486 861 4560 λόγου.

74 4580 203 4627 Διιιιιιιιι
216 4592 269 4627 oro.
282 4592 355 4625 nocx.
369 4591 419 4625 oxu.
1034 4574 1067 4626 28

67 4118 97 4189 ,¹2
117 4124 157 4173 Sic
178 4137 239 4173 ross.
273 4123 302 4171 m
325 4122 398 4173 editio
422 4121 538 4173 Commcl.
562 4114 632 4188 πρὸς

41 4181 100 4255 Ταρ
113 4184 214 4256 κτίσμα
232 4178 273 4236 uir
289 4182 336 4237 καὶ
351 4182 367 4236 d
384 4180 518 4255 scopator.
