2948 5092
86 211 128 274 72
485 212 919 267 ε.ιτιιιαιειιιυυυιευιεοοει

11 377 227 449 Ἀσπασίας
254 369 363 458 πατὴρ
391 375 533 454 γίγονεν,
564 366 582 432 ὃ
608 368 665 434 καὶ
691 368 774 435 κατὰ
800 368 859 456 τὴν
888 363 987 454 ἀρχὴν
1008 363 1085 452 ὑμῖν
1105 366 1306 454 ἒπισττείρας

87 471 146 557 τὴν
168 465 321 556 ἀσέβειαν
342 470 477 558 ταύτην,
500 468 556 536 καί
576 472 633 535 νῦν
655 470 819 555 λοιδορεῖν
841 468 899 557 τὴν
922 467 1146 557 οίκουμενικην
1167 467 1305 536 σύνοδον

87 563 212 650 πείσας
234 568 334 653 ὑμᾶς,
365 566 419 637 ότι
444 570 488 656 μὴ
516 570 559 636 τὰ
580 566 719 655 ὑμέτερα
741 567 825 638 ἀλλὰ
847 573 951 637 ταῦτα
971 568 1188 657 γεγράφασιν,
1220 566 1307 655 ἅπερ

88 673 121 740 οἱ
150 667 206 738 ἀπ’
232 667 331 759 ἀρχῆς
359 667 523 739 αὐτόπται
544 670 600 737 καὶ
619 666 782 758 ῦπηρέται
804 662 865 738 τοῦ
885 669 983 756 λόγου
1004 669 1174 756 γενόμενοι
1195 696 1307 757 παρα-

86 772 277 840 δεδώκασιν.
321 771 361 858 ἣν
388 770 448 858 γὰρ
470 769 489 857 ἡ
513 771 649 850 σύνοδος
671 772 842 861 ἐγγράφως
864 768 1054 858 ὡμολόγησε
1074 778 1200 854 πίστιν,
1224 767 1307 860 αῦτη

88 878 146 959 τῆς
177 876 356 960 καθολικῆς
388 873 555 959 ἐκκλησίας
589 873 668 939 ἐστί.
713 875 832 961 ταύτην
863 873 1062 951 ἐκδικοῦντες
1090 874 1123 940 ολ
1149 873 1309 960 μακάριοι

88 981 228 1061 πατέρες
260 971 363 1053 οὕτως
393 975 555 1059 ἔγραψαν,
588 973 644 1040 καὶ
670 983 859 1063 κατέκριναν
886 973 944 1063 τὴν
963 970 1134 1071 Ἀρεηανην
1163 976 1309 1062 αἵρεσιν·

89 1074 141 1142 διδ
164 1075 384 1159 μάλιστακαὶ
407 1072 594 1160 διαβάλλειν
616 1074 674 1162 τὴν
697 1076 835 1142 σύνοδον
858 1076 1089 1162 ἐπιχειροῦσιν.
1135 1071 1173 1141 οῦ
1195 1075 1257 1163 γὰρ
1273 1076 1309 1142 αδ

88 1176 191 1255 λδξεις
211 1171 331 1254 αῦτοῦς
351 1178 526 1253 λυποῦσιν,
551 1171 619 1241 ἀλλ’
644 1172 697 1242 ὅτι
719 1177 753 1244 ἐν
777 1172 893 1255 αὐτοῖς
915 1172 1161 1262 ἀπεδείχθησαν
1185 1176 1309 1262 αἱρετι-

87 1274 141 1342 κοὶ
160 1274 216 1343 καὶ
237 1280 303 1343 τῶν
326 1274 434 1343 ἀλλων
455 1276 631 1361 ἀἱρέσεων
652 1277 899 1364 τολμηρότεροι.
1247 1340 1270 1372 ⁹.

172 1382 223 1444 28.
265 1371 397 1458 Ἀμέλει
423 1380 490 1443 τιῦν
518 1378 684 1456 λεξειδίων
713 1374 821 1445 αὐτῶν
844 1381 1041 1461 δειχθέντων
1063 1375 1139 1444 τότε
1161 1376 1308 1465 φαύλων,

87 1474 143 1543 καὶ
164 1472 217 1544 ἀεὶ
239 1478 275 1543 δὲ
297 1472 489 1562 εῦελέγκτων
512 1475 615 1544 όντων
638 1475 683 1567 ιῦς
698 1476 837 1564 ἀσεβῶν,
861 1478 1037 1566 ἐχρήσαντο
1052 1473 1130 1564 παρ’
1152 1474 1309 1566 Ἑλλήνων

1 1577 209 1643 kmi-omer
236 1577 294 1665 τὴν
322 1579 409 1658 λέξιν
431 1582 489 1644 τοῦ
513 1574 703 1667 ’ἀγενήτοω
733 1580 789 1647 ἵνα
815 1578 988 1668 προφάσει
1014 1582 1068 1647 καὶ
1099 1578 1218 1659 τοῦτου
1250 1580 1308 1646 τοῦ

87 1670 250 1761 Ιὀνόματος
277 1678 311 1744 ἒν
340 1689 412 1758 τοῖς
431 1691 579 1764 γενητοῖς
600 1680 703 1747 πάλιν
725 1680 780 1747 καὶ
801 1692 873 1760 τοῖς
894 1678 1051 1765 κτίσμασι
1074 1683 1310 1768 συναριθμώσι

86 1775 145 1844 τὸν
172 1782 231 1844 τοῦ
258 1783 342 1847 θεοῦ
365 1779 476 1864 λόγον,
501 1774 547 1847 δι’
573 1770 611 1846 οῦ
634 1776 717 1848 αῦιά
738 1782 780 1848 τὰ
801 1782 919 1869 γενητὰ
941 1789 1085 1868 γέγονεν·
1114 1778 1220 1861 οὕτως
1243 1780 1309 1849 εἶσὶ

86 1876 173 1963 πρὸς
201 1874 353 1965 ἀσέβειαν
384 1876 594 1964 ἀναίσχυντοι
614 1881 670 1948 καὶ
691 1883 777 1969 πρὸς
800 1883 858 1963 τὰς
880 1887 939 1950 τοῦ
961 1890 1074 1969 κυρίου
1096 1885 1308 1970 βλαςφημίας

86 1978 279 2067 φιλόνεικοι.
324 1982 354 2048 εί
380 1984 439 2064 μὲν
468 1972 525 2049 οῦν
548 1977 739 2066 ἀγνοοῦντες
760 1984 800 2049 τὸ
822 1981 929 2069 όνομα
950 1981 1054 2063 οῦτως
1076 1979 1310 2067 ἀναισχυντοῦ-

86 2103 155 2161 σιν,
186 2082 252 2149 ἕδει
273 2089 398 2166 μαθεῖν
420 2079 538 2162 αὐτοὺς
560 2083 654 2170 παρὰ
674 2088 740 2150 τῶν
764 2082 877 2164 αὐτοῖς
900 2085 1089 2153 δεδωκότων
1112 2081 1225 2164 οαῦτό,
1257 2081 1311 2152 ότι

85 2180 142 2247 καὶ
169 2181 207 2249 ὃν
234 2186 383 2268 λέγουσιν
412 2184 446 2252 ἐκ
473 2188 531 2250 τοῦ
561 2179 692 2270 ἀγαθοῦ
716 2189 791 2252 νοῦν
813 2187 868 2252 καὶ
889 2185 948 2273 τὴν
971 2187 1005 2253 ἐκ
1027 2190 1085 2252 τοῦ
1109 2189 1166 2252 νοῦ
1190 2185 1308 2273 ψυχήν,

83 2290 193 2350 καίτοι
213 2284 427 2368 γινώσκοντες
447 2285 487 2352 τὸ
509 2285 544 2365 ἐξ
565 2276 610 2352 ὦν
634 2286 726 2366 εἰσιν,
744 2281 801 2352 οῦκ
816 2286 1034 2376 ἐφοβήθησαν
1050 2283 1140 2370 ὅμως
1154 2290 1208 2355 καὶ
1225 2284 1310 2355 αότδι

85 2383 192 2450 εἰπεῖν
215 2381 368 2473 ἀγένητα,
401 2385 525 2465 εἰδότες
553 2383 605 2453 ότι
626 2387 801 2453 καὶτοῦτο
824 2390 971 2474 λέγοντες
994 2384 1051 2455 οῦκ
1073 2388 1250 2455 ἐλαττοῦσι
1270 2388 1309 2454 τὸ

84 2488 233 2569 πρῶτον,
259 2488 294 2567 ἐξ
315 2477 353 2553 οῦ
375 2486 555 2553 καὶταῦτα
575 2493 717 2574 πέφυκε,
747 2492 799 2554 καὶ
823 2483 843 2574 ἢ
864 2491 917 2556 καὶ
941 2483 1060 2569 αὐτοῦς
1083 2486 1169 2555 οῦτω
1193 2490 1308 2575 λέγειν,

84 2580 106 2673 ἢ
126 2587 279 2675 μηδόλιος
300 2591 404 2673 λέγειν
426 2592 504 2674 περὶ
527 2577 572 2654 ὧν
596 2583 653 2654 οῦκ
675 2590 795 2655 ἴσασιν.
828 2590 856 2657 εἰ
879 2592 915 2657 δὲ
938 2592 1109 2673 νομίζουσι
1125 2589 1306 2674 γινώσκειν,

84 2683 260 2775 ἀναγκαῖον
284 2685 402 2768 αὐτοὺς
425 2690 603 2775 ἐρωτῆσαι,
633 2689 707 2757 ἐπεὶ
728 2689 874 2774 μάλιστα
895 2694 948 2758 καὶ
972 2687 1051 2758 λοῦκ
1073 2690 1163 2758 ἔστιν
1186 2692 1221 2758 ἐκ
1242 2696 1309 2760 τῶν

83 2794 188 2856 θείων
216 2795 353 2878 γραφῶν
379 2787 398 2876 ἡ
422 2792 522 2871 λέξις,
553 2786 637 2857 ἀλλὰ
658 2790 761 2857 πάλιν
783 2788 941 2880 ἀγράφως
963 2793 1137 2871 λαλοῦντες
1159 2795 1309 2880 φιλονει-

82 2893 205 2957 κοῦσιν.
251 2891 313 2976 ἐγώ
334 2895 394 2976 μὲν
415 2891 477 2978 γὰρ
498 2891 556 2978 τὴν
579 2892 687 2958 αἰτίαν
709 2891 843 2978 κοίτην
866 2892 1024 2971 διάνοιαν,
1047 2888 1124 2959 καθ’
1141 2889 1215 2981 ηνὴ
1232 2893 1309 2961 σόν-

4 3021 6 3024 >
83 2991 161 3068 οδος
189 2990 228 3056 τὸ
257 2991 291 3058 ἐκ
317 2997 376 3078 ,τῆς
404 2987 519 3071 οῦσίας
547 2996 600 3059 καὶ
623 2992 661 3058 τὸ
685 2988 862 3076 δμοοῦσιον
885 2995 1071 3080 συμφώνως
1092 2999 1164 3072 τοῖς
1186 2994 1221 3060 ἐκ
1241 2998 1309 3063 τῶν

82 3094 219 3178 γραφῶν
248 3095 326 3179 περὶ
354 3096 414 3158 τοῦ
443 3096 591 3180 σωτῆρος
619 3093 813 3180 εἰρημένοις,
842 3093 898 3161 καὶ
921 3090 996 3161 ὅσοι
1017 3093 1085 3179 πρὸ
1107 3090 1216 3161 αὐτῶν
1239 3094 1308 3175 ἐξέ-

82 3196 184 3258 θεντο
207 3197 348 3277 πατέρες
369 3196 423 3259 καὶ
447 3193 605 3279 ἔγραψαν,
631 3193 849 3282 διηγησάμην·
871 3193 928 3261 καὶ
949 3189 1046 3261 αῦτοὶ
1060 3197 1105 3277 δέ,
1130 3197 1226 3283 εἴπερ
1242 3194 1309 3281 ἀρα

99 3363 138 3403 .ε.
157 3347 236 3397 Editio
248 3348 391 3397 Parisiensis
404 3341 555 3412 αἱρετικών.
573 3351 601 3398 λε
611 3364 670 3398 mss.

82 3422 106 3464 et
128 3415 201 3465 editio
226 3416 342 3465 Commel.
368 3407 506 3483 αἱρέσεων,
542 3417 671 3466 Nihilomi-

82 3495 129 3532 nus
139 3484 266 3534 commode
276 3484 384 3533 redditur
395 3499 439 3546 per
449 3497 529 3533 vocem
541 3486 670 3534 haereticis.

117 3549 139 3599 b.
159 3551 199 3600 Sic
218 3553 273 3612 fleg.
298 3560 322 3600 ιι
339 3550 412 3601 Βεείί.
437 3552 475 3601 hic
498 3561 522 3601 ιι
546 3552 669 3614 deinceps.

83 3616 117 3665 δίε
136 3632 232 3682 quoque
251 3619 457 3679 Ιεςίιλεολνιοείοε
467 3619 669 3680 camaldulensis,

83 3684 123 3747 qui
142 3687 219 3748 ipsum
236 3700 318 3736 vocem
330 3687 444 3736 Graecam
464 3689 487 3737 in
498 3703 540 3738 sue
560 3688 669 3738 versione

81 3753 177 3802 retinet.
213 3754 239 3804 In
262 3753 334 3815 Regio
354 3754 436 3804 codice
455 3755 547 3820 aliquot
565 3757 588 3805 in
609 3755 669 3804 Ιοτίε

82 3832 111 3867 τε
128 3833 170 3868 τοι
189 3835 243 3871 eum
262 3821 351 3885 duplici
369 3835 386 3868 ν
404 3822 483 3872 fuerat
502 3823 607 3887 scripte,
625 3823 668 3871 sed

81 3885 171 3941 ibidem
190 3904 237 3938 σου
257 3889 336 3937 deleto
355 3890 481 3938 emendata
495 3898 539 3940 eet.
576 3891 668 3951 Legen-

81 3952 138 4002 dum
158 3969 211 4004 esse
230 3947 364 4017 ἀγενήτου
382 3965 455 4019 patet,
474 3960 529 4020 quie
549 3958 608 4006 haee
626 3972 668 4006 vox

81 4023 213 4151 ρρρηοίιυέ
222 4024 282 4152 Ιτοεέ
292 4022 416 4138 γεννητοῦ,
431 4033 455 4072 οι
465 4024 668 4141 ἰορλδσιουίιίφυο

94 4101 116 4136 n.
154 4114 218 4137 .-.
251 4105 402 4139 oservaum
422 4099 464 4139 εει.
504 4100 610 4140 εεειενοε
655 4118 667 4127 -

79 4154 151 4203 rinus
168 4156 357 4216 Alexandrinus,
382 4158 421 4221 qui
440 4158 464 4206 id
483 4158 624 4207 vocabulum
641 4107 666 4206 δυ

81 4220 362 4273 Τὴεεευεολεεωιὶουε
387 4225 465 4288 prime
489 4225 574 4274 eodem
594 4225 665 4274 modo

80 4289 196 4352 explicet,
216 4307 263 4355 quo
283 4292 344 4340 infre
362 4290 521 4352 Athanasius,
544 4291 605 4340 inud
623 4307 667 4355 per

79 4355 175 4405 unicum
193 4373 210 4404 ν
226 4360 319 4409 scribit
356 4359 416 4409 Hinc
426 4360 497 4408 etiem
508 4359 581 4409 editio
592 4359 665 4408 Com-

80 4422 183 4475 meliana
196 4434 220 4478 et
230 4427 373 4478 Ριτίιίεοιίι
386 4425 469 4492 paullo
481 4434 538 4491 poet
547 4416 666 4490 ἀγένητα

715 4441 735 4492 7

722 3365 766 3414 per
784 3353 879 3400 unicum
898 3365 915 3397 ν
932 3351 1034 3410 hebent,
1059 3351 1115 3400 lieet
1132 3351 1186 3403 eliis
1203 3353 1227 3401 in
1246 3352 1308 3402 locis

722 3421 768 3467 hoc
798 3417 940 3468 vocabulum
970 3432 1015 3481 per
1038 3417 1127 3482 duplex
1149 3433 1167 3466 ν
1191 3419 1307 3469 scribant.

722 3485 796 3534 Porro
816 3487 877 3535 sorte
896 3485 1019 3535 ammone
1037 3486 1238 3536 benedictionem
1253 3502 1307 3537 mu-

721 3553 778 3601 tuati
795 3553 955 3615 suntArieni;
974 3553 995 3603 is
1013 3555 1075 3602 enim
1095 3555 1118 3602 in
1132 3554 1242 3604 Phaedro
1255 3555 1308 3604 eni·

720 3633 784 3668 mam
803 3623 835 3670 eit
854 3636 907 3670 esse
926 3611 1068 3684 ἀγένητον,
1084 3636 1145 3685 ηυντ
1156 3636 1308 3686 νοεηοοηυο

719 3701 854 3749 perunum
872 3703 889 3735 ν
908 3690 994 3738 ibidem
1013 3689 1134 3739 scribitur.
1170 3688 1235 3738 fleec
1252 3697 1309 3738 ευυῑ

720 3754 826 3803 Platonis
851 3758 921 3805 verbe
948 3753 984 3821 [ρ.
1004 3755 1061 3821 245.
1081 3751 1194 3820 stapel:
1226 3753 1307 3802 Πᾶσα

720 3815 794 3901 φυγὴ
819 3813 966 3876 ἀθάνατος.
1004 3817 1034 3871 τὸ
1066 3817 1121 3890 γάρ
1150 3814 1307 3882 ἀεικίνητον

721 3884 876 3937 αθάνατον·
896 3884 927 3936 τὸ
946 3880 974 3938 δ’
994 3883 1057 3938 ἀλλο
1074 3889 1177 3946 κινοῦν,
1196 3885 1243 3938 καὶ
1260 3881 1303 3938 ὑπ’

720 3948 801 4004 ἀλλον
824 3952 1000 4021 κινούμενον,
1027 3954 1134 4006 παῦλαν
1151 3950 1216 4022 ἔχον
1232 3952 1307 4016 κινή-

720 4036 796 4078 σεως,
816 4021 922 4071 παῦλαν
938 4018 993 4088 ἔχει
1010 4022 1085 4084 ζωῆς.
1136 4018 1202 4072 όνον
1220 4018 1254 4082 δὴ
1274 4017 1304 4072 τὸ

719 4083 785 4137 αῦτὸ
803 4090 904 4146 κινοῦν,
925 4083 972 4140 διε
990 4083 1039 4139 οῦκ
1055 4084 1107 4141 ἀπο
1138 4084 1314 4146 ῖνιονὶαυτό,

719 4148 817 4206 οῦτιοτε
834 4152 909 4222 λη’γει
919 4151 1180 4223 κινοῦμενανζίὲδλλά
1191 4152 1306 4211 καὶτοῖς

719 4215 808 4277 ἄλλοις
836 4218 889 4273 δσα
911 4225 1041 4280 κινεῖται,
1066 4218 1148 4275 τοῦτο
1165 4219 1240 4289 πηγὴ
1259 4220 1305 4273 καὶ

718 4284 788 4358 ἀρχὴ
809 4286 948 4352 κινήσεως,
968 4284 1039 4359 ἀρχὴ
1058 4287 1088 4342 δὲ
1106 4285 1249 4357 ἀγένητον.
1277 4286 1306 4349 ἐξ

717 4350 735 4406 ἀ
750 4358 804 4425 γῆς
819 4355 874 4427 γάρ
892 4353 996 4440 ἀνάγκη
1014 4359 1070 4408 πᾶν
1089 4355 1119 4408 εδ
1136 4373 1167 4425 γι
1185 4354 1304 4427 νόμενον

736 4374 872 4492 ῦγνεσθαι,
892 4419 979 4488 αῦτην
995 4423 1025 4478 δὲ
1041 4421 1079 4493 μὴ
1098 4418 1126 4475 δ’
1146 4375 1256 4485 efferae.
1281 4419 1305 4477 εἰ
