2948 5092
446 271 591 317 nrrsrom
605 272 643 314 rr.
660 272 696 313 an
713 269 908 314 susurrorem.
1211 256 1272 321 sta

51 401 191 491 bominis
213 426 427 505 blasphemare,
450 425 476 484 si
499 423 565 502 quis
586 440 658 483 vero
679 421 744 483 eius
768 440 858 500 opera
878 421 975 482 rideat
991 423 1021 483 iu
1037 423 1149 502 Spiritu
1172 432 1363 488 sanctorum

51 529 136 592 loeta
158 529 310 607 dicatque,
332 545 414 599 enm,
438 525 486 604 qui
510 524 576 586 talia
597 522 704 597 edidit,
726 542 782 584 nec
803 523 895 584 Deum
918 542 985 585 esse
1008 542 1063 586 uec
1083 525 1136 586 uei
1157 526 1275 599 Filium,

50 631 113 693 sed
136 649 170 691 ea
192 629 355 690 Beelzebub
377 627 532 699 adscribat,
555 625 710 687 manifesto
723 624 937 704 ‘blasphemare
958 626 1091 712 negando
1114 627 1177 689 eius
1199 629 1284 690 divi-¹

52 733 191 795 nitatem.
236 732 351 793 Etenim
374 731 403 791 in
425 726 601 809 Euangeliou·
621 728 709 798 dieto,
731 729 776 789 uti
796 746 885 807 saepe
907 728 1015 790 dictum
1039 739 1093 802 est,
1116 730 1277 803 cumdicit

50 834 165 896 Filium
187 826 328 904 hominis,
343 832 494 894 carnalem
518 840 547 893 et
567 832 723 892 humanam
746 848 829 891 suam
853 838 985 892 naturam
1008 830 1132 902 indicat,
1154 840 1187 893 ut
1208 852 1275 895 eum

52 935 202 1016 Spiritum
226 937 313 1006 dicit,
338 921 465 996 declaret
487 951 573 995 suum
596 951 663 994 esse
686 941 818 994 sanctum
841 931 999 1011 Spiritum,
1028 933 1059 994 in
1087 952 1145 1013 quo
1176 937 1275 997 omnia

52 1036 244 1117 operabatur.
297 1036 378 1097 Unde
400 1055 465 1097 cum
490 1049 579 1114 opera
602 1033 718 1107 ederet,
748 1028 857 1094 aiebat:
887 1035 924 1096 Sr'
948 1035 1023 1096 milti
1049 1054 1113 1098 aon
1142 1039 1274 1116 creditis,

51 1139 165 1202 saltem
187 1138 328 1218 operibus
350 1142 430 1198 mer's·
445 1138 570 1210 credr'te‚·
594 1124 630 1198 ut
651 1139 836 1216 coquoseou's
858 1140 928 1216 quio
949 1154 1000 1216 eqo
1017 1141 1050 1198 r'u
1065 1136 1157 1200 Putre
1172 1152 1199 1202 et
1213 1140 1274 1202 Pu-

52 1249 107 1303 ter
128 1245 160 1300 tu
180 1258 235 1300 ma.
280 1239 352 1299 Cum
374 1247 471 1300 autem
494 1239 591 1317 seipse
612 1255 667 1317 pro
689 1237 777 1298 nobis
800 1238 992 1317 corporaliter
1012 1232 1173 1301 oblaturus
1183 1251 1272 1315 esset,

53 1341 175 1421 quando
199 1327 236 1401 ea⁴
255 1340 291 1400 de
314 1359 400 1400 eausa
417 1339 548 1401 ascendit
563 1338 782 1419 lerosolymam,
804 1335 960 1419 Discipulis
976 1341 1039 1402 suis
1055 1341 1166 1403 aiebat:
1188 1344 1273 1405 llor-

49 1446 206 1505 mtter'um
228 1453 256 1504 et
278 1445 469 1522 requiescum·
491 1455 554 1502 ecce
576 1445 653 1502 caim
674 1445 931 1522 appropinquavit
953 1442 1038 1518 horo,
1061 1455 1090 1504 et
1105 1443 1200 1505 Filius
1217 1445 1273 1507 bo-

46 1547 145 1605 nmis
174 1545 313 1606 trudetur
340 1547 372 1605 r'a
400 1562 507 1613 maures
526 1552 728 1621 pcccatorum.
772 1541 845 1602 Nam
873 1560 963 1623 opera
990 1543 1108 1622 quidem
1136 1546 1271 1620 effecere,
1327 1609 1331 1616 ,

47 1653 86 1707 ut
107 1663 196 1706 verus
216 1645 296 1706 Deus
319 1645 505 1716 crederetur,
533 1662 614 1705 mors
636 1652 733 1705 autem
757 1644 821 1705 eius
843 1644 938 1724 palam
961 1646 1044 1714 lecit,
1074 1665 1141 1708 eum
1167 1666 1272 1709 revera

46 1763 165 1825 corpus
187 1746 311 1815 babere,
342 1748 467 1825 ideoque
486 1746 561 1807 ¹iure
582 1746 689 1807 Filium
716 1746 846 1807 bominis
874 1746 988 1808 dicebat
1017 1767 1083 1808 eum
1107 1766 1192 1818 esse,
1221 1749 1271 1829 qui

44 1849 232 1912 tradebatur.
277 1848 404 1909 Verbum
428 1848 504 1909 enim
528 1847 693 1909 immortale
712 1857 741 1908 et
762 1848 889 1909 intactile
912 1857 941 1910 et
961 1848 1111 1928 ipsissima
1134 1850 1191 1911 vita
1215 1860 1271 1913 est.

45 1949 161 2010 Verum
183 1969 239 2012 nec
260 1951 297 2011 iis
319 1951 468 2012 Pharisaei
490 1949 658 2024 credebant,
680 1966 776 2029 neque
797 1950 933 2011 volebant
954 1952 1019 2030 ipsa
1040 1952 1168 2013 filiorum
1187 1957 1271 2013 'suo-

43 2037 120 2113 rum
141 2069 232 2130 opera
253 2051 370 2125 ridere,
398 2061 577 2131 quapropter
604 2070 657 2113 eos
686 2070 806 2112 rursum
833 2052 939 2112 leniter
967 2053 1100 2131 coarguit
1127 2052 1270 2115 [lominus

44 2152 98 2215 bis
122 2152 236 2213 verbis:
261 2146 300 2214 St
315 2173 367 2234 eqo
389 2154 647 2234 r'uBeelzebulem
669 2158 754 2216 er'r'u'o
777 2155 947 2228 doemonio,
971 2155 1043 2216 Fr'lr'r'
1056 2160 1154 2217 uestri
1166 2161 1199 2217 iu
1214 2174 1271 2235 quo
1300 2136 1304 2143 ¹

45 2254 201 2318 mimum?
245 2255 313 2317 ideo
342 2260 403 2336 ipsi
429 2257 539 2317 iudices
571 2259 669 2317 vestri
693 2267 796 2317 eruat.
840 2253 941 2341 Porro
970 2260 999 2316 ιι·
1018 2261 1051 2317 r'u
1074 2256 1193 2336 Spiritu
1216 2257 1275 2318 Der·
1378 2300 1380 2304 ψ

46 2361 136 2421 aiteio
161 2358 329 2428 doemonio,
357 2359 498 2439 profecto
523 2359 665 2437 peruenit
692 2361 723 2418 r'a
750 2374 805 2418 vos
834 2375 960 2434 requiem
987 2358 1052 2419 Dei.
1097 2359 1152 2419 llic
1174 2366 1271 2418 antem

45 2457 124 2520 dixit
146 2464 178 2520 r'a
201 2458 319 2539 Spiritu
342 2460 414 2535 D'ei,
442 2478 503 2518 non
533 2458 611 2536 quod
638 2457 737 2519 minor
765 2467 845 2519 esset
866 2459 931 2538 ipse
954 2459 1080 2538 Spiritu,
1110 2478 1165 2519 nec
1187 2458 1271 2537 quasi

45 2559 178 2640 Spiritus
201 2579 234 2621 ea
257 2561 287 2621 in
310 2580 343 2622 se
365 2568 555 2640 operaretur,
579 2559 632 2621 sed
653 2568 686 2623 ut
706 2579 829 2621 rursum.
846 2560 1023 2632 declararet,
1047 2579 1097 2626 se,
1130 2579 1196 2621 cum
1219 2560 1272 2621 Dei

44 2659 179 2722 Verbum
201 2671 292 2735 esset,
312 2682 370 2742 per
392 2663 533 2741 Spiritum
557 2662 656 2722 omnia
678 2661 810 2741 operari,
835 2662 1043 2739 auditoresque
1066 2661 1201 2733 doceret,
1227 2680 1270 2733 se,

44 2781 116 2825 cum
139 2763 268 2841 Spiritus
291 2784 380 2843 opera
401 2765 566 2849 Beelzebuli
589 2744 799 2835 adscriberent,
822 2765 851 2824 in
875 2784 909 2824 ea
932 2772 1104 2843 operantem
1127 2764 1271 2843 Spiritum

43 2864 265 2944 blasphemare.
309 2867 425 2928 Etenim
448 2867 521 2927 baec
543 2885 608 2927 crim
630 2864 711 2936 dicit,
735 2865 873 2935 ostendit,
897 2884 951 2926 eos
973 2883 1033 2925 non
1056 2884 1092 2927 ex
1106 2865 1271 2944 ignorantia

43 2949 100 3028 sed
125 2974 233 3045 sponte
263 2987 314 3028 sua
343 2987 375 3029 se
407 2968 438 3028 in
467 2968 542 3028 hauc
571 2967 821 3028 evidentissimam
849 2965 1061 3046 blasphemiam
1090 2967 1269 3045 implicasse,

43 3086 104 3130 nee
123 3068 294 3142 erubuisse,
318 3070 396 3148 quod
419 3089 452 3130 ea
476 3088 574 3148 opera,
598 3087 672 3147 quae
694 3068 740 3128 vel
762 3069 819 3147 ipsi
843 3067 894 3128 [lei
916 3087 985 3129 esse
1012 3077 1197 3147 compertum
1212 3070 1268 3128 ba-

43 3169 162 3243 berent,
186 3180 319 3232 amentes
334 3171 499 3232 Beelzebuli
522 3169 753 3250 adscripsissent
775 3179 861 3248 atque
883 3169 918 3230 ab
941 3171 1057 3250 impuro
1074 3170 1181 3251 spiritu
1196 3173 1271 3232 lacta

43 3259 280 3334 asseverasseut.

44 3402 103 3488 lleg'.
123 3428 254 3487 etSeguer.
273 3443 333 3490 quos
352 3428 475 3491 sequimur
487 3418 633 3491 εἰργάζετο.
685 3436 707 3476 et
725 3425 814 3489 buglis.
834 3417 861 3471 oi
879 3424 1025 3490 Φαρισαῖοι
1051 3424 1103 3485 tsed
1122 3428 1220 3490 Segner.
1241 3428 1270 3477 de

43 3492 108 3541 tutu
128 3503 151 3543 et
169 3495 209 3542 alii
227 3488 382 3557 εἰργάσατο.
419 3496 491 3543 Paulo
509 3505 563 3558 post
577 3496 633 3557 lteg.
685 3505 753 3542 mors
770 3492 946 3559 Φαρισσιτῖοι)
970 3502 992 3542 et
1018 3496 1048 3542 ita
1073 3494 1130 3556 legit
1154 3497 1269 3545 Nunnius.

42 3555 196 3624 πιστεύητε.
232 3563 291 3611 llud.
303 3576 358 3628 μου
371 3572 427 3626 post
444 3555 535 3627 ἔργοις
552 3565 637 3614 deerat
684 3563 744 3611 Edit.
764 3562 879 3612 Commel.
900 3550 1070 3611 attentator.
1108 3564 1159 3612 idox
1178 3566 1233 3622 lieu.
1247 3573 1270 3613 et

44 3629 72 3678 iu
90 3631 170 3685 editis,
189 3632 231 3680 sed
250 3633 351 3680 habetur
376 3633 399 3678 in
419 3633 474 3692 lteg.
493 3641 516 3680 et
534 3636 632 3693 Sequor.
683 3632 832 3691 Sequerian,
851 3631 992 3708 qupsaeqni
1006 3631 1080 3679 risum
1100 3640 1144 3689 est,
1163 3624 1190 3678 oi
1206 3623 1269 3680 υἱοί.

43 3696 138 3746 ibidem
156 3700 255 3758 Sequor.
277 3692 426 3752 πιστεύητε.
682 3699 728 3748 Alii
746 3708 769 3747 et
788 3699 843 3747 aditi
863 3710 889 3744 οι
906 3692 974 3747 lunt.

74 3758 320 3827 etnubentium.
359 3767 392 3815 ld.
419 3782 470 3814 mox
495 3777 550 3828 post
569 3759 633 3824 ‹iuq-
717 3761 886 3816 excideret
904 3768 927 3814 in
945 3768 1003 3828 lleg.
1023 3767 1152 3827 etSeguer.
1177 3766 1269 3816 lualiis

41 3825 107 3880 rixa
127 3834 198 3883 habet
214 3829 267 3881 καί.
303 3835 376 3882 l'aulo
396 3843 449 3895 post
468 3835 633 3895 itepSepuer.
685 3843 707 3883 et
725 3834 794 3882 editis
814 3833 909 3895 legitur.

42 3900 144 3951 Gobler.
156 3902 293 3952 etfelclrm.
306 3903 327 3950 1.
345 3894 416 3963 ἔλεγε
433 3896 560 3947 κατιδίαν
577 3901 635 3955 τοῖς
719 3903 734 3950 l.
759 3903 958 3963 aspersaque.
973 3902 1019 3951 soli
1038 3893 1112 3966 αὖτῷ
1129 3892 1268 3965 ἐνεργοῦν-

40 3967 185 4035 putatum
209 3972 299 4019 omisso
327 3961 418 4016 αὐτοῦ.
461 3971 551 4017 ibidem
576 3971 631 4032 fleg.
679 3982 729 4021 τις
747 3984 838 4018 omisso
856 3960 886 4016 ἕν
903 3961 985 4034 αὐτῷ.

40 4041 145 4098 Sequer.
165 4039 222 4085 edit.
242 4038 358 4087 Commel.
378 4037 457 4085 etalii
476 4038 571 4100 quidam
590 4054 633 4087 co·
717 4053 738 4098 g.
757 4038 848 4098 inglic.
866 4030 975 4093 διδάξει.
1002 4056 1005 4069 ¹

41 4105 112 4155 dices
128 4098 282 4160 καθεύδετε,
304 4114 326 4154 et
345 4108 374 4154 ita
395 4106 480 4166 legitur
499 4107 521 4152 in
541 4107 631 4155 Graeco
718 4107 740 4153 b.
762 4107 824 4154 llaec
834 4099 956 4170 τοσούτῳ
969 4100 1018 4153 τὸν
1023 4103 1199 4174 χορηγοῦντα
1211 4098 1269 4156 dvr-

39 4171 164 4233 Ettngelii
190 4182 260 4222 teuto.
303 4174 363 4222 Edit.
389 4174 462 4222 Paris.
488 4173 584 4222 Gobler.
609 4181 633 4222 et
683 4171 808 4238 φημοῦσι
830 4173 918 4223 duum
940 4178 963 4222 in
989 4174 1060 4223 Busil.
1102 4174 1153 4222 uox
1172 4174 1226 4232 lleg.
1245 4179 1270 4221 et

40 4240 151 4290 Felclrm.
173 4246 193 4291 t.
217 4237 394 4292 sarcotenta.
431 4242 489 4289 lhid.
514 4235 546 4286 τό
565 4243 631 4289 deest
683 4245 782 4302 sepner.
800 4233 917 4309 καὶγὰρ
934 4234 980 4288 καὶ
997 4240 1086 4289 τοῦτο,
1121 4242 1147 4290 ln
1166 4241 1270 4290 editiset

39 4310 67 4359 in
84 4308 145 4375 ileu.
163 4311 263 4370 Seguer.
283 4319 305 4359 et
323 4310 394 4359 broit,
429 4310 457 4358 ln
479 4307 534 4358 eliis
558 4317 581 4357 et
609 4311 631 4358 in
682 4303 1013 4374 reliqnisaeulpostrenrnm
1032 4310 1108 4358 deest.

39 4375 115 4426 aditis
133 4378 228 4438 legitur.
690 4376 733 4441 si.
757 4378 813 4439 hep.
832 4366 1004 4441 αἰσχύνοντι,
1016 4372 1160 4441 'perperam

76 4446 102 4495 d.
120 4446 236 4508 Sielteg.
255 4452 278 4494 et
296 4445 395 4507 Sequer.
424 4445 449 4494 ln
464 4446 517 4495 abis
531 4445 632 4494 steditis
671 4503 673 4509 Ι
718 4446 739 4494 t.
758 4435 911 4494 inaurea
934 4447 957 4494 in
977 4446 1033 4506 lteg.
1052 4441 1267 4507 Sequentlobler.

37 4503 83 4563 niv
100 4515 177 4565 deest.
213 4515 266 4564 idox
290 4514 346 4564 edit.
365 4514 440 4564 Paris.
460 4515 515 4577 [ιιι.
534 4515 632 4576 Seguer.
683 4519 707 4563 et
725 4511 830 4563 lelelun.
847 4509 880 4573 1.,
909 4513 934 4562 iu
957 4513 1027 4563 editis
1050 4521 1074 4563 et
1097 4512 1150 4562 aliis
1173 4511 1266 4574 legitur.
