2948 5092
147 226 209 289 142
410 311 416 322 .
541 239 569 284 ι.
583 240 737 285 semesa
750 241 977 287 ιαατιινιιοοαι

60 391 214 454 ntaesoha
240 391 313 454 haee
338 390 448 454 altimo
475 389 567 455 solita
594 395 780 454 terminator
812 391 1013 456 consistione.
1063 391 1154 457 hono
1187 403 1288 457 antem
1318 414 1375 456 εκν

145 496 274 574 arsinoae
295 493 444 556 adversas
466 492 598 555 Arianos
622 493 783 556 Orationes
805 497 838 555 in
859 494 964 557 maltis
984 505 1187 557 numerentur
1204 495 1371 567 Codiahna,

144 593 232 656 notio
254 593 317 655 oh'a
339 594 473 664 videtur,
506 612 595 675 qnam
621 595 701 676 qaod
726 599 759 656 in
786 594 849 657 illis
875 595 1029 659 Codieihns
1051 595 1189 676 Epistola
1211 597 1373 676 Bnoyoh'oa

144 696 185 758 ad
205 694 370 777 lipissopos
392 693 518 775 deonoti
537 706 565 757 et
581 695 689 774 Libyae
705 699 849 777 μνοοινμι
870 707 938 758 erat
959 708 1031 759 ante
1044 708 1179 777 qnatnor
1195 697 1371 771 Orationes,

144 815 219 878 qaae
240 796 356 877 quidem
377 814 443 858 anm
464 806 493 857 et
514 799 582 877 ipsa
603 801 644 859 sit
664 801 697 858 in
718 799 850 860 Arianos
874 803 1051 880 composita,
1083 802 1235 880 inscripta
1256 800 1371 861 ideirco

143 909 190 961 est
215 898 323 960 Oratio
341 901 445 978 prema
467 907 575 959 eontra
596 899 742 960 Arianos.

227 997 279 1060 111.
323 996 559 1078 Supersedemns
582 998 629 1060 hio
649 1001 891 1080 apropanendis
906 1000 1098 1081 sinonlarnm
1116 1002 1303 1063 Orationnm
1315 1019 1371 1063 ar-

142 1103 306 1178 aamestis,
338 1117 388 1161 res
417 1103 494 1161 enin
521 1117 578 1162 nos
599 1100 719 1179 donnas
742 1101 916 1176 dednoeret;
945 1103 998 1164 sed
1019 1102 1154 1180 νεκροῖο,
1183 1121 1259 1183 onae
1282 1104 1372 1182 diam

144 1201 353 1263 observatione
374 1201 460 1262 nohis
483 1205 549 1262 viso
570 1212 656 1274 snnt,
685 1205 718 1264 in
746 1208 882 1283 maraine
902 1215 1054 1266 annotare
1075 1204 1161 1265 nohis
1184 1222 1278 1266 enrae
1299 1205 1370 1282 snit,

143 1319 226 1381 qnae,
250 1304 300 1363 oni
321 1296 464 1374 inhaerii,
486 1300 578 1380 sooihe
596 1306 697 1384 possit
715 1301 923 1384 perlustrare.
967 1303 1050 1366 Satis
1072 1309 1195 1366 interim
1217 1309 1258 1365 sit
1279 1322 1372 1383 aene-

142 1406 237 1463 satin
258 1403 437 1474 ohservare,
467 1404 615 1465 Arianam
636 1408 815 1484 impietatem
835 1404 924 1485 piene
947 1406 994 1469 hie
1022 1407 1195 1484 eonsatori‚
1225 1410 1372 1486 variaque

142 1503 333 1565 Asianorum
354 1514 534 1584 ornamenta
566 1516 593 1567 et
615 1523 766 1586 responsa
788 1507 907 1584 referri
927 1519 956 1568 et
979 1507 1092 1586 resehh'.
1136 1506 1197 1569 Neo
1219 1525 1294 1568 oero
1318 1524 1371 1568 so-

145 1603 205 1665 lam
227 1605 414 1668 Asianorum
436 1606 583 1669 haeresim
606 1612 736 1670 conterit
758 1607 789 1669 S.
813 1607 921 1679 Pater,
951 1609 1003 1668 sed
1031 1608 1164 1671 ahiornm
1185 1611 1277 1669 etiam
1297 1607 1371 1669 hae-

144 1709 318 1782 retieoran,
340 1712 394 1788 qni
412 1712 495 1770 eirea
517 1708 670 1770 Christum
685 1698 848 1770 Dominam
869 1702 1063 1780 erraverant,
1088 1721 1252 1772 commenta
1275 1709 1372 1771 ohitsr

144 1805 292 1879 dissolvit,
316 1812 378 1873 sioe
399 1814 452 1890 qni
473 1808 624 1872 Christum
642 1828 760 1890 porum
781 1829 845 1872 esse
869 1811 1023 1882 hominem,
1046 1813 1108 1871 sive
1130 1815 1182 1890 μιν·
1200 1829 1269 1872 enm
1291 1827 1372 1871 non·

142 1911 207 1970 nisi
228 1909 453 1989 phantasticam
482 1911 623 1972 hahuisse
659 1929 786 1992 eorpus,
819 1915 882 1974 sios
910 1916 963 1992 oni
986 1913 1059 1993 qnid
1085 1911 1171 1974 alind
1197 1912 1370 1993 finxerant.

147 2009 229 2082 Quin
257 2016 346 2074 etiam
372 2016 416 2074 ita
441 2014 536 2076 nitide
565 2031 669 2075 veram
691 2014 726 2075 de
750 2013 869 2075 Christo
892 2012 1022 2076 Domino
1044 2013 1134 2093 fidem
1161 2017 1302 2092 exponit,
1335 2022 1372 2074 at

143 2116 280 2191 ipsoram
302 2131 426 2195 qnoque,
449 2118 586 2194 αντιγονε
599 2119 697 2195 ipsam
713 2118 815 2177 εποντο·
828 2126 910 2186 ssent,
934 2116 1090 2193 confodiat
1105 2114 1262 2175 haeresim.
1292 2112 1372 2176 Hine

142 2213 320 2278 Nestorium
337 2218 503 2297 prolhs'aat,
537 2233 604 2278 onm
626 2217 711 2277 docet
735 2215 903 2287 Christum,
935 2215 1032 2278 Deam
1060 2216 1127 2277 h'oet
1155 2226 1183 2275 et
1212 2214 1370 2287 hominem,

140 2335 243 2404 nnnm·
258 2328 358 2379 tamen
379 2336 451 2389 esse,
473 2321 623 2397 oniasque
645 2335 710 2378 esse
732 2322 794 2380 es'ns
819 2336 885 2379 enm
906 2318 1009 2379 divino
1032 2327 1095 2378 tnon
1118 2316 1250 2378 hnmano
1267 2336 1370 2397 opera,

142 2437 208 2479 eam
235 2419 359 2481 Verham
381 2437 443 2482 non
465 2424 497 2482 in
520 2419 666 2481 hominem
688 2420 889 2490 descendisse,
924 2420 976 2481 sed
998 2419 1145 2480 hominem
1165 2420 1283 2497 saetnm
1306 2438 1371 2481 esse

142 2521 288 2592 ostendit,
319 2540 384 2582 cnm
414 2521 537 2601 deniqne
566 2522 681 2582 beatam
706 2519 854 2600 Virainem
878 2520 1008 2581 Mariam
1028 2515 1190 2583 hsorhnov
1213 2519 1369 2599 Doiporom

38 2619 41 2624 ’
141 2626 262 2703 saepias
284 2623 427 2704 appellat.
473 2622 542 2685 Non
562 2625 664 2684 minos
686 2626 776 2683 otiam
790 2620 934 2702 Eutychis
957 2624 1064 2683 errori
1084 2621 1279 2691 adversator,
1306 2641 1371 2681 cnm

138 2730 254 2804 passim
277 2725 464 2786 demonstrat
486 2725 643 2786 distinctas
669 2724 785 2786 Christi
804 2734 933 2785 natnros
962 2729 1107 2802 variaque
1139 2740 1246 2782 earnm
1267 2727 1371 2782 matraio

140 2826 253 2890 diserte
274 2826 415 2907 explieat.
460 2825 540 2887 Hinc
562 2830 663 2887 sanati
681 2825 789 2887 Patres
813 2829 845 2885 in
869 2825 1024 2895 Consiliis,
1058 2828 1092 2884 in
1114 2825 1220 2902 qnihns
1243 2823 1371 2885 ihhornrn

141 2928 364 2991 haereticoram
386 2929 529 2990 damnata
550 2930 688 3007 impietas
710 2938 764 2997 est,
777 2931 867 2992 ⁴tanti
877 2926 1021 2988 Doctoris
1038 2929 1208 2987 testimonia
1223 2925 1371 2986 addiscere

140 3031 287 3111 fidemque
309 3029 492 3091 Cothohioam
522 3032 585 3089 eins
609 3028 794 3109 confirmare
816 3030 999 3091 anctoritate
1025 3045 1088 3088 non
1112 3030 1296 3097 omiserunt,
1325 3031 1373 3088 nti

140 3132 180 3191 od
198 3133 333 3210 propria
356 3130 422 3192 hoco
442 3134 622 3192 monrn'rnos.

226 3231 273 3292 tv.
310 3231 421 3306 Photii,
438 3235 491 3311 qni
504 3233 620 3310 quidem
634 3235 697 3311 ipse
712 3233 840 3311 qrtinqne
855 3229 887 3290 S.
905 3230 1066 3293 Athanasii
1081 3230 1244 3291 Orationes
1262 3242 1370 3291 eontra

141 3333 272 3395 Arianos
295 3343 452 3404 numerat,
487 3333 522 3394 de
550 3335 654 3396 iisdem
678 3332 875 3393 Orationihns
898 3333 1041 3394 hsdioinm
1068 3350 1130 3392 non
1159 3331 1205 3392 hio
1227 3332 1369 3394 ἀναίνετο

138 3437 453 3516 praetermittendam.
490 3433 541 3494 Sis
556 3437 651 3514 ioitnr
664 3433 718 3494 ills
730 3433 930 3495 Bihh'otheaoe
949 3433 1053 3495 Codice
1071 3437 1158 3496 tetih:
1176 3422 1369 3514 ἀνεγνώσθη

140 3537 200 3601 τοῦ
223 3529 323 3600 αὐτοῦ
347 3527 700 3619 haiom-(Aharawan)
722 3525 742 3617 ἡ
764 3530 848 3597 κατὰ
866 3527 997 3617 Ἀρείου
1023 3535 1077 3609 καὶ
1099 3534 1166 3596 τῶν
1189 3526 1290 3596 αὐτοῦ
1314 3531 1370 3596 do-

139 3635 272 3722 γμάτων
295 3635 525 3719 πεντάβιβλος.
547 3632 606 3721 τὴν
633 3634 694 3719 μὲν
715 3621 774 3700 οὖν
797 3632 920 3720 φράσιν
944 3630 1054 3720 σαφής
1075 3638 1111 3699 τέ
1131 3631 1231 3712 ἐστιν,
1256 3628 1302 3711 ὥς
1315 3631 1370 3698 καὶ

108 3755 111 3759 ’
140 3736 175 3805 ἐν
196 3741 300 3817 πᾶσι,
333 3739 387 3804 καλ
411 3731 588 3821 ἆπέριττος
609 3737 664 3802 καὶ
687 3727 821 3822 ἀφελής,
846 3733 962 3821 δριμὺς
982 3733 1039 3801 καὶ
1059 3734 1185 3820 βαθύς,
1214 3736 1270 3800 καὶ
1298 3744 1370 3813 τοῖς

141 3837 393 3926 ἐπιχειρήμασιν
426 3834 567 3917 α’ἰτονος.
600 3834 657 3903 καὶ
683 3834 724 3902 τὸ
749 3835 885 3921 γόνιμον
908 3836 944 3903 δὲ
966 3830 1067 3903 αὐτοῦ
1090 3835 1125 3904 ἐν
1145 3834 1278 3915 τούτοις
1299 3831 1371 3921 ἡλλ-

140 3964 212 4020 κον,
242 3936 322 4007 ὅσον
343 3942 397 4006 καλ
420 3939 621 4024 θαυμάσιον.
651 3938 798 4024 λογικοῖς
827 3963 863 4005 τε
883 3938 1046 4022 μεθόδοις
1068 3935 1144 4004 οὔτε
1164 3942 1295 4024 γομνῶς
1316 3939 1368 4003 καὶ

141 4038 212 4109 ἀπὸ
234 4042 363 4111 ἐκεῖθεν
385 4043 512 4121 λέξεων,
538 4037 647 4127 ὥςπερ
670 4040 703 4109 οἱ
724 4041 846 4118 παῖδες
867 4042 921 4106 καὶ
945 4035 1145 4127 ἀρτιμελεῖς
1164 4037 1367 4125 μειρακιώδη

141 4146 336 4232 φιλοτιμίαν
366 4141 629 4226 ἐπιδεικνύμενοι
649 4141 870 4229 πράττουσιν,
895 4136 970 4208 ἀλλ’
995 4140 1235 4229 ἐμφιλοσόφως
1256 4167 1293 4208 τε
1314 4143 1367 4206 καὶ

77 4288 85 4306 .
140 4248 413 4332 μεγαλοπρεπῶς,
427 4242 484 4311 καὶ
499 4255 574 4323 ταῖς
589 4244 731 4323 ἐννοίαις
744 4243 863 4329 μόναις
877 4246 932 4311 καὶ
946 4242 1082 4321 ταύταις
1095 4244 1369 4330 ὀιεσχιγματισμὲ-

138 4372 214 4426 ναις
236 4342 472 4433 ἀποκέχρηται·
495 4355 673 4434 γραφικοῖς
693 4371 730 4413 τε
750 4353 948 4431 μαρτυρίαις
969 4347 1022 4411 καὶ
1039 4339 1251 4425 ἀποδείξεσιν
1268 4344 1315 4423 εἷς
1329 4342 1368 4408 τὸ

137 4448 295 4537 καρτερὸν
317 4446 565 4535 κατωχύροιται·
593 4449 648 4516 καὶ
675 4443 792 4531 ἁπλοῖς
819 4441 913 4534 ἀρκεῖ
939 4445 979 4513 τὸ
1006 4448 1138 4534 βιβλίον
1164 4449 1264 4515 τοῦτο
1285 4442 1369 4514 κατὰ
