2948 5092
72 323 83 330 ·
148 242 212 308 w
526 250 748 303 ,τεκταίνειν
762 250 984 296 nemum!

29 375 237 485 ἐρείδεις
266 402 376 489 λόγος,
405 404 471 468 τῶν
502 400 538 467 δὲ
559 402 701 487 γενητῶν
724 398 929 487 δημωυργός.
969 394 1037 466 ἀλλ’
1063 399 1227 486 εἰρήκασι·
1255 409 1363 487 κτίσμι

150 514 228 593 μέν
224 507 311 574 ἐστι
330 507 384 571 καλ
406 507 473 569 τῶν
494 505 654 588 γενητῶν,
686 497 732 580 ῶς
753 502 792 568 δὲ
813 500 906 586 παρὰ
929 502 1130 584 διδασκάλου
1153 502 1208 568 καί
1229 511 1319 587 τεχνί
1320 529 1363 570 το

147 608 323 696 μεμάθηκε
342 605 381 672 τὸ
404 607 623 692 δημιουργεῖν,
646 607 699 670 καλ
722 599 830 681 ον’)’τως
830 601 1029 726 ὑπηρέτησε
1043 630 1090 690 τφ
1074 605 1204 685 διδόξ
1204 631 1280 671 αντι
1295 609 1363 727 θεη]

148 713 253 777 ταῦτα
284 708 345 795 γὰρ
373 710 428 774 καί
448 702 619 789 Ἀστέριος
647 700 666 770 6
695 704 873 793 σοφιστής,
909 701 955 827 ῶς
974 703 1096 788 μαθὼν
1117 699 1301 790 ἀρνεῖσθαι
1321 706 1363 772 τὸ

148 812 270 897 καίριον,
293 809 424 897 γράψαι
444 807 648 894 τετόλμηκεν,
672 800 710 872 οῦ
734 811 880 892 συνορῶν
902 806 961 893 τήν
976 833 1011 873 εκ
1024 805 1149 873 τούτων
1166 802 1313 893 ἀλογίαν.
1350 834 1363 876 ε

114 914 212 1001 ’γάρ
232 911 385 980 διδακτόν
408 910 479 979 ἐστι
500 909 539 976 τὸ
562 910 781 995 δημιουργεῖν,
806 914 1036 975 σκοπείτωσαν
1056 907 1101 995 μή
1123 915 1177 975 καί
1201 905 1302 976 αὐτόν
1321 909 1363 976 τδ

149 1014 233 1083 θεὸν
254 1016 379 1083 εἴπωσι
399 1012 444 1100 μή
467 1011 568 1100 φύσει
590 1004 659 1076 ἀλλ’
684 1009 848 1098 ἐπιστήμη
873 1009 1070 1097 δημιουργόν
1093 1005 1194 1092 εἶναι,
1219 1008 1303 1090 ῶςτε
1324 1038 1363 1078 κα

147 1114 289 1183 δυνατόν
315 1120 539 1199 μεταπίπτειν
562 1107 619 1178 ἀπ’
644 1106 756 1178 αὐτοῦ.
795 1112 912 1179 ἔπειτα
935 1111 964 1179 εἰ
984 1107 1005 1197 ή
1028 1120 1133 1199 σοφία
1155 1117 1214 1180 τοῦ
1236 1116 1322 1180 θεοῦ
1346 1111 1363 1180 ί

148 1215 400 1294 διδασκαλίας
386 1215 556 1336 εκτήσατο
564 1237 604 1280 τυ
591 1213 842 1336 δημιουργεῖν,
862 1215 937 1291 πῶς
952 1212 1001 1280 ’ἑτι
1016 1221 1121 1302 σοφία
1135 1213 1215 1294 zm
1241 1215 1363 1299 δεσμόν

148 1317 377 1406 μαθημάτωνς
410 1323 444 1383 τί
471 1305 556 1382 δὲ
536 1342 576 1402 ην
604 1315 660 1383 καὶ
687 1313 755 1402 πρὸ
784 1318 843 1381 τοῦ
869 1321 1014 1399 μαθεῖν,·
1047 1322 1153 1403 σοφία
1173 1314 1243 1438 γὰρ
1260 1305 1361 1401 οάκῆ

149 1420 327 1507 λειπομένη
352 1418 574 1496 διδασκαλίας.
612 1417 705 1484 κενόν
733 1415 816 1502 ἀρα
836 1442 871 1482 τι
892 1420 1030 1538 πρᾶγμα
1051 1405 1105 1500 ήν,
1128 1416 1184 1482 καί
1207 1414 1267 1483 οῦκ
1290 1418 1362 1484 ’ἐστι

150 1516 314 1606 σάσιῶδης
336 1526 450 1607 σοφία
406 1514 583 1586 ίαάλλΗ
568 1545 603 1585 εκ
624 1522 798 1646 προκοπής
821 1518 894 1601 ε’σχε
915 1518 954 1583 τό
977 1542 1047 1602 ovo
1047 1545 1081 1583 ια
1034 1544 1153 1604 της
1168 1525 1253 1606 σοφ
1254 1544 1302 1597 ας,
1326 1545 1363 1585 κα

151 1621 207 1715 ίπλ
230 1624 390 1687 τοσοῦτον
413 1621 506 1687 ἔσται
529 1627 650 1708 σοφία,
675 1620 737 1699 ἕως
759 1615 799 1686 ἀν
823 1619 841 1685 6
862 1618 1035 1706 μεμάθηκε
1058 1618 1288 1707 φυλάττῃ.
1278 1618 1296 1684 6
1319 1617 1363 1704 γά

148 1722 193 1809 μή
227 1721 326 1810 φύσει
358 1724 423 1788 τινὶ
456 1716 524 1788 ἀλλ’
556 1721 590 1788 ίκ
616 1721 798 1810 μαθήσεως
826 1728 1037 1808 προςγέγονε,
1068 1721 1206 1787 δυνατόν
1230 1720 1303 1786 ε’στι
1325 1746 1363 1786 κα

150 1819 345 1908 ἀπομαθεῖν
368 1848 461 1890 ποτε.
497 1825 696 1891 τοιαῦταδὲ
717 1825 823 1909 λέγειν
845 1825 922 1907 περὶ
944 1826 1003 1889 τοῦ
1025 1821 1123 1908 λόγου
1144 1824 1203 1888 τοῦ
1219 1825 1315 1901 θεοῦ,
1341 1844 1363 1887 οι

151 1927 367 2012 Χριστιανῶν
387 1920 471 1992 ἀλλὰ
488 1921 648 2011 Ἑλλήνων
670 1924 750 1992 λστί.

151 2068 158 2079 -
233 2034 285 2095 29.
331 2026 399 2093 Καὶ
420 2026 481 2148 γὰρ
505 2026 535 2094 εί
557 2025 592 2094 ἐκ
614 2027 789 2094 διδασκαλί
776 2032 829 2104 ίας
849 2025 888 2091 τὸ
911 2027 1152 2112 δημιουργεῖν
1160 2050 1227 2091 τινι
1241 2029 1363 2109 προςγί

149 2155 249 2208 νεται,
272 2128 405 2217 φθόνον
427 2129 482 2195 καὶ
504 2123 684 2196 ἀσθένειαν
705 2131 783 2214 περὶ
805 2126 961 2195 τὸνθεόν
978 2123 1363 2213 είςόγουσινοίάφρσνες

150 2229 282 2317 φθόνον
303 2226 410 2314 μέν(
397 2227 451 2297 ότι
464 2257 508 2352 μη
496 2229 672 2309 πολλοὺς
687 2200 918 2353 ιΙδημιουργεῖά
934 2228 1124 2308 ίδίδαξενῇ
1109 2254 1140 2295 ιν
1166 2224 1279 2313 ῶςπερ
1294 2229 1363 2293 πολ

93 2419 94 2422 ¹
150 2333 202 2399 λολ
225 2328 417 2418 ἀρχάγγελυι
438 2357 494 2398 και
485 2331 657 2418 ἀγγελοη
681 2327 768 2398 οὕτω
789 2357 845 2398 και
837 2329 989 2397 πολλοὶ
1012 2332 1203 2417 δημιουργοὶ
1226 2324 1361 2415 περλ’
1322 2355 1362 2395 av

149 2432 207 2499 τόν
229 2423 321 2513 ῶσιν,
346 2428 525 2501 ἀσθένειαν
549 2428 637 2514 δὲ,“
618 2457 672 2500 οτι
692 2431 737 2521 μή
759 2432 861 2516 μόνος
880 2427 1030 2521 ἠδυνήθη
1047 2435 1198 2517 ποιήσαι,
1222 2454 1363 2516 συνεργο

59 2575 63 2593 2
151 2536 187 2602 66
217 2529 240 2622 ἢ
272 2531 439 2620 όπουργοῦ
465 2541 578 2619 χρείαν
604 2535 693 2617 ἔσχε,
728 2541 784 2602 καί
804 2559 858 2600 τοι
881 2536 1070 2621 δειχθείσης
1090 2536 1145 2599 καὶ
1167 2537 1224 2619 τής
1247 2537 1363 2620 γενητῆ

149 2636 281 2724 φόσεως
303 2639 443 2724 δυνατῆς
464 2634 565 2724 οὔσης
586 2642 760 2722 ’γίνεσθαι
781 2635 874 2722 παρὰ
895 2635 998 2720 μόνου
1020 2640 1078 2701 τοῦ
1101 2638 1195 2714 θεοῦ,
1221 2635 1289 2718 ε’ίγε
1311 2659 1363 2700 κατ

148 2733 268 2817 αὐτοὺς
298 2734 317 2804 6
346 2738 418 2818 υίὸς
445 2738 579 2825 γενητὸς
607 2732 652 2804 ῶν
679 2734 829 2826 ἠδυνήθη
856 2737 949 2822 παρὰ
977 2737 1081 2821 μόνου
1103 2739 1161 2801 τοῦ
1184 2740 1271 2802 θεοῦ
1293 2740 1363 2820 γενέ

147 2845 243 2907 σθαι.
281 2835 350 2907 ἀλλ’
376 2835 509 2919 σόδενός
536 2839 625 2907 ἐστιν
655 2839 765 2928 ἐνδεής
788 2836 805 2905 6
828 2839 926 2918 θεός,
950 2838 994 2924 μὴ
1016 2844 1160 2936 γένοιτο,
1196 2835 1297 2916 αὐτὸς
1319 2837 1363 2923 γόυ

149 2936 238 3010 εἶπε·
254 2942 382 3030 πλήρης
398 2943 504 3027 εἰμί’),
528 2936 604 3008 οῦδὲ
621 2941 656 3009 ἐκ
670 2943 885 3019 διδασκαλίας
899 2947 1010 3026 γέγονε
1025 2939 1222 3027 δημιουργὸς
1238 2937 1257 3005 ὁ
1273 2939 1363 3025 λόγος

62 3037 219 3110 ε.ιεν.ἀλλ’
249 3043 345 3111 εἰκῶν
373 3046 427 3110 καλ
457 3051 563 3131 σοφία
592 3038 639 3110 ῶν
669 3047 729 3110 τοῦ
752 3042 880 3129 πατρὸς
902 3042 944 3109 τὰ
966 3046 1024 3107 τοῦ
1047 3041 1176 3127 πατρὸς
1198 3042 1363 3126 ἐργάζεται

150 3140 226 3212 οῦδὲ
252 3149 311 3266 τής
332 3149 399 3211 τῶν
413 3148 562 3270 γενητῶν
586 3145 690 3212 ἕνεκεν
714 3145 868 3231 ἐργασίας
890 3144 948 3210 τὸν
970 3143 1042 3210 υίόν
1064 3146 1281 3230 ’πεποίηκεη
1307 3143 1363 3265 ἰδίη

147 3245 209 3331 γάρ
231 3245 367 3312 καὶτοῦ
389 3246 463 3311 νίοῦ
485 3243 581 3324 ὄντος
603 3253 759 3333 φαίνεται
780 3246 883 3312 πάλιν
906 3241 1157 3331 ἐργαζόμενος(
1142 3269 1159 3309 ο
1183 3242 1363 3331 πατήρ,ῶ

147 3342 296 3425 αδτδς(
279 3370 298 3411 ο
330 3344 442 3430 κύριός
464 3368 582 3433 φησιν
618 3343 767 3436 όπατήρ
797 3371 861 3433 μου
891 3347 953 3426 ἕως
983 3344 1059 3432 άρτι
1089 3346 1267 3433 ἐργάζεται,
1291 3341 1363 3473 κᾷγι

51 3504 61 3510 .
148 3427 364 3570 ίργάζομαῶ).
403 3447 432 3515 ελ
461 3448 497 3515 δὲ
525 3443 617 3515 καθ’·
608 3445 721 3534 ·όμᾶς
754 3447 811 3516 διὰ
842 3451 940 3515 τοῦτο
973 3455 1102 3535 γέγονεν
1129 3444 1168 3513 ¹6
1197 3447 1284 3527 υἱός,
1324 3448 1363 3514 ῗνι

146 3547 189 3615 τὰ
220 3544 289 3635 μετ’
321 3543 421 3615 αὐτόν
454 3549 648 3637 ἐργάσηται,
682 3557 839 3640 φαίνεται
871 3546 957 3617 δὲ(
939 3574 958 3614 ο
991 3549 1101 3670 πατήρ
1129 3552 1184 3616 καὶ
1209 3548 1294 3634 μετὰ
1321 3549 1363 3615 τὸ

147 3647 219 3717 υἱὸν
258 3650 487 3736 ἐργαζόμενος·
526 3650 664 3738 περιττή
705 3647 781 3720 καθ
817 3648 901 3737 όμάς
928 3654 983 3718 καί
1015 3651 1098 3717 κατὰ
1130 3655 1228 3716 τοῦτο
1263 3648 1279 3715 r‘
1319 3659 1363 3717 wi

146 3749 300 3818 τοιοῦτον
323 3753 417 3817 11υἱοῦ
439 3759 585 3840 ποίησις.
625 3751 733 3833 άλλως
754 3780 790 3821 τε
812 3744 902 3819 διατί
925 3749 1011 3832 ὅλως
1032 3754 1143 3819 θέλων
1166 3749 1252 3841 ἡμᾶς
1267 3760 1363 3820 κτίσα

148 3851 238 3939 ζητεῖ
255 3852 316 3920 τὸν
333 3860 489 3942 μεσίτην,
513 3850 559 3933 ῶς
581 3848 639 3920 οάκ
661 3849 862 3940 ἀρκουμένου
884 3858 943 3920 τοῦ
965 3854 1173 3940 βουλήματος
1195 3849 1297 3920 αὐτοῦ
1321 3878 1363 3921 συ

73 4039 77 4047 1
145 3956 267 4040 στήοαι
298 3955 377 4054 περὶ
410 3946 456 4022 ὧν
489 3950 544 4023 λάν
577 3950 666 4043 αὐτῷ
700 3956 777 4045 δοκῇ
785 3987 796 4039 ,·
835 3959 889 4024 καλ
918 3955 982 4041 μήν
1010 3956 1046 4022 αλ
1073 3954 1200 4044 γραφαί
1228 3958 1363 4042 λέγουσι

214 4145 238 4198 ι)
257 4143 311 4193 εει.
333 4145 355 4204 1,
377 4115 420 4194 ιι.
486 4143 511 4204 ε)
529 4146 596 4195 ιοεη.
615 4147 640 4206 ε
662 4145 699 4196 ιτ.

170 4291 200 4326 ι
216 4278 308 4339 minc
325 4272 406 4328 κενόν
423 4270 486 4345 ἀρτι
502 4279 627 4346 πρίμγμα
786 4290 811 4331 ει
829 4282 886 4330 edit.
905 4281 1022 4330 commel.
1034 4282 1121 4330 omnm
1132 4294 1193 4330 τινι
1214 4281 1266 4332 Mox
1277 4282 1363 4344 Segne!

178 4344 201 4392 b.
220 4349 322 4408 δἐςιεε.
346 4348 437 4410 ΑυςΙίσ.
463 4350 568 4398 Ι·“.ιΙιΙιω
587 4350 612 4400 5.
634 4341 735 4414 διιφο-
785 4341 932 4414 φθόνον
916 4366 932 4408 η
950 4343 995 4396 καί
1013 4339 1176 4397 ἀσθένειαν.

142 4405 225 4478 un,
820 4417 1212 4478 δ.8ίείῖρίυεεῑ1·“είελω.4.
1247 4417 1363 4467 ΑιτΙίίι

177 4495 199 4528 α.
217 4479 259 4531 Sic
283 4495 342 4532 mun.
366 4491 465 4547 praeter
478 4484 587 4535 δείελα.
605 4483 629 4535 2.
646 4484 690 4552 qni
707 4492 734 4536 αῖ
785 4485 843 4536 ιδίιὶ
861 4478 1053 4583 δημιουργούς
1090 4485 1182 4537 bidem
1196 4486 1296 4548 Smer.
1306 4485 1363 4547 λεςΙ
