2948 5092
433 255 551 300 course
564 256 784 300 mutuamina
796 256 886 311 aman
900 257 921 302 1.
1223 245 1285 309 885

59 410 155 472 nitate
186 408 231 468 vel
263 406 347 467 iuviti
376 406 591 479 confiteamini,
619 405 690 468 dum
718 406 816 468 dicitis
845 407 1126 472 consubstantialem
1149 410 1370 476 Trinitatistat

59 530 182 574 carnem
204 508 294 572 esse?
337 508 440 587 ltaque
468 527 542 569 vana
566 516 611 569 est
633 507 708 569 lides
731 518 846 581 vestra,
875 509 958 589 paria
979 511 1056 573 enim
1080 511 1288 575 sentiliacum

58 613 162 692 impiis
178 612 305 683 Arianis,
328 611 403 672 male
425 610 601 689 accipientes
624 609 710 671 illud:
740 610 865 672 Verbum
880 630 952 673 coro
966 613 1084 692 suctum
1098 625 1153 676 est.
1189 614 1287 677 Porro

59 713 191 775 Verbum
214 728 284 773 caro‘
306 713 413 773 lactum
437 720 498 784 est,
523 731 582 771 non
605 720 638 772 ut
660 711 790 773 Verbum
813 731 873 773 uon
896 713 1022 792 amplius
1046 715 1179 777 Verbum
1196 723 1286 790 esset,
1382 794 1386 804 Ι

58 816 117 876 sed
142 814 269 875 Verbum
292 815 376 875 utin
399 833 488 875 carne
510 823 590 875 esset
613 831 681 874 caro
704 815 813 875 lactum
838 822 894 887 est,
918 823 951 874 ut
972 823 1002 876 et
1016 815 1145 879 Verbum
1167 835 1287 897 semper

58 915 193 977 Verbum
216 925 308 990 esset,
331 923 361 975 et
382 915 509 976 Verbum
533 932 652 976 manem
672 914 805 987 baberet,
829 915 859 975 in
881 934 940 994 qua
961 896 1135 995 passionem
1158 926 1187 979 et
1201 936 1286 980 mor-

60 1028 123 1079 tem
147 1018 204 1078 sub
225 1017 353 1077 bumana
376 1019 471 1078 lorma
494 1017 663 1096 susciperet
684 1035 718 1077 ae
740 1035 835 1095 usque
857 1018 894 1078 ad
910 1018 1079 1097 sepulcrum
1095 1029 1125 1082 et
1138 1020 1287 1082 infernum

59 1120 275 1190 descenderet,
299 1119 328 1178 in
351 1137 407 1197 qua
430 1126 460 1179 et
480 1117 731 1180 resurrectionem
756 1137 791 1179 ex
813 1120 941 1180 mortuis
963 1121 1101 1199 perfecit,
1131 1122 1288 1200 carnisque

58 1231 93 1282 et
116 1220 268 1298 sanguinis
291 1229 378 1299 atque
400 1221 515 1281 animae
538 1220 644 1282 indicia
666 1220 803 1299 praebuit
813 1220 893 1282 Dens
907 1221 1044 1297 Verbum,
1066 1241 1121 1302 per
1135 1223 1289 1304 propriam

60 1331 93 1384 et
121 1323 366 1401 inseparabilem,
399 1334 433 1383 ut
460 1323 603 1402 scriptum
632 1331 695 1395 est,
730 1341 847 1384 carnem
871 1344 907 1385 ex
929 1325 1041 1386 semine
1063 1324 1182 1386 David·
1209 1324 1289 1397 Quid

59 1424 143 1485 euim
172 1424 250 1485 aliud
280 1424 352 1485 dixit
373 1425 503 1485 Marcion
533 1442 621 1503 quam
650 1442 726 1503 quae
755 1444 809 1508 vos
830 1423 996 1504 profertis?
1038 1427 1145 1488 Nonne
1167 1444 1288 1505 corpus,

60 1525 146 1604 quod
178 1545 214 1585 ex
246 1524 326 1586 caelo
356 1526 492 1605 apparuit
521 1526 551 1587 in
580 1525 773 1590 similitudine
803 1510 932 1588 humana
954 1537 983 1589 et
1005 1546 1065 1589 non
1088 1528 1118 1588 in
1141 1523 1289 1590 veritato?

61 1627 143 1700 Quid
166 1628 236 1688 item
259 1626 337 1688 aliud
360 1626 500 1705 loquutus
523 1635 568 1688 est
590 1626 803 1688 Manichacus?
846 1628 954 1690 Nonne
977 1629 1073 1690 divina
1096 1629 1196 1710 specie
1218 1647 1288 1691 cor·

59 1748 131 1810 pus,
155 1729 219 1790 sola
241 1728 435 1789 similitudine
459 1747 583 1808 corpus,
606 1728 643 1788 ab
665 1729 793 1791 bumana
816 1749 903 1791 carne
925 1731 1069 1803 alienum,
1093 1733 1177 1793 euius
1198 1726 1288 1792 natu·

58 1850 128 1892 ram
156 1839 185 1890 et
212 1849 272 1891 non
303 1830 506 1908 operationem
535 1838 688 1910 peccatum
712 1850 780 1892 esse
805 1832 895 1912 impie
918 1831 1067 1895 affirmati
1110 1831 1291 1894 Huiusmodi

61 1942 112 1995 est
131 1933 250 1994 illorum
273 1932 421 2010 impietas.
650 2005 652 2009 y
1168 1913 1174 1922 ’

154 2037 203 2098 13.
249 2033 449 2106 Quamobrem
479 2035 562 2094 nolas
592 2043 638 2096 est
659 2035 741 2112 pium
764 2034 914 2097 hominem
937 2035 1110 2098 huiusmodi
1131 2036 1291 2097 verborum

62 2136 243 2198 commentis
273 2127 333 2208 uti3
363 2137 416 2197 sed
439 2136 596 2196 dicendum
619 2143 680 2209 est,
710 2136 853 2209 Verbum,
886 2137 965 2214 quod
988 2146 1054 2198 aute
1077 2137 1194 2199 saecula
1216 2154 1291 2198 con·

61 2237 259 2301 substantiale
293 2246 339 2298 est
360 2237 458 2311 Patri,
492 2237 523 2297 in
551 2237 691 2299 extremis
721 2237 904 2315 temporibus
934 2256 969 2298 ex
998 2246 1100 2299 sancta
1121 2246 1151 2299 et
1172 2222 1293 2317 deipara

62 2341 185 2419 Virgine
207 2340 286 2399 hdae
315 2338 426 2418 plasma
456 2348 487 2400 et
514 2339 662 2416 opificium
691 2356 799 2399 novum
829 2338 1015 2411 restituisse,
1045 2350 1112 2399 cum
1139 2337 1212 2399 illud
1234 2335 1293 2399 sibi

61 2461 120 2523 per
143 2441 281 2503 unionem
305 2440 459 2520 proprium
483 2440 590 2514 ellecit,
613 2448 701 2519 atque
724 2440 762 2500 ita
784 2440 865 2500 visus
888 2447 935 2499 est
955 2440 1046 2501 homo
1071 2439 1217 2513 Christus,
1241 2437 1293 2518 qui

63 2554 134 2606 ante
157 2544 273 2605 saecula
295 2542 374 2603 [leus
398 2551 470 2603 erat.
515 2542 552 2602 Et
574 2559 630 2601 nos
651 2538 785 2601 membra
809 2540 917 2600 Christi
942 2559 1062 2614 sumus,
1094 2549 1127 2602 ut
1148 2540 1293 2619 scriptum

63 2655 123 2717 est,
147 2664 183 2706 ex
205 2664 292 2706 carne
316 2655 345 2705 et
367 2663 402 2704 ex
424 2643 545 2729 ossibus
569 2641 644 2702 eius.
690 2641 841 2713 Quorsum
864 2642 954 2720 igitur
975 2643 1048 2703 haec
1062 2654 1226 2704 vestrarum
1241 2641 1291 2703 in-

64 2748 238 2809 ventionum
263 2747 432 2817 eontentio,
455 2755 487 2804 ut
508 2762 562 2822 per
583 2743 743 2803 humanam
767 2744 942 2822 sapientiam
965 2763 1016 2818 ea,
1039 2763 1113 2823 quae
1134 2744 1294 2806 humanam

63 2849 291 2928 intelligentiam
322 2854 478 2926 superant,
508 2844 671 2917 definiatis,
704 2845 774 2905 dum
805 2844 900 2906 dicitis
930 2845 992 2905 vice
1020 2845 1172 2907 interioris
1193 2842 1294 2906 nostri

64 2950 198 3013 hominis
220 2956 350 3009 mentem
373 2947 530 3007 caelestem
553 2945 584 3005 in
601 2945 718 3007 Christo
741 2944 859 3007 luisse?
904 2947 1094 3022 umbriam
1117 2944 1295 3008 sententiam

64 3062 99 3114 et
125 3053 242 3113 infirma
263 3049 463 3126 indecoraque
485 3045 589 3108 verba!
633 3046 795 3108 Hominum
818 3066 905 3120 sane,
935 3047 985 3126 qui
1007 3066 1068 3108 nou
1090 3048 1174 3126 prins
1196 3047 1294 3109 anim·

63 3151 413 3226 advertere,Chrtstum
444 3169 504 3211 non
534 3149 724 3227 singulariter
751 3148 825 3222 dici,
856 3149 909 3209 sed
938 3149 969 3210 in
999 3149 1049 3210 illo
1072 3150 1139 3229 ipso
1162 3149 1295 3222 nomino,

65 3256 149 3334 quod
169 3251 290 3314 unicum
315 3260 371 3322 est,
393 3271 456 3313 rem
480 3260 639 3329 utramque.
657 3250 827 3329 significari,
849 3250 1037 3312 Divinitatem
1060 3269 1169 3332 nempe
1191 3243 1295 3313 etbu-

68 3355 252 3417 manitatem.
308 3355 437 3432 Ideoque
469 3354 560 3414 bomo
593 3352 702 3414 dicitur
735 3350 890 3424 Christus,
923 3350 1002 3414 Deus
1036 3371 1155 3433 quoque
1188 3351 1296 3415 dicitur

67 3456 219 3530 Christus,
241 3476 275 3518 ac
289 3457 368 3517 Deus
392 3465 421 3517 et
442 3456 532 3516 homo
556 3463 602 3516 est
618 3453 767 3528 Christus,
790 3462 820 3514 et
843 3471 919 3514 unus
936 3462 983 3515 est
999 3453 1144 3517 Christus.
1181 3455 1297 3517 Vanum
1371 3529 1382 3543 ·

66 3562 169 3638 itaque
192 3567 239 3619 est
261 3568 391 3619 vestrum
414 3558 578 3637 sophisma,
602 3575 662 3636 quo
684 3556 762 3617 aliud
785 3555 815 3616 in
832 3555 949 3617 Christo
965 3565 1083 3634 praeter
1097 3557 1195 3636 ipsum
1207 3554 1296 3616 Chri·
1320 3563 1325 3573 '

67 3669 150 3722 stum
178 3660 352 3739 conspicere
381 3660 518 3721 nitimini.
562 3659 607 3721 llli
636 3658 771 3738 quidem,
800 3657 850 3736 qui
872 3657 991 3719 abusive
1013 3659 1152 3721 dicuntur
1174 3656 1382 3730 Christianae.

67 3765 150 3823 lorte
171 3762 251 3823 iuxta
272 3763 451 3823 sententiam
474 3771 602 3823 vestram
625 3759 752 3840 spectari
773 3766 909 3839 possent,
933 3759 983 3839 qui
1007 3778 1076 3820 vero
1092 3777 1146 3838 per
1161 3766 1296 3820 naturam

69 3862 159 3924 solus
187 3881 274 3924 verus
303 3872 350 3924 est
372 3862 525 3935 Christus,
554 3881 615 3922 non
637 3860 673 3922 ab
697 3861 826 3922 humana
847 3860 964 3921 ratione
987 3857 1187 3931 describetur,
1218 3857 1298 3938 quod

107 4099 128 4132 c.
146 4078 287 4147 παρθένου
306 4084 374 4132 deest
392 4084 415 4132 in
435 4083 532 4132 Gobler.
543 4092 565 4131 et
576 4082 661 4131 Falci·
711 4090 734 4130 et
747 4082 850 4131 Felcltm.
864 4081 885 4129 l.
904 4076 932 4129 λε’
951 4093 1010 4128 not
1022 4071 1297 4158 approximatam,

70 4154 155 4199 manni
173 4152 195 4200 l.
232 4153 304 4199 l’aulo
330 4160 384 4213 post
410 4152 508 4211 Segnor.
535 4166 578 4214 pro
597 4140 658 4197 καθ’
710 4132 908 4201 aediticium
955 4160 1077 4212 χριστος.
1115 4147 1188 4197 Basil.
1212 4146 1301 4197 omittit

68 4212 174 4268 ἕνωσιν
192 4221 263 4268 habet
280 4212 349 4266 κατὰ
368 4210 461 4283 φύσιν,
482 4228 553 4283 atque
571 4219 603 4266 ita
624 4217 660 4266 le·
711 4212 757 4265 καὶ
774 4202 811 4270 εἷς
829 4209 904 4264 ἔστιν
922 4211 936 4264 ὁ
951 4208 1074 4282 χριστός.

69 4289 108 4350 git
125 4288 243 4336 Nunnius.
747 4287 763 4333 l.
782 4288 881 4346 Seguer.
907 4287 1004 4335 Gohler.
1028 4292 1052 4333 et
1072 4282 1176 4332 Felclm.
1194 4282 1216 4332 l.
1240 4275 1300 4329 τολ·

109 4354 132 4403 d.
150 4356 191 4403 Sic
215 4368 300 4402 omnes
319 4355 368 4402 lere
388 4369 445 4403 mss.
482 4353 507 4403 ln
528 4354 598 4402 editis
617 4368 660 4403 au·
710 4352 789 4418 μᾶτε.
828 4351 889 4400 Editi
908 4353 986 4401 minus
1004 4359 1069 4403 recta
1082 4344 1222 4415 τολμηταί.
1244 4349 1300 4399 linx

71 4432 121 4471 tem
140 4414 171 4469 ἓν
189 4423 265 4470 deest.
713 4422 784 4470 iidem
804 4413 937 4488 οὔτεγὰρ
954 4432 1043 4487 προφ,
1059 4456 1066 4470 .
1080 4456 1085 4470 .
1099 4453 1107 4469 .
1120 4410 1183 4469 οὔτε
1199 4408 1298 4467 dudm.

108 4505 131 4540 e.
149 4491 177 4543 ln
201 4490 300 4554 Seguer.
323 4502 353 4540 τε
370 4489 446 4540 deest·
481 4490 545 4540 lnlra
563 4488 661 4542 Gobler.
713 4478 823 4538 ...citt
840 4499 889 4541 m.
