2948 5092
476 297 584 344 omno
600 298 621 341 1.
638 296 754 342 conam
768 296 901 343 musas.
1139 352 1143 362 ,
1231 284 1295 349 267

62 472 146 529 esse,
168 451 357 535 proindeque
378 469 428 525 ea,
451 468 527 530 quae
548 456 774 529 comparantur,
797 448 930 510 eiusdem
953 467 1022 512 esse
1044 450 1178 530 generis,
1201 451 1241 512 ita
1262 458 1379 512 arear.

61 556 158 619 Filius
178 563 303 618 namne
324 553 366 617 sit
385 551 579 635 Angelorum,
606 550 691 629 ipsos
718 550 852 630 prolecto
881 550 1027 630 imprimis
1048 551 1170 630 pudebit
1192 552 1296 614 eadem

62 674 198 738 pugnare
219 664 251 719 ct
270 655 354 737 ioqui
375 672 409 717 ac
429 652 624 727 Valentinum,
648 651 853 732 Carpocratem
876 651 988 714 aliosve
1008 653 1192 725 haereticos,
1215 673 1293 734 qoo-

63 778 132 821 nun
152 758 203 820 ille
222 756 353 838 Angelos
375 754 509 818 eiusdem
531 773 601 816 esso
624 752 742 834 generis
765 772 799 817 ac
816 753 969 816 Christum
990 754 1155 828 affirmavit,
1180 755 1294 836 Carpo·

65 867 161 923 crates
188 866 289 921 antem
317 857 441 921 cosdem
469 874 538 919 esse
565 855 638 918 dixit
665 855 767 916 mundi
795 854 1000 917 fabricatores.
1043 855 1157 937 Nempe
1185 857 1235 919 isti
1257 856 1294 920 ab

66 960 122 1021 illis
144 959 224 1022 lorto
242 954 344 1022 'edocti
365 955 516 1036 magistris
538 956 592 1019 [lai
612 955 741 1019 Verbum
764 974 831 1018 cum
852 955 970 1035 Angelis
1001 958 1136 1018 conterre
1158 976 1218 1019 aon
1241 976 1292 1020 ve·

66 1069 177 1125 raatar.

147 1264 201 1327 57.
245 1260 284 1322 ht
309 1267 390 1321 certe
417 1276 469 1320 eos
497 1266 558 1319 tam
585 1258 675 1338 impia
703 1258 867 1337 cogitantes
895 1267 980 1338 coget
1009 1258 1187 1322 erubescere
1209 1278 1294 1323 sacer

70 1362 184 1438 Cantor,
206 1362 292 1425 cuius
313 1362 371 1423 hae
392 1368 463 1422 sunt
483 1377 589 1421 voces:
615 1359 693 1434 Quis
715 1360 822 1422 ramilis
845 1365 904 1423 crit
918 1361 1048 1424 Donabo
1069 1365 1103 1423 ia
1122 1362 1197 1444 filiis
1212 1362 1295 1426 batt

71 1471 109 1526 et:
134 1464 213 1539 orris
235 1462 343 1526 similis
365 1466 414 1524 tat
431 1465 465 1524 ia
487 1460 568 1533 Diis,
598 1458 751 1524 Demeae?
792 1461 991 1523 Nihilominus
1020 1462 1079 1525 illis
1102 1480 1221 1543 quoquc
1242 1482 1292 1526 rc-

71 1564 291 1646 spondebimus,
313 1571 346 1625 ut
367 1563 413 1625 vel
434 1562 479 1624 sic
499 1579 602 1624 rerum
625 1561 755 1636 discant,
784 1564 1034 1642 comparationem
1057 1565 1156 1627 solere
1178 1565 1294 1631 institui

72 1667 143 1729 inter
161 1684 209 1741 ca,
231 1683 308 1746 quae
330 1663 465 1727 eiusdem
487 1671 605 1727 constat
626 1683 693 1727 esse
715 1652 845 1744 generis,
869 1683 927 1726 non
944 1674 1044 1727 autem
1058 1666 1136 1728 inter
1153 1685 1196 1741 aa,
1220 1686 1296 1747 quae
1399 1707 1403 1712 -

73 1768 212 1829 hvemm
232 1766 345 1829 bahent
366 1773 511 1828 naturam.
555 1765 657 1846 ltaque
679 1785 768 1828 nemo
790 1766 883 1828 Deum
906 1785 972 1828 cum
994 1767 1115 1829 homine
1136 1787 1293 1849 compara·

71 1870 139 1931 serit
164 1886 263 1949 noque
292 1867 380 1930 etiam
407 1867 559 1929 hominem
588 1885 655 1930 cum
682 1866 789 1929 belluis
819 1886 917 1948 nequo
944 1867 1022 1947 ligna
1049 1887 1117 1930 cum
1145 1869 1292 1950 lapidibus

72 1977 185 2051 propter
216 1976 340 2032 naturae
368 1968 652 2032 dissimilitudinem.
696 1970 755 2032 Sed
784 1970 864 2032 Deus
897 1969 1016 2049 quidem
1048 1988 1114 2032 aum
1147 1970 1227 2032 nulla
1259 1989 1293 2032 re

73 2071 226 2152 comparari
248 2078 364 2152 potest,
391 2070 483 2132 homo
505 2089 576 2132 vero
598 2089 666 2132 cum
687 2070 825 2143 homino,
855 2069 967 2150 lignum
996 2089 1062 2132 cum
1091 2069 1188 2150 ligno,
1218 2071 1293 2152 lapis

74 2190 130 2233 cun
149 2172 248 2254 lapide
267 2182 349 2235 recte
369 2179 471 2253 potest
491 2172 631 2246 conferri,
653 2190 710 2234 nec
730 2173 762 2233 in
783 2172 832 2234 bis
855 2191 912 2234 vox
930 2175 1141 2253 praestantius
1163 2191 1292 2253 usurpa-

72 2271 157 2349 bitur,
186 2275 242 2337 sed
268 2292 326 2335 vox
353 2277 447 2352 magia
469 2272 618 2354 volptas.
663 2272 713 2334 Sic
732 2272 842 2354 loseph
870 2273 964 2353 magis
992 2273 1116 2355 pulcher
1138 2277 1209 2336 'erat
1230 2275 1293 2337 suis

73 2374 212 2450 iratribus,
235 2374 345 2437 Rachel
366 2374 459 2453 magis
482 2373 604 2455 pulchra
627 2393 715 2453 quam
736 2374 800 2437 Lia.
830 2376 920 2438 Stella
933 2394 1005 2437 vero
1020 2394 1083 2436 non
1104 2375 1188 2438 stella
1202 2395 1292 2456 prae-

74 2478 199 2552 stantior,
221 2477 276 2539 sed
298 2476 392 2556 magis
414 2495 474 2538 una
496 2474 532 2538 ab
555 2476 610 2537 alia
633 2478 737 2559 differt
760 2482 792 2540 to
813 2478 923 2557 gloria.
969 2476 1043 2539 Cum
1058 2486 1156 2539 autem
1178 2496 1227 2538 res
1244 2477 1292 2538 di-

73 2597 164 2641 rersae
185 2587 308 2641 naturae
329 2578 408 2641 inter
429 2597 463 2640 se
486 2587 703 2658 comparantur,
727 2587 797 2641 tunc
818 2598 874 2640 vox
893 2583 1108 2660 praestantior
1129 2587 1179 2638 aut
1197 2597 1293 2660 prae-

75 2685 195 2743 stantius
218 2679 404 2742 differemiac
426 2679 636 2759 significandae
658 2681 752 2760 gratia
780 2679 953 2752 adhibetur,
986 2678 1234 2758 quemadmodum
1255 2679 1292 2741 de

76 2781 204 2860 sapientia
228 2789 259 2843 et
278 2781 426 2861 lapidibus
449 2790 495 2843 est
516 2782 636 2844 dictum.
683 2781 717 2844 Si
740 2781 828 2862 igitur
849 2779 1010 2861 Apostolus
1033 2779 1171 2840 dixisset:
1195 2781 1291 2841 Tanto

75 2884 154 2961 magis
176 2882 270 2945 Filius
292 2881 439 2945 antecellit
460 2884 505 2944 vel
527 2892 608 2945 tanto
631 2884 727 2946 maior
750 2891 796 2944 est
817 2881 953 2961 Angelis3
976 2880 1070 2967 vohis.
1085 2898 1158 2941 sane
1180 2900 1215 2941 ex
1236 2880 1292 2942 hac

76 2981 128 3044 lilii
148 3003 214 3046 cum
236 2983 356 3064 Angelis
379 2985 600 3064 comparatione
622 2983 820 3046 contendendi
843 3001 915 3044 ansa
937 2981 1139 3061 praeberetur.
1173 2981 1210 3042 bt
1224 2999 1292 3042 cum

79 3101 131 3144 enm
150 3087 228 3148 dicat
250 3104 320 3147 esse
347 3085 610 3165 praestantiorem,
640 3093 812 3164 tantumque
840 3084 976 3158 dillerre,
1005 3090 1147 3162 quantum
1174 3082 1292 3143 illiusa

80 3188 158 3248 serris
179 3187 296 3260 dillert,
324 3187 481 3248 manifeste
509 3187 612 3266 utique
635 3186 766 3248 ostendit
788 3186 876 3247 alium
905 3202 975 3246 cssc
996 3203 1013 3245 a
1035 3191 1138 3245 natura
1161 3182 1290 3262 Angelo-

81 3301 140 3348 rum.
182 3288 256 3351 Cum
277 3288 351 3350 item
372 3306 441 3349 eum
464 3288 563 3349 omnia
585 3288 726 3350 fundasse
747 3289 886 3360 affirmet,
905 3286 993 3347 alium
1008 3286 1142 3364 prolecto
1163 3284 1199 3346 ab
1223 3303 1291 3345 om-

83 3385 151 3449 nbus
172 3389 257 3451 lacus
279 3388 371 3450 rebus
393 3407 463 3450 esse
484 3387 600 3467 probat.
646 3387 835 3468 Quapropter
860 3407 928 3448 cum
950 3387 1085 3448 diversae
1106 3387 1147 3448 sit
1167 3393 1374 3448 natureaena.

86 3500 198 3551 aretum
219 3491 363 3552 lacmrum
384 3497 508 3564 natura,
531 3507 675 3569 quaenam
697 3508 808 3568 quaeso
831 3488 1011 3568 comparatio
1033 3495 1084 3549 aut
1106 3506 1181 3567 quac
1203 3486 1289 3549 simi-

85 3581 156 3650 itudo
176 3592 240 3654 eius
261 3599 384 3653 naturae
407 3609 474 3652 cum
496 3589 587 3653 rebus
609 3588 717 3653 lactis?
760 3590 869 3652 Verum
885 3591 911 3651 si
933 3608 1040 3651 rursus
1063 3588 1159 3650 simile
1180 3587 1292 3668 aliquid

89 3691 244 3770 exaptent,
278 3693 345 3754 illos
368 3693 416 3755 his
438 3690 537 3754 verbis
559 3689 723 3754 confutabit
743 3691 868 3754 Paulus:
897 3690 943 3753 Ad
964 3709 1049 3772 qoem
1070 3700 1170 3753 autem
1191 3689 1290 3769 Arege-

113 3972 129 4021 l·
143 3978 177 4029 Sic
191 3980 333 4039 Segoerlan.
356 3988 380 4031 et
397 3979 453 4042 lleg.
487 3980 533 4030 atti
551 3993 607 4029 sero
626 3986 651 4030 et
700 3973 842 4044 κρείσσων.
881 3978 977 4030 Gobler.
996 3977 1026 4028 'et
1044 3978 1149 4028 Felclm.
1164 3978 1186 4027 1.
1203 3974 1291 4045 κρεῖσ-

89 4037 130 4090 editt
143 4042 280 4115 συγκρίνει.
701 4058 768 4110 σον;
787 4045 913 4096 mendose.
937 4046 1000 4096 Editi
1016 4054 1040 4096 et
1054 4046 1094 4096 olii
1105 4037 1137 4093 od
1150 4038 1289 4110 κρείττων.

114 4117 309 4183 eaoysptmar
333 4114 402 4165 abest
426 4130 439 4165 a
459 4115 606 4166 Goblerirno
625 4123 650 4166 et
734 4146 757 4194 3,
775 4130 874 4194 sagea,
886 4119 954 4177 ὅταν
963 4143 1005 4183 τις
1014 4128 1108 4178 ταῦτα.
1132 4131 1189 4190 lteg.
1203 4125 1291 4173 ταῦτα

88 4169 199 4291 NCM·
282 4244 290 4260 .
702 4198 797 4248 omittit.
834 4198 925 4249 lbldem
950 4197 1056 4248 Folchm.
1073 4197 1096 4246 5.
1117 4188 1290 4261 'caprarium

94 4292 101 4312 ν
137 4248 227 4328 Sillii·
243 4245 396 4299 mmm*
431 4249 498 4299 ΝΜ
522 4264 577 4299 ¹⁰⁰¹
595 4258 652 4313 9⁰⁸²
701 4267 780 4316 Editio
798 4265 916 4317 Commel.
934 4274 959 4315 et
976 4266 1015 4315 alil
1033 4256 1184 4329 παραβάλῃ.

88 4300 201 4448 aaa
217 4309 650 4446 lasea
735 4351 758 4444 a·
779 4346 831 4414 a·
941 4364 966 4414 v·
985 4348 1043 4444 a·
1130 4342 1165 4411 21

89 4436 128 4518 tp.
143 4440 223 4518 lasa
241 4447 280 4505 at.
306 4452 352 4503 atas
371 4459 394 4502 a
412 4443 568 4516 ausaausa
585 4443 649 4517 pap.
735 4449 751 4483 ¹·
770 4434 870 4498 Secur-
888 4447 925 4486 ων
943 4439 1038 4483 amaa.

88 4501 130 4561 'lli
145 4518 239 4583 Segusa
257 4519 357 4573 Goblor.
380 4526 404 4570 et
426 4519 533 4570 Felalm.
549 4520 570 4569 l.
589 4509 651 4583 sapt
738 4517 760 4568 l.
782 4517 881 4581 Segaer.
900 4510 915 4564 ὅ
933 4508 999 4569 vitis·
