<?xml version="1.0" encoding="UTF-8"?>
<!DOCTYPE html PUBLIC "-//W3C//DTD XHTML 1.0 Transitional//EN"
    "http://www.w3.org/TR/xhtml1/DTD/xhtml1-transitional.dtd">
<html xmlns="http://www.w3.org/1999/xhtml" xml:lang="en" lang="en">
 <head>
  <title>
</title>
<meta http-equiv="Content-Type" content="text/html;charset=utf-8" />
  <meta name='ocr-system' content='tesseract 3.04.00' />
  <meta name='ocr-capabilities' content='ocr_page ocr_carea ocr_par ocr_line ocrx_word'/>
</head>
<body>
  <div class='ocr_page' id='page_1' title='image "./sanctiathanasii02athagoog/sanctiathanasii02athagoog_0414.png"; bbox 0 0 2948 5092; ppageno 0'>
   <div class='ocr_carea' id='block_1_1' title="bbox 481 265 1311 337">
    <p class='ocr_par' dir='ltr' id='par_1_1' title="bbox 481 265 1311 337">
     <span class='ocr_line' id='line_1_1' title="bbox 481 265 1311 337; baseline 0.01 -10"><span class='ocrx_word' id='word_1_1' title='bbox 481 280 590 327; x_wconf 77' lang='lat' dir='ltr'>emmo</span> <span class='ocrx_word' id='word_1_2' title='bbox 606 265 638 325; x_wconf 88' lang='lat' dir='ltr'>u.</span> <span class='ocrx_word' id='word_1_3' title='bbox 654 280 771 325; x_wconf 82' lang='lat' dir='ltr'>eenrm</span> <span class='ocrx_word' id='word_1_4' title='bbox 784 279 919 327; x_wconf 76' lang='lat' dir='ltr'>muner.</span> <span class='ocrx_word' id='word_1_5' title='bbox 1244 266 1311 337; x_wconf 72' lang='grc'>,347</span> 
     </span>
    </p>
   </div>
   <div class='ocr_carea' id='block_1_2' title="bbox 76 416 1398 1207">
    <p class='ocr_par' dir='ltr' id='par_1_2' title="bbox 76 416 1398 1207">
     <span class='ocr_line' id='line_1_2' title="bbox 78 416 1398 513; baseline 0.004 -17"><span class='ocrx_word' id='word_1_6' title='bbox 78 445 119 496; x_wconf 88' lang='lat' dir='ltr'>et:</span> <span class='ocrx_word' id='word_1_7' title='bbox 143 433 306 498; x_wconf 76' lang='lat' dir='ltr'>voluntati</span> <span class='ocrx_word' id='word_1_8' title='bbox 324 416 488 495; x_wconf 64' lang='lat' dir='ltr'>enimdeo</span> <span class='ocrx_word' id='word_1_9' title='bbox 511 436 577 513; x_wconf 77' lang='lat' dir='ltr'>quie</span> <span class='ocrx_word' id='word_1_10' title='bbox 601 429 744 495; x_wconf 73' lang='lat' dir='ltr'><em>resistit?</em></span> <span class='ocrx_word' id='word_1_11' title='bbox 766 430 798 492; x_wconf 91' lang='lat' dir='ltr'>Si</span> <span class='ocrx_word' id='word_1_12' title='bbox 819 449 912 511; x_wconf 84' lang='lat' dir='ltr'>porro</span> <span class='ocrx_word' id='word_1_13' title='bbox 935 432 998 493; x_wconf 83' lang='lat' dir='ltr'>sola</span> <span class='ocrx_word' id='word_1_14' title='bbox 1017 433 1080 495; x_wconf 84' lang='lat' dir='ltr'>eius</span> <span class='ocrx_word' id='word_1_15' title='bbox 1096 433 1231 495; x_wconf 81' lang='lat' dir='ltr'>voluntas</span> <span class='ocrx_word' id='word_1_16' title='bbox 1246 435 1398 503; x_wconf 69' lang='lat' dir='ltr'>eut-uer.</span> 
     </span>
     <span class='ocr_line' id='line_1_3' title="bbox 78 532 1312 614; baseline -0.001 -16"><span class='ocrx_word' id='word_1_17' title='bbox 78 536 137 598; x_wconf 81' lang='lat' dir='ltr'>licit</span> <span class='ocrx_word' id='word_1_18' title='bbox 159 536 198 598; x_wconf 83' lang='lat' dir='ltr'>ud</span> <span class='ocrx_word' id='word_1_19' title='bbox 221 553 273 597; x_wconf 85' lang='lat' dir='ltr'>res</span> <span class='ocrx_word' id='word_1_20' title='bbox 297 551 402 596; x_wconf 80' lang='lat' dir='ltr'>omnes</span> <span class='ocrx_word' id='word_1_21' title='bbox 425 533 650 614; x_wconf 57' lang='lat' dir='ltr'>producendae·</span> <span class='ocrx_word' id='word_1_22' title='bbox 665 532 779 596; x_wconf 89' lang='lat' dir='ltr'>inutilis</span> <span class='ocrx_word' id='word_1_23' title='bbox 802 533 966 595; x_wconf 87' lang='lat' dir='ltr'>secuudum</span> <span class='ocrx_word' id='word_1_24' title='bbox 988 551 1044 595; x_wconf 85' lang='lat' dir='ltr'>ros</span> <span class='ocrx_word' id='word_1_25' title='bbox 1066 534 1124 595; x_wconf 90' lang='lat' dir='ltr'>erit</span> <span class='ocrx_word' id='word_1_26' title='bbox 1144 534 1312 603; x_wconf 76' lang='lat' dir='ltr'>intermedii</span> 
     </span>
     <span class='ocr_line' id='line_1_4' title="bbox 78 623 1313 718; baseline 0.003 -21"><span class='ocrx_word' id='word_1_27' title='bbox 78 623 157 700; x_wconf 84' lang='lat' dir='ltr'>illius</span> <span class='ocrx_word' id='word_1_28' title='bbox 179 635 326 698; x_wconf 77' lang='lat' dir='ltr'>adiutorio</span> <span class='ocrx_word' id='word_1_29' title='bbox 349 652 451 715; x_wconf 84' lang='lat' dir='ltr'>opere.</span> <span class='ocrx_word' id='word_1_30' title='bbox 494 635 546 696; x_wconf 87' lang='lat' dir='ltr'>llla</span> <span class='ocrx_word' id='word_1_31' title='bbox 569 635 648 697; x_wconf 90' lang='lat' dir='ltr'>euim</span> <span class='ocrx_word' id='word_1_32' title='bbox 669 634 796 714; x_wconf 80' lang='lat' dir='ltr'>bloyeis,</span> <span class='ocrx_word' id='word_1_33' title='bbox 827 634 900 697; x_wconf 83' lang='lat' dir='ltr'>solis</span> <span class='ocrx_word' id='word_1_34' title='bbox 923 645 954 697; x_wconf 86' lang='lat' dir='ltr'>et</span> <span class='ocrx_word' id='word_1_35' title='bbox 974 635 1061 698; x_wconf 87' lang='lat' dir='ltr'>lunae</span> <span class='ocrx_word' id='word_1_36' title='bbox 1083 637 1215 716; x_wconf 81' lang='lat' dir='ltr'>exempla</span> <span class='ocrx_word' id='word_1_37' title='bbox 1237 657 1313 718; x_wconf 85' lang='lat' dir='ltr'>quae</span> 
     </span>
     <span class='ocr_line' id='line_1_5' title="bbox 76 736 1311 820; baseline 0.002 -20"><span class='ocrx_word' id='word_1_38' title='bbox 76 737 254 810; x_wconf 74' lang='lat' dir='ltr'>adduxistis,</span> <span class='ocrx_word' id='word_1_39' title='bbox 276 736 370 799; x_wconf 85' lang='lat' dir='ltr'>iutilia</span> <span class='ocrx_word' id='word_1_40' title='bbox 392 755 461 798; x_wconf 78' lang='lat' dir='ltr'>esse</span> <span class='ocrx_word' id='word_1_41' title='bbox 481 736 639 816; x_wconf 82' lang='lat' dir='ltr'>probatum</span> <span class='ocrx_word' id='word_1_42' title='bbox 661 744 718 799; x_wconf 87' lang='lat' dir='ltr'>eet.</span> <span class='ocrx_word' id='word_1_43' title='bbox 763 738 968 799; x_wconf 81' lang='lat' dir='ltr'>Verumtamen</span> <span class='ocrx_word' id='word_1_44' title='bbox 991 738 1035 800; x_wconf 84' lang='lat' dir='ltr'>eie</span> <span class='ocrx_word' id='word_1_45' title='bbox 1057 737 1144 800; x_wconf 88' lang='lat' dir='ltr'>etiam</span> <span class='ocrx_word' id='word_1_46' title='bbox 1161 757 1214 800; x_wconf 88' lang='lat' dir='ltr'>ros</span> <span class='ocrx_word' id='word_1_47' title='bbox 1235 758 1311 820; x_wconf 84' lang='lat' dir='ltr'>poe·</span> 
     </span>
     <span class='ocr_line' id='line_1_6' title="bbox 78 838 1311 923; baseline -0.001 -22"><span class='ocrx_word' id='word_1_48' title='bbox 78 859 182 903; x_wconf 82' lang='lat' dir='ltr'>eumue</span> <span class='ocrx_word' id='word_1_49' title='bbox 212 838 359 902; x_wconf 78' lang='lat' dir='ltr'>refellere.</span> <span class='ocrx_word' id='word_1_50' title='bbox 404 838 437 900; x_wconf 89' lang='lat' dir='ltr'>Si</span> <span class='ocrx_word' id='word_1_51' title='bbox 464 839 570 901; x_wconf 82' lang='lat' dir='ltr'>iactam</span> <span class='ocrx_word' id='word_1_52' title='bbox 601 846 735 901; x_wconf 77' lang='lat' dir='ltr'>nentrum</span> <span class='ocrx_word' id='word_1_53' title='bbox 763 839 868 899; x_wconf 86' lang='lat' dir='ltr'>voleus</span> <span class='ocrx_word' id='word_1_54' title='bbox 895 839 974 901; x_wconf 85' lang='lat' dir='ltr'>Deae</span> <span class='ocrx_word' id='word_1_55' title='bbox 1005 858 1105 901; x_wconf 84' lang='lat' dir='ltr'>oreore</span> <span class='ocrx_word' id='word_1_56' title='bbox 1128 840 1224 920; x_wconf 88' lang='lat' dir='ltr'>deque</span> <span class='ocrx_word' id='word_1_57' title='bbox 1245 840 1311 923; x_wconf 83' lang='lat' dir='ltr'>ipee</span> 
     </span>
     <span class='ocr_line' id='line_1_7' title="bbox 79 921 1329 1019; baseline -0.001 -14"><span class='ocrx_word' id='word_1_58' title='bbox 79 930 230 1005; x_wconf 72' lang='lat' dir='ltr'>iacienda&#39;</span> <span class='ocrx_word' id='word_1_59' title='bbox 244 940 412 1003; x_wconf 73' lang='lat' dir='ltr'>deliberans</span> <span class='ocrx_word' id='word_1_60' title='bbox 439 939 544 1002; x_wconf 84' lang='lat' dir='ltr'>Filium</span> <span class='ocrx_word' id='word_1_61' title='bbox 572 941 735 1004; x_wconf 84' lang='lat' dir='ltr'>seeundum</span> <span class='ocrx_word' id='word_1_62' title='bbox 761 959 817 1019; x_wconf 82' lang='lat' dir='ltr'>ros</span> <span class='ocrx_word' id='word_1_63' title='bbox 844 941 991 1019; x_wconf 80' lang='lat' dir='ltr'>excogitat</span> <span class='ocrx_word' id='word_1_64' title='bbox 1017 950 1047 1002; x_wconf 90' lang='lat' dir='ltr'>et</span> <span class='ocrx_word' id='word_1_65' title='bbox 1067 949 1163 1015; x_wconf 84' lang='lat' dir='ltr'>creet,</span> <span class='ocrx_word' id='word_1_66' title='bbox 1197 949 1231 1004; x_wconf 92' lang='lat' dir='ltr'>ut</span> <span class='ocrx_word' id='word_1_67' title='bbox 1252 921 1329 1019; x_wconf 34' lang='lat' dir='ltr'>noe*v</span> 
     </span>
     <span class='ocr_line' id='line_1_8' title="bbox 76 1041 1309 1124; baseline 0 -19"><span class='ocrx_word' id='word_1_68' title='bbox 76 1062 130 1124; x_wconf 82' lang='lat' dir='ltr'>per</span> <span class='ocrx_word' id='word_1_69' title='bbox 152 1042 255 1124; x_wconf 82' lang='lat' dir='ltr'>ipsum</span> <span class='ocrx_word' id='word_1_70' title='bbox 277 1049 382 1122; x_wconf 87' lang='lat' dir='ltr'>postea</span> <span class='ocrx_word' id='word_1_71' title='bbox 403 1041 564 1122; x_wconf 78' lang='lat' dir='ltr'>producet,</span> <span class='ocrx_word' id='word_1_72' title='bbox 587 1051 725 1122; x_wconf 86' lang='lat' dir='ltr'>quantem</span> <span class='ocrx_word' id='word_1_73' title='bbox 746 1042 882 1122; x_wconf 82' lang='lat' dir='ltr'>proferre</span> <span class='ocrx_word' id='word_1_74' title='bbox 904 1042 1017 1104; x_wconf 86' lang='lat' dir='ltr'>eudetis</span> <span class='ocrx_word' id='word_1_75' title='bbox 1040 1041 1220 1123; x_wconf 81' lang='lat' dir='ltr'>impietatem</span> <span class='ocrx_word' id='word_1_76' title='bbox 1243 1042 1309 1106; x_wconf 87' lang='lat' dir='ltr'>eni-</span> 
     </span>
     <span class='ocr_line' id='line_1_9' title="bbox 76 1143 265 1207; baseline -0.016 -1"><span class='ocrx_word' id='word_1_77' title='bbox 76 1143 265 1207; x_wconf 78' lang='lat' dir='ltr'>madvertite.</span> 
     </span>
    </p>
   </div>
   <div class='ocr_carea' id='block_1_3' title="bbox 14 1327 1392 3546">
    <p class='ocr_par' dir='ltr' id='par_1_3' title="bbox 75 1327 1367 2121">
     <span class='ocr_line' id='line_1_10' title="bbox 163 1327 1310 1410; baseline -0.003 -16"><span class='ocrx_word' id='word_1_78' title='bbox 163 1331 218 1394; x_wconf 84' lang='lat'>30.</span> <span class='ocrx_word' id='word_1_79' title='bbox 262 1327 372 1390; x_wconf 88' lang='lat' dir='ltr'>Primo·</span> <span class='ocrx_word' id='word_1_80' title='bbox 386 1328 464 1390; x_wconf 89' lang='lat' dir='ltr'>enim</span> <span class='ocrx_word' id='word_1_81' title='bbox 487 1327 556 1389; x_wconf 90' lang='lat' dir='ltr'>inde</span> <span class='ocrx_word' id='word_1_82' title='bbox 578 1327 721 1405; x_wconf 80' lang='lat' dir='ltr'>seqnitur,</span> <span class='ocrx_word' id='word_1_83' title='bbox 743 1335 778 1388; x_wconf 90' lang='lat' dir='ltr'>ut</span> <span class='ocrx_word' id='word_1_84' title='bbox 799 1327 864 1407; x_wconf 81' lang='lat' dir='ltr'>ipse</span> <span class='ocrx_word' id='word_1_85' title='bbox 885 1327 977 1392; x_wconf 76' lang='lat' dir='ltr'>Filius</span> <span class='ocrx_word' id='word_1_86' title='bbox 993 1329 1090 1391; x_wconf 89' lang='lat' dir='ltr'>nostri</span> <span class='ocrx_word' id='word_1_87' title='bbox 1104 1328 1205 1410; x_wconf 84' lang='lat' dir='ltr'>potius</span> <span class='ocrx_word' id='word_1_88' title='bbox 1221 1348 1310 1393; x_wconf 78' lang='lat' dir='ltr'>rausa</span> 
     </span>
     <span class='ocr_line' id='line_1_11' title="bbox 76 1427 1308 1509; baseline 0.001 -17"><span class='ocrx_word' id='word_1_89' title='bbox 76 1433 174 1494; x_wconf 82' lang='lat' dir='ltr'>iectus</span> <span class='ocrx_word' id='word_1_90' title='bbox 198 1430 306 1504; x_wconf 83' lang='lat' dir='ltr'>inerit,</span> <span class='ocrx_word' id='word_1_91' title='bbox 334 1447 422 1509; x_wconf 90' lang='lat' dir='ltr'>quam</span> <span class='ocrx_word' id='word_1_92' title='bbox 450 1447 507 1491; x_wconf 83' lang='lat' dir='ltr'>uee</span> <span class='ocrx_word' id='word_1_93' title='bbox 535 1436 659 1509; x_wconf 88' lang='lat' dir='ltr'>propter</span> <span class='ocrx_word' id='word_1_94' title='bbox 680 1428 789 1508; x_wconf 83' lang='lat' dir='ltr'>ipsum.</span> <span class='ocrx_word' id='word_1_95' title='bbox 833 1427 894 1491; x_wconf 89' lang='lat' dir='ltr'>Nee</span> <span class='ocrx_word' id='word_1_96' title='bbox 917 1430 996 1491; x_wconf 91' lang='lat' dir='ltr'>enim</span> <span class='ocrx_word' id='word_1_97' title='bbox 1018 1449 1074 1492; x_wconf 85' lang='lat' dir='ltr'>uos</span> <span class='ocrx_word' id='word_1_98' title='bbox 1097 1439 1219 1509; x_wconf 87' lang='lat' dir='ltr'>propter</span> <span class='ocrx_word' id='word_1_99' title='bbox 1240 1449 1308 1493; x_wconf 92' lang='lat' dir='ltr'>eum</span> 
     </span>
     <span class='ocr_line' id='line_1_12' title="bbox 76 1530 1367 1619; baseline -0.003 -23"><span class='ocrx_word' id='word_1_100' title='bbox 76 1533 168 1619; x_wconf 78' lang='lat' dir='ltr'>creati</span> <span class='ocrx_word' id='word_1_101' title='bbox 192 1549 310 1604; x_wconf 81' lang='lat' dir='ltr'>sumus,</span> <span class='ocrx_word' id='word_1_102' title='bbox 333 1530 387 1593; x_wconf 80' lang='lat' dir='ltr'>sed</span> <span class='ocrx_word' id='word_1_103' title='bbox 409 1531 474 1611; x_wconf 85' lang='lat' dir='ltr'>ipse</span> <span class='ocrx_word' id='word_1_104' title='bbox 495 1538 620 1610; x_wconf 84' lang='lat' dir='ltr'>propter</span> <span class='ocrx_word' id='word_1_105' title='bbox 641 1548 699 1592; x_wconf 84' lang='lat' dir='ltr'>nes</span> <span class='ocrx_word' id='word_1_106' title='bbox 722 1532 817 1592; x_wconf 83' lang='lat' dir='ltr'>iectus</span> <span class='ocrx_word' id='word_1_107' title='bbox 841 1540 896 1606; x_wconf 84' lang='lat' dir='ltr'>eat,</span> <span class='ocrx_word' id='word_1_108' title='bbox 921 1531 959 1593; x_wconf 86' lang='lat' dir='ltr'>ita</span> <span class='ocrx_word' id='word_1_109' title='bbox 981 1541 1014 1593; x_wconf 91' lang='lat' dir='ltr'>ut</span> <span class='ocrx_word' id='word_1_110' title='bbox 1036 1531 1085 1593; x_wconf 86' lang='lat' dir='ltr'>illo</span> <span class='ocrx_word' id='word_1_111' title='bbox 1100 1531 1188 1593; x_wconf 89' lang='lat' dir='ltr'>nobis</span> <span class='ocrx_word' id='word_1_112' title='bbox 1206 1531 1308 1611; x_wconf 80' lang='lat' dir='ltr'>potine</span> <span class='ocrx_word' id='word_1_113' title='bbox 1364 1579 1367 1583; x_wconf 87' lang='lat'>.</span> 
     </span>
     <span class='ocr_line' id='line_1_13' title="bbox 75 1630 1310 1712; baseline -0.001 -17"><span class='ocrx_word' id='word_1_114' title='bbox 75 1634 185 1696; x_wconf 81' lang='lat' dir='ltr'>habeut</span> <span class='ocrx_word' id='word_1_115' title='bbox 213 1632 354 1712; x_wconf 76' lang='lat' dir='ltr'>qratiam,</span> <span class='ocrx_word' id='word_1_116' title='bbox 384 1650 472 1711; x_wconf 90' lang='lat' dir='ltr'>quam</span> <span class='ocrx_word' id='word_1_117' title='bbox 500 1649 556 1693; x_wconf 89' lang='lat' dir='ltr'>nos</span> <span class='ocrx_word' id='word_1_118' title='bbox 584 1630 642 1705; x_wconf 91' lang='lat' dir='ltr'>illi,</span> <span class='ocrx_word' id='word_1_119' title='bbox 672 1641 703 1694; x_wconf 95' lang='lat' dir='ltr'>ut</span> <span class='ocrx_word' id='word_1_120' title='bbox 729 1641 760 1694; x_wconf 90' lang='lat' dir='ltr'>et</span> <span class='ocrx_word' id='word_1_121' title='bbox 786 1632 893 1694; x_wconf 90' lang='lat' dir='ltr'>mulier</span> <span class='ocrx_word' id='word_1_122' title='bbox 921 1633 997 1695; x_wconf 85' lang='lat' dir='ltr'>vire.</span> <span class='ocrx_word' id='word_1_123' title='bbox 1049 1635 1179 1706; x_wconf 79' lang='lat' dir='ltr'>illenim,</span> <span class='ocrx_word' id='word_1_124' title='bbox 1209 1642 1241 1695; x_wconf 91' lang='lat' dir='ltr'>ut</span> <span class='ocrx_word' id='word_1_125' title='bbox 1269 1632 1310 1697; x_wconf 85' lang='lat' dir='ltr'>eit</span> 
     </span>
     <span class='ocr_line' id='line_1_14' title="bbox 76 1735 1310 1816; baseline 0.001 -18"><span class='ocrx_word' id='word_1_126' title='bbox 76 1735 244 1816; x_wconf 78' lang='lat' dir='ltr'>Scriptum,</span> <span class='ocrx_word' id='word_1_127' title='bbox 266 1752 330 1796; x_wconf 77' lang='lat' dir='ltr'>nen</span> <span class='ocrx_word' id='word_1_128' title='bbox 351 1745 397 1796; x_wconf 85' lang='lat' dir='ltr'>ert</span> <span class='ocrx_word' id='word_1_129' title='bbox 419 1744 541 1795; x_wconf 80' lang='lat' dir='ltr'>creatus</span> <span class='ocrx_word' id='word_1_130' title='bbox 563 1739 614 1795; x_wconf 81' lang='lat' dir='ltr'>vir</span> <span class='ocrx_word' id='word_1_131' title='bbox 633 1744 764 1814; x_wconf 82' lang='lat' dir='ltr'>propter</span> <span class='ocrx_word' id='word_1_132' title='bbox 785 1735 952 1805; x_wconf 84' lang='lat' dir='ltr'>mulierem,</span> <span class='ocrx_word' id='word_1_133' title='bbox 976 1737 1029 1798; x_wconf 79' lang='lat' dir='ltr'>red</span> <span class='ocrx_word' id='word_1_134' title='bbox 1049 1735 1161 1798; x_wconf 81' lang='lat' dir='ltr'>mulier</span> <span class='ocrx_word' id='word_1_135' title='bbox 1179 1745 1310 1816; x_wconf 77' lang='lat' dir='ltr'>propter</span> 
     </span>
     <span class='ocr_line' id='line_1_15' title="bbox 75 1834 1310 1925; baseline 0 -25"><span class='ocrx_word' id='word_1_136' title='bbox 75 1843 189 1910; x_wconf 77' lang='lat' dir='ltr'>virum.</span> <span class='ocrx_word' id='word_1_137' title='bbox 235 1834 328 1914; x_wconf 78' lang='lat' dir='ltr'>igitur</span> <span class='ocrx_word' id='word_1_138' title='bbox 357 1834 605 1915; x_wconf 82' lang='lat' dir='ltr'>quemadmodum</span> <span class='ocrx_word' id='word_1_139' title='bbox 633 1840 684 1897; x_wconf 80' lang='lat' dir='ltr'>vir</span> <span class='ocrx_word' id='word_1_140' title='bbox 712 1840 809 1915; x_wconf 76' lang='lat' dir='ltr'>rbtoqo</span> <span class='ocrx_word' id='word_1_141' title='bbox 838 1847 868 1898; x_wconf 91' lang='lat' dir='ltr'>et</span> <span class='ocrx_word' id='word_1_142' title='bbox 895 1838 996 1916; x_wconf 76' lang='lat' dir='ltr'>qlorio</span> <span class='ocrx_word' id='word_1_143' title='bbox 1023 1837 1083 1925; x_wconf 79' lang='lat' dir='ltr'>Dei</span> <span class='ocrx_word' id='word_1_144' title='bbox 1109 1847 1169 1908; x_wconf 85' lang='lat' dir='ltr'>est,</span> <span class='ocrx_word' id='word_1_145' title='bbox 1197 1837 1310 1915; x_wconf 80' lang='lat' dir='ltr'>mulier</span> 
     </span>
     <span class='ocr_line' id='line_1_16' title="bbox 75 1933 1309 2021; baseline -0.002 -19"><span class='ocrx_word' id='word_1_146' title='bbox 75 1951 178 2002; x_wconf 81' lang='lat' dir='ltr'>eutem</span> <span class='ocrx_word' id='word_1_147' title='bbox 206 1936 307 2016; x_wconf 79' lang='lat' dir='ltr'>qloriu</span> <span class='ocrx_word' id='word_1_148' title='bbox 337 1942 401 1999; x_wconf 84' lang='lat' dir='ltr'>oiri</span> <span class='ocrx_word' id='word_1_149' title='bbox 426 1947 486 2009; x_wconf 81' lang='lat' dir='ltr'>eet3</span> <span class='ocrx_word' id='word_1_150' title='bbox 514 1936 553 1998; x_wconf 86' lang='lat' dir='ltr'>ite</span> <span class='ocrx_word' id='word_1_151' title='bbox 584 1955 640 1998; x_wconf 83' lang='lat' dir='ltr'>nos</span> <span class='ocrx_word' id='word_1_152' title='bbox 667 1933 720 1998; x_wconf 88' lang='lat' dir='ltr'>Dei</span> <span class='ocrx_word' id='word_1_153' title='bbox 749 1937 846 2016; x_wconf 81' lang='lat' dir='ltr'>imego</span> <span class='ocrx_word' id='word_1_154' title='bbox 875 1945 904 2000; x_wconf 91' lang='lat' dir='ltr'>et</span> <span class='ocrx_word' id='word_1_155' title='bbox 931 1939 967 2021; x_wconf 88' lang='lat' dir='ltr'>ad</span> <span class='ocrx_word' id='word_1_156' title='bbox 995 1937 1060 2018; x_wconf 85' lang='lat' dir='ltr'>ejus</span> <span class='ocrx_word' id='word_1_157' title='bbox 1089 1938 1211 2018; x_wconf 78' lang='lat' dir='ltr'>gloriam</span> <span class='ocrx_word' id='word_1_158' title='bbox 1241 1938 1309 2002; x_wconf 85' lang='lat' dir='ltr'>iacti</span> 
     </span>
     <span class='ocr_line' id='line_1_17' title="bbox 76 2022 1308 2121; baseline 0.001 -19"><span class='ocrx_word' id='word_1_159' title='bbox 76 2022 200 2110; x_wconf 84' lang='lat' dir='ltr'>eumue,</span> <span class='ocrx_word' id='word_1_160' title='bbox 231 2036 324 2099; x_wconf 82' lang='lat' dir='ltr'>Filius</span> <span class='ocrx_word' id='word_1_161' title='bbox 353 2045 451 2100; x_wconf 90' lang='lat' dir='ltr'>eutem</span> <span class='ocrx_word' id='word_1_162' title='bbox 481 2039 576 2099; x_wconf 84' lang='lat' dir='ltr'>nostri</span> <span class='ocrx_word' id='word_1_163' title='bbox 606 2039 702 2118; x_wconf 68' lang='lat' dir='ltr'>imago</span> <span class='ocrx_word' id='word_1_164' title='bbox 733 2040 820 2101; x_wconf 82' lang='lat' dir='ltr'>etad</span> <span class='ocrx_word' id='word_1_165' title='bbox 842 2048 976 2102; x_wconf 78' lang='lat' dir='ltr'>nostram</span> <span class='ocrx_word' id='word_1_166' title='bbox 999 2040 1121 2121; x_wconf 78' lang='lat' dir='ltr'>gloriam</span> <span class='ocrx_word' id='word_1_167' title='bbox 1145 2042 1238 2103; x_wconf 84' lang='lat' dir='ltr'>iaetus</span> <span class='ocrx_word' id='word_1_168' title='bbox 1260 2039 1308 2103; x_wconf 89' lang='lat' dir='ltr'>di-</span> 
     </span>
    </p>

    <p class='ocr_par' dir='ltr' id='par_1_4' title="bbox 14 2138 1392 3546">
     <span class='ocr_line' id='line_1_18' title="bbox 14 2138 1309 2229; baseline -0.002 -25"><span class='ocrx_word' id='word_1_169' title='bbox 14 2180 18 2190; x_wconf 68' lang='grc'><strong>»</strong></span> <span class='ocrx_word' id='word_1_170' title='bbox 75 2141 189 2204; x_wconf 80' lang='lat' dir='ltr'>dendus</span> <span class='ocrx_word' id='word_1_171' title='bbox 213 2138 280 2200; x_wconf 90' lang='lat' dir='ltr'>erit.</span> <span class='ocrx_word' id='word_1_172' title='bbox 323 2139 436 2201; x_wconf 86' lang='lat' dir='ltr'>Deinde</span> <span class='ocrx_word' id='word_1_173' title='bbox 459 2158 516 2200; x_wconf 93' lang='lat' dir='ltr'>nos</span> <span class='ocrx_word' id='word_1_174' title='bbox 539 2140 657 2219; x_wconf 90' lang='lat' dir='ltr'>quidem</span> <span class='ocrx_word' id='word_1_175' title='bbox 680 2141 747 2225; x_wconf 80' lang='lat' dir='ltr'>iacti</span> <span class='ocrx_word' id='word_1_176' title='bbox 770 2160 890 2216; x_wconf 85' lang='lat' dir='ltr'>sumne,</span> <span class='ocrx_word' id='word_1_177' title='bbox 913 2152 946 2205; x_wconf 91' lang='lat' dir='ltr'>ut</span> <span class='ocrx_word' id='word_1_178' title='bbox 968 2143 1180 2229; x_wconf 39' lang='lat' dir='ltr'>existeremusy</span> <span class='ocrx_word' id='word_1_179' title='bbox 1205 2150 1235 2203; x_wconf 85' lang='lat' dir='ltr'>ut</span> <span class='ocrx_word' id='word_1_180' title='bbox 1254 2141 1309 2203; x_wconf 85' lang='lat' dir='ltr'>Dei</span> 
     </span>
     <span class='ocr_line' id='line_1_19' title="bbox 75 2242 1308 2322; baseline 0.002 -20"><span class='ocrx_word' id='word_1_181' title='bbox 75 2242 207 2305; x_wconf 80' lang='lat' dir='ltr'>Verbum</span> <span class='ocrx_word' id='word_1_182' title='bbox 233 2259 296 2302; x_wconf 92' lang='lat' dir='ltr'>nou</span> <span class='ocrx_word' id='word_1_183' title='bbox 317 2250 351 2302; x_wconf 93' lang='lat' dir='ltr'>ut</span> <span class='ocrx_word' id='word_1_184' title='bbox 372 2243 530 2315; x_wconf 76' lang='lat' dir='ltr'>existeret,</span> <span class='ocrx_word' id='word_1_185' title='bbox 559 2242 611 2303; x_wconf 89' lang='lat' dir='ltr'>sed</span> <span class='ocrx_word' id='word_1_186' title='bbox 635 2243 731 2304; x_wconf 83' lang='lat' dir='ltr'>nostri</span> <span class='ocrx_word' id='word_1_187' title='bbox 754 2244 847 2322; x_wconf 81' lang='lat' dir='ltr'>gretie</span> <span class='ocrx_word' id='word_1_188' title='bbox 871 2244 963 2306; x_wconf 87' lang='lat' dir='ltr'>instar</span> <span class='ocrx_word' id='word_1_189' title='bbox 985 2243 1177 2306; x_wconf 84' lang='lat' dir='ltr'>instrumenti</span> <span class='ocrx_word' id='word_1_190' title='bbox 1198 2244 1308 2307; x_wconf 89' lang='lat' dir='ltr'>ieetum</span> 
     </span>
     <span class='ocr_line' id='line_1_20' title="bbox 76 2342 1307 2426; baseline 0 -20"><span class='ocrx_word' id='word_1_191' title='bbox 76 2353 131 2418; x_wconf 87' lang='lat' dir='ltr'>est,</span> <span class='ocrx_word' id='word_1_192' title='bbox 154 2342 342 2423; x_wconf 85' lang='lat' dir='ltr'>proindeque</span> <span class='ocrx_word' id='word_1_193' title='bbox 364 2361 426 2405; x_wconf 91' lang='lat' dir='ltr'>non</span> <span class='ocrx_word' id='word_1_194' title='bbox 448 2362 505 2404; x_wconf 92' lang='lat' dir='ltr'>nos</span> <span class='ocrx_word' id='word_1_195' title='bbox 527 2351 652 2422; x_wconf 87' lang='lat' dir='ltr'>propter</span> <span class='ocrx_word' id='word_1_196' title='bbox 674 2344 756 2417; x_wconf 88' lang='lat' dir='ltr'>illud,</span> <span class='ocrx_word' id='word_1_197' title='bbox 779 2346 833 2406; x_wconf 86' lang='lat' dir='ltr'>sed</span> <span class='ocrx_word' id='word_1_198' title='bbox 855 2346 955 2426; x_wconf 84' lang='lat' dir='ltr'>ipsum</span> <span class='ocrx_word' id='word_1_199' title='bbox 977 2355 1100 2426; x_wconf 81' lang='lat' dir='ltr'>propter</span> <span class='ocrx_word' id='word_1_200' title='bbox 1116 2365 1172 2407; x_wconf 85' lang='lat' dir='ltr'>uos</span> <span class='ocrx_word' id='word_1_201' title='bbox 1196 2345 1307 2406; x_wconf 82' lang='lat' dir='ltr'>existit.</span> 
     </span>
     <span class='ocr_line' id='line_1_21' title="bbox 75 2445 1310 2528; baseline -0.002 -20"><span class='ocrx_word' id='word_1_202' title='bbox 75 2450 116 2509; x_wconf 80' lang='lat' dir='ltr'>bn</span> <span class='ocrx_word' id='word_1_203' title='bbox 140 2464 204 2508; x_wconf 92' lang='lat' dir='ltr'>non</span> <span class='ocrx_word' id='word_1_204' title='bbox 226 2463 299 2506; x_wconf 90' lang='lat' dir='ltr'>vero</span> <span class='ocrx_word' id='word_1_205' title='bbox 321 2445 371 2524; x_wconf 94' lang='lat' dir='ltr'>qui</span> <span class='ocrx_word' id='word_1_206' title='bbox 394 2445 467 2506; x_wconf 83' lang='lat' dir='ltr'>baec</span> <span class='ocrx_word' id='word_1_207' title='bbox 489 2445 668 2507; x_wconf 81' lang='lat' dir='ltr'>vellentem</span> <span class='ocrx_word' id='word_1_208' title='bbox 692 2447 831 2525; x_wconf 83' lang='lat' dir='ltr'>cogitant,</span> <span class='ocrx_word' id='word_1_209' title='bbox 856 2448 986 2510; x_wconf 89' lang='lat' dir='ltr'>omnium</span> <span class='ocrx_word' id='word_1_210' title='bbox 1007 2445 1223 2528; x_wconf 78' lang='lat' dir='ltr'>dementiseimi</span> <span class='ocrx_word' id='word_1_211' title='bbox 1233 2454 1310 2507; x_wconf 83' lang='lat' dir='ltr'>eunt</span> 
     </span>
     <span class='ocr_line' id='line_1_22' title="bbox 76 2545 1306 2626; baseline -0.001 -17"><span class='ocrx_word' id='word_1_212' title='bbox 76 2545 228 2610; x_wconf 77' lang='lat' dir='ltr'>habendi?</span> <span class='ocrx_word' id='word_1_213' title='bbox 271 2546 345 2608; x_wconf 85' lang='lat' dir='ltr'>Nam</span> <span class='ocrx_word' id='word_1_214' title='bbox 369 2546 395 2607; x_wconf 88' lang='lat' dir='ltr'>si</span> <span class='ocrx_word' id='word_1_215' title='bbox 410 2554 541 2626; x_wconf 78' lang='lat' dir='ltr'>propter</span> <span class='ocrx_word' id='word_1_216' title='bbox 562 2566 619 2607; x_wconf 85' lang='lat' dir='ltr'>noe</span> <span class='ocrx_word' id='word_1_217' title='bbox 641 2551 749 2609; x_wconf 70' lang='lat' dir='ltr'>‘iactum</span> <span class='ocrx_word' id='word_1_218' title='bbox 773 2558 818 2610; x_wconf 87' lang='lat' dir='ltr'>eet</span> <span class='ocrx_word' id='word_1_219' title='bbox 841 2548 986 2619; x_wconf 82' lang='lat' dir='ltr'>Verbum,</span> <span class='ocrx_word' id='word_1_220' title='bbox 1010 2548 1098 2609; x_wconf 86' lang='lat' dir='ltr'>nobie</span> <span class='ocrx_word' id='word_1_221' title='bbox 1121 2556 1200 2608; x_wconf 85' lang='lat' dir='ltr'>certe</span> <span class='ocrx_word' id='word_1_222' title='bbox 1222 2547 1306 2626; x_wconf 80' lang='lat' dir='ltr'>prius</span> 
     </span>
     <span class='ocr_line' id='line_1_23' title="bbox 76 2647 1307 2729; baseline -0.002 -19"><span class='ocrx_word' id='word_1_223' title='bbox 76 2669 133 2710; x_wconf 93' lang='lat' dir='ltr'>non</span> <span class='ocrx_word' id='word_1_224' title='bbox 158 2656 208 2711; x_wconf 87' lang='lat' dir='ltr'>est</span> <span class='ocrx_word' id='word_1_225' title='bbox 229 2649 307 2728; x_wconf 84' lang='lat' dir='ltr'>apud</span> <span class='ocrx_word' id='word_1_226' title='bbox 330 2648 434 2710; x_wconf 88' lang='lat' dir='ltr'>Deum.</span> <span class='ocrx_word' id='word_1_227' title='bbox 478 2649 580 2729; x_wconf 86' lang='lat' dir='ltr'>Neque</span> <span class='ocrx_word' id='word_1_228' title='bbox 610 2650 689 2712; x_wconf 92' lang='lat' dir='ltr'>enim</span> <span class='ocrx_word' id='word_1_229' title='bbox 713 2650 871 2712; x_wconf 88' lang='lat' dir='ltr'>eumillud</span> <span class='ocrx_word' id='word_1_230' title='bbox 895 2652 981 2711; x_wconf 88' lang='lat' dir='ltr'>inse</span> <span class='ocrx_word' id='word_1_231' title='bbox 1008 2650 1074 2729; x_wconf 85' lang='lat' dir='ltr'>ipse</span> <span class='ocrx_word' id='word_1_232' title='bbox 1103 2648 1241 2722; x_wconf 86' lang='lat' dir='ltr'>heberet,</span> <span class='ocrx_word' id='word_1_233' title='bbox 1271 2647 1307 2711; x_wconf 92' lang='lat' dir='ltr'>de</span> 
     </span>
     <span class='ocr_line' id='line_1_24' title="bbox 78 2750 1304 2832; baseline 0.001 -21"><span class='ocrx_word' id='word_1_234' title='bbox 78 2752 161 2813; x_wconf 84' lang='lat' dir='ltr'>nobis</span> <span class='ocrx_word' id='word_1_235' title='bbox 186 2751 324 2812; x_wconf 81' lang='lat' dir='ltr'>creandis</span> <span class='ocrx_word' id='word_1_236' title='bbox 348 2751 521 2813; x_wconf 84' lang='lat' dir='ltr'>deliberavit</span> <span class='ocrx_word' id='word_1_237' title='bbox 548 2752 645 2823; x_wconf 77' lang='lat' dir='ltr'>[leus.</span> <span class='ocrx_word' id='word_1_238' title='bbox 678 2753 731 2814; x_wconf 82' lang='lat' dir='ltr'>sed</span> <span class='ocrx_word' id='word_1_239' title='bbox 761 2752 862 2832; x_wconf 87' lang='lat' dir='ltr'>potius</span> <span class='ocrx_word' id='word_1_240' title='bbox 885 2772 951 2814; x_wconf 88' lang='lat' dir='ltr'>eum</span> <span class='ocrx_word' id='word_1_241' title='bbox 974 2771 1030 2813; x_wconf 91' lang='lat' dir='ltr'>nos</span> <span class='ocrx_word' id='word_1_242' title='bbox 1053 2752 1084 2812; x_wconf 93' lang='lat' dir='ltr'>in</span> <span class='ocrx_word' id='word_1_243' title='bbox 1107 2771 1139 2812; x_wconf 87' lang='lat' dir='ltr'>se</span> <span class='ocrx_word' id='word_1_244' title='bbox 1162 2750 1227 2830; x_wconf 83' lang='lat' dir='ltr'>ipse</span> <span class='ocrx_word' id='word_1_245' title='bbox 1249 2750 1304 2812; x_wconf 84' lang='lat' dir='ltr'>ba·</span> 
     </span>
     <span class='ocr_line' id='line_1_25' title="bbox 78 2846 1305 2933; baseline 0 -20"><span class='ocrx_word' id='word_1_246' title='bbox 78 2851 175 2926; x_wconf 91' lang='lat' dir='ltr'>beret,</span> <span class='ocrx_word' id='word_1_247' title='bbox 200 2852 238 2912; x_wconf 90' lang='lat' dir='ltr'>de</span> <span class='ocrx_word' id='word_1_248' title='bbox 260 2871 317 2913; x_wconf 86' lang='lat' dir='ltr'>eno</span> <span class='ocrx_word' id='word_1_249' title='bbox 340 2852 454 2925; x_wconf 87' lang='lat' dir='ltr'>Verbo,</span> <span class='ocrx_word' id='word_1_250' title='bbox 478 2854 745 2925; x_wconf 71' lang='lat' dir='ltr'>mittentium,</span> <span class='ocrx_word' id='word_1_251' title='bbox 774 2846 966 2932; x_wconf 80' lang='lat' dir='ltr'>producendo</span> <span class='ocrx_word' id='word_1_252' title='bbox 990 2853 1171 2933; x_wconf 74' lang='lat' dir='ltr'>deliberarit.</span> <span class='ocrx_word' id='word_1_253' title='bbox 1218 2851 1305 2924; x_wconf 85' lang='lat' dir='ltr'>Quod</span> 
     </span>
     <span class='ocr_line' id='line_1_26' title="bbox 80 2954 1392 3033; baseline 0.004 -20"><span class='ocrx_word' id='word_1_254' title='bbox 80 2955 101 3013; x_wconf 83' lang='lat' dir='ltr'>si</span> <span class='ocrx_word' id='word_1_255' title='bbox 124 2973 229 3016; x_wconf 86' lang='lat' dir='ltr'>verum</span> <span class='ocrx_word' id='word_1_256' title='bbox 252 2963 309 3026; x_wconf 87' lang='lat' dir='ltr'>est,</span> <span class='ocrx_word' id='word_1_257' title='bbox 333 2956 409 3015; x_wconf 83' lang='lat' dir='ltr'>forte</span> <span class='ocrx_word' id='word_1_258' title='bbox 431 2974 488 3016; x_wconf 89' lang='lat' dir='ltr'>neo</span> <span class='ocrx_word' id='word_1_259' title='bbox 510 2955 632 3016; x_wconf 90' lang='lat' dir='ltr'>omnino</span> <span class='ocrx_word' id='word_1_260' title='bbox 649 2956 736 3016; x_wconf 85' lang='lat' dir='ltr'>Pater</span> <span class='ocrx_word' id='word_1_261' title='bbox 756 2955 860 3016; x_wconf 86' lang='lat' dir='ltr'>Filium</span> <span class='ocrx_word' id='word_1_262' title='bbox 884 2956 987 3016; x_wconf 87' lang='lat' dir='ltr'>voluit.</span> <span class='ocrx_word' id='word_1_263' title='bbox 1032 2955 1104 3016; x_wconf 86' lang='lat' dir='ltr'>Nem</span> <span class='ocrx_word' id='word_1_264' title='bbox 1129 2973 1189 3014; x_wconf 93' lang='lat' dir='ltr'>non</span> <span class='ocrx_word' id='word_1_265' title='bbox 1208 2954 1305 3033; x_wconf 83' lang='lat' dir='ltr'>ipsum</span> <span class='ocrx_word' id='word_1_266' title='bbox 1315 2973 1392 3019; x_wconf 70' lang='lat' dir='ltr'>enee</span> 
     </span>
     <span class='ocr_line' id='line_1_27' title="bbox 80 3055 1306 3137; baseline 0.002 -23"><span class='ocrx_word' id='word_1_267' title='bbox 80 3057 178 3117; x_wconf 84' lang='lat' dir='ltr'>rolens</span> <span class='ocrx_word' id='word_1_268' title='bbox 203 3056 329 3130; x_wconf 83' lang='lat' dir='ltr'>crearit,</span> <span class='ocrx_word' id='word_1_269' title='bbox 358 3057 410 3117; x_wconf 88' lang='lat' dir='ltr'>sed</span> <span class='ocrx_word' id='word_1_270' title='bbox 434 3075 490 3118; x_wconf 91' lang='lat' dir='ltr'>nos</span> <span class='ocrx_word' id='word_1_271' title='bbox 513 3057 618 3118; x_wconf 85' lang='lat' dir='ltr'>volens</span> <span class='ocrx_word' id='word_1_272' title='bbox 641 3058 740 3137; x_wconf 82' lang='lat' dir='ltr'>ipsum</span> <span class='ocrx_word' id='word_1_273' title='bbox 761 3067 884 3137; x_wconf 85' lang='lat' dir='ltr'>propter</span> <span class='ocrx_word' id='word_1_274' title='bbox 908 3076 963 3117; x_wconf 87' lang='lat' dir='ltr'>nos</span> <span class='ocrx_word' id='word_1_275' title='bbox 987 3057 1107 3118; x_wconf 83' lang='lat' dir='ltr'>creavit.</span> <span class='ocrx_word' id='word_1_276' title='bbox 1152 3055 1306 3135; x_wconf 89' lang='lat' dir='ltr'>Siquidem</span> 
     </span>
     <span class='ocr_line' id='line_1_28' title="bbox 81 3157 1383 3240; baseline 0.002 -22"><span class='ocrx_word' id='word_1_277' title='bbox 81 3177 142 3220; x_wconf 90' lang='lat' dir='ltr'>eum</span> <span class='ocrx_word' id='word_1_278' title='bbox 170 3167 245 3239; x_wconf 87' lang='lat' dir='ltr'>post</span> <span class='ocrx_word' id='word_1_279' title='bbox 273 3177 328 3219; x_wconf 91' lang='lat' dir='ltr'>nos</span> <span class='ocrx_word' id='word_1_280' title='bbox 359 3159 549 3238; x_wconf 78' lang='lat' dir='ltr'>excogitavit,</span> <span class='ocrx_word' id='word_1_281' title='bbox 580 3160 654 3221; x_wconf 88' lang='lat' dir='ltr'>adeo</span> <span class='ocrx_word' id='word_1_282' title='bbox 682 3168 716 3221; x_wconf 90' lang='lat' dir='ltr'>ut</span> <span class='ocrx_word' id='word_1_283' title='bbox 740 3160 801 3240; x_wconf 85' lang='lat' dir='ltr'>jem</span> <span class='ocrx_word' id='word_1_284' title='bbox 832 3179 867 3221; x_wconf 86' lang='lat' dir='ltr'>ex</span> <span class='ocrx_word' id='word_1_285' title='bbox 896 3158 986 3239; x_wconf 85' lang='lat' dir='ltr'>impia</span> <span class='ocrx_word' id='word_1_286' title='bbox 1013 3158 1133 3220; x_wconf 87' lang='lat' dir='ltr'>illorum</span> <span class='ocrx_word' id='word_1_287' title='bbox 1160 3157 1307 3220; x_wconf 88' lang='lat' dir='ltr'>sententie</span> <span class='ocrx_word' id='word_1_288' title='bbox 1379 3215 1383 3221; x_wconf 90' lang='lat'>.</span> 
     </span>
     <span class='ocr_line' id='line_1_29' title="bbox 81 3258 1306 3340; baseline 0 -21"><span class='ocrx_word' id='word_1_289' title='bbox 81 3261 188 3323; x_wconf 85' lang='lat' dir='ltr'>inutilis</span> <span class='ocrx_word' id='word_1_290' title='bbox 212 3260 252 3320; x_wconf 87' lang='lat' dir='ltr'>eit</span> <span class='ocrx_word' id='word_1_291' title='bbox 274 3258 381 3333; x_wconf 75' lang='lat' dir='ltr'>Filius,</span> <span class='ocrx_word' id='word_1_292' title='bbox 404 3280 492 3340; x_wconf 78' lang='lat' dir='ltr'>quem</span> <span class='ocrx_word' id='word_1_293' title='bbox 515 3261 613 3323; x_wconf 83' lang='lat' dir='ltr'>instar</span> <span class='ocrx_word' id='word_1_294' title='bbox 635 3262 823 3324; x_wconf 86' lang='lat' dir='ltr'>instrumenti</span> <span class='ocrx_word' id='word_1_295' title='bbox 847 3262 954 3323; x_wconf 83' lang='lat' dir='ltr'>laetum</span> <span class='ocrx_word' id='word_1_296' title='bbox 979 3280 1047 3323; x_wconf 86' lang='lat' dir='ltr'>esse</span> <span class='ocrx_word' id='word_1_297' title='bbox 1071 3260 1187 3332; x_wconf 86' lang='lat' dir='ltr'>volunt,</span> <span class='ocrx_word' id='word_1_298' title='bbox 1211 3277 1306 3339; x_wconf 84' lang='lat' dir='ltr'>quon·</span> 
     </span>
     <span class='ocr_line' id='line_1_30' title="bbox 80 3359 1309 3444; baseline 0.002 -24"><span class='ocrx_word' id='word_1_299' title='bbox 80 3361 238 3442; x_wconf 90' lang='lat' dir='ltr'>doquidem</span> <span class='ocrx_word' id='word_1_300' title='bbox 266 3381 301 3424; x_wconf 90' lang='lat' dir='ltr'>ea</span> <span class='ocrx_word' id='word_1_301' title='bbox 333 3372 404 3423; x_wconf 88' lang='lat' dir='ltr'>sunt</span> <span class='ocrx_word' id='word_1_302' title='bbox 426 3365 545 3437; x_wconf 81' lang='lat' dir='ltr'>edecta,</span> <span class='ocrx_word' id='word_1_303' title='bbox 576 3383 704 3444; x_wconf 89' lang='lat' dir='ltr'>quorum</span> <span class='ocrx_word' id='word_1_304' title='bbox 727 3383 816 3426; x_wconf 84' lang='lat' dir='ltr'>causa</span> <span class='ocrx_word' id='word_1_305' title='bbox 839 3373 956 3425; x_wconf 87' lang='lat' dir='ltr'>oreatus</span> <span class='ocrx_word' id='word_1_306' title='bbox 980 3364 1045 3444; x_wconf 86' lang='lat' dir='ltr'>ipse</span> <span class='ocrx_word' id='word_1_307' title='bbox 1069 3370 1125 3424; x_wconf 87' lang='lat' dir='ltr'>eet.</span> <span class='ocrx_word' id='word_1_308' title='bbox 1170 3359 1309 3438; x_wconf 73' lang='lat' dir='ltr'>Quodsi</span> 
     </span>
     <span class='ocr_line' id='line_1_31' title="bbox 76 3462 1307 3546; baseline -0.002 -22"><span class='ocrx_word' id='word_1_309' title='bbox 76 3462 165 3525; x_wconf 76' lang='lat' dir='ltr'>filins</span> <span class='ocrx_word' id='word_1_310' title='bbox 196 3484 211 3524; x_wconf 90' lang='lat' dir='ltr'>a</span> <span class='ocrx_word' id='word_1_311' title='bbox 242 3464 308 3525; x_wconf 89' lang='lat' dir='ltr'>solo</span> <span class='ocrx_word' id='word_1_312' title='bbox 337 3463 424 3525; x_wconf 84' lang='lat' dir='ltr'>Patre</span> <span class='ocrx_word' id='word_1_313' title='bbox 454 3467 548 3526; x_wconf 83' lang='lat' dir='ltr'>iectus</span> <span class='ocrx_word' id='word_1_314' title='bbox 578 3475 640 3539; x_wconf 86' lang='lat' dir='ltr'>est,</span> <span class='ocrx_word' id='word_1_315' title='bbox 670 3466 737 3546; x_wconf 88' lang='lat' dir='ltr'>quia</span> <span class='ocrx_word' id='word_1_316' title='bbox 767 3468 851 3528; x_wconf 87' lang='lat' dir='ltr'>solos</span> <span class='ocrx_word' id='word_1_317' title='bbox 878 3466 975 3546; x_wconf 91' lang='lat' dir='ltr'>potnit</span> <span class='ocrx_word' id='word_1_318' title='bbox 1004 3465 1040 3527; x_wconf 84' lang='lat' dir='ltr'>ab</span> <span class='ocrx_word' id='word_1_319' title='bbox 1063 3466 1113 3526; x_wconf 92' lang='lat' dir='ltr'>illo</span> <span class='ocrx_word' id='word_1_320' title='bbox 1136 3464 1217 3535; x_wconf 82' lang='lat' dir='ltr'>fieri,</span> <span class='ocrx_word' id='word_1_321' title='bbox 1250 3480 1307 3523; x_wconf 85' lang='lat' dir='ltr'>noe</span> 
     </span>
    </p>
   </div>
   <div class='ocr_carea' id='block_1_4' title="bbox 68 3675 1308 4566">
    <p class='ocr_par' dir='ltr' id='par_1_5' title="bbox 75 3675 1308 4106">
     <span class='ocr_line' id='line_1_32' title="bbox 78 3675 1308 3750; baseline 0.002 -20"><span class='ocrx_word' id='word_1_322' title='bbox 78 3685 206 3733; x_wconf 82' lang='lat' dir='ltr'>termediie.</span> <span class='ocrx_word' id='word_1_323' title='bbox 244 3683 294 3733; x_wconf 75' lang='lat' dir='ltr'>blot</span> <span class='ocrx_word' id='word_1_324' title='bbox 305 3685 404 3745; x_wconf 73' lang='lat' dir='ltr'>Sequor.</span> <span class='ocrx_word' id='word_1_325' title='bbox 416 3685 514 3736; x_wconf 87' lang='lat' dir='ltr'>Gebler.</span> <span class='ocrx_word' id='word_1_326' title='bbox 525 3694 548 3734; x_wconf 89' lang='lat' dir='ltr'>et</span> <span class='ocrx_word' id='word_1_327' title='bbox 558 3685 663 3734; x_wconf 80' lang='lat' dir='ltr'>Felelem.</span> <span class='ocrx_word' id='word_1_328' title='bbox 679 3675 686 3692; x_wconf 78' lang='lat'><em>&#39;</em></span> <span class='ocrx_word' id='word_1_329' title='bbox 751 3701 772 3736; x_wconf 85' lang='lat' dir='ltr'>e.</span> <span class='ocrx_word' id='word_1_330' title='bbox 791 3686 895 3735; x_wconf 77' lang='lat' dir='ltr'>Feielem.</span> <span class='ocrx_word' id='word_1_331' title='bbox 906 3680 931 3734; x_wconf 76' lang='grc'>4.</span> <span class='ocrx_word' id='word_1_332' title='bbox 946 3679 1145 3750; x_wconf 71' lang='grc' dir='ltr'><strong><em>παρίστασθαι.</em></strong></span> <span class='ocrx_word' id='word_1_333' title='bbox 1165 3685 1238 3733; x_wconf 80' lang='lat' dir='ltr'>Paule</span> <span class='ocrx_word' id='word_1_334' title='bbox 1253 3692 1308 3746; x_wconf 81' lang='lat' dir='ltr'>poet</span> 
     </span>
     <span class='ocr_line' id='line_1_33' title="bbox 79 3743 1307 3818; baseline -0.001 -18"><span class='ocrx_word' id='word_1_335' title='bbox 79 3752 99 3801; x_wconf 90' lang='grc'>1.</span> <span class='ocrx_word' id='word_1_336' title='bbox 113 3744 152 3817; x_wconf 61' lang='lat' dir='ltr'>lei</span> <span class='ocrx_word' id='word_1_337' title='bbox 174 3743 305 3799; x_wconf 72' lang='lat' dir='ltr'>metirer</span> <span class='ocrx_word' id='word_1_338' title='bbox 323 3745 408 3818; x_wconf 72' lang='grc' dir='ltr'><em>ἡμῶν.</em></span> <span class='ocrx_word' id='word_1_339' title='bbox 445 3755 490 3801; x_wconf 78' lang='lat' dir='ltr'>biii</span> <span class='ocrx_word' id='word_1_340' title='bbox 509 3761 532 3801; x_wconf 89' lang='lat' dir='ltr'>et</span> <span class='ocrx_word' id='word_1_341' title='bbox 551 3745 664 3818; x_wconf 60' lang='lat' dir='ltr'>editixei-</span> <span class='ocrx_word' id='word_1_342' title='bbox 716 3755 817 3815; x_wconf 72' lang='lat' dir='ltr'>Sequor.</span> <span class='ocrx_word' id='word_1_343' title='bbox 836 3745 887 3815; x_wconf 75' lang='grc' dir='ltr'>κᾷν</span> <span class='ocrx_word' id='word_1_344' title='bbox 903 3744 1000 3818; x_wconf 77' lang='grc' dir='ltr'><strong><em>μόνον.</em></strong></span> <span class='ocrx_word' id='word_1_345' title='bbox 1026 3753 1071 3801; x_wconf 76' lang='lat' dir='ltr'>ilii</span> <span class='ocrx_word' id='word_1_346' title='bbox 1091 3761 1114 3801; x_wconf 86' lang='lat' dir='ltr'>et</span> <span class='ocrx_word' id='word_1_347' title='bbox 1132 3753 1190 3800; x_wconf 87' lang='lat' dir='ltr'>editi</span> <span class='ocrx_word' id='word_1_348' title='bbox 1204 3743 1307 3816; x_wconf 68' lang='lat' dir='ltr'>naeni-</span> 
     </span>
     <span class='ocr_line' id='line_1_34' title="bbox 76 3811 1266 3885; baseline 0.003 -20"><span class='ocrx_word' id='word_1_349' title='bbox 76 3833 117 3883; x_wconf 77' lang='grc' dir='ltr'>ριν</span> <span class='ocrx_word' id='word_1_350' title='bbox 134 3813 223 3869; x_wconf 81' lang='grc' dir='ltr'><em>αυτὸν</em></span> <span class='ocrx_word' id='word_1_351' title='bbox 241 3811 314 3885; x_wconf 69' lang='grc' dir='ltr'><strong><em>ἡμῖν.</em></strong></span> <span class='ocrx_word' id='word_1_352' title='bbox 340 3821 509 3882; x_wconf 69' lang='grc' dir='ltr'>ΙὺίιΙ.3ομιοτ.</span> <span class='ocrx_word' id='word_1_353' title='bbox 525 3821 580 3881; x_wconf 83' lang='lat' dir='ltr'>lleg.</span> <span class='ocrx_word' id='word_1_354' title='bbox 592 3821 663 3870; x_wconf 78' lang='lat' dir='ltr'>basil.</span> <span class='ocrx_word' id='word_1_355' title='bbox 715 3822 772 3869; x_wconf 78' lang='grc' dir='ltr'>νόν.</span> <span class='ocrx_word' id='word_1_356' title='bbox 809 3822 899 3871; x_wconf 89' lang='lat' dir='ltr'>ibidem</span> <span class='ocrx_word' id='word_1_357' title='bbox 920 3813 1116 3880; x_wconf 71' lang='lat' dir='ltr'>inglinrtelrl</span> <span class='ocrx_word' id='word_1_358' title='bbox 1134 3811 1167 3867; x_wconf 75' lang='grc' dir='ltr'>δι’</span> <span class='ocrx_word' id='word_1_359' title='bbox 1188 3811 1266 3885; x_wconf 70' lang='grc' dir='ltr'><strong><em>ἡμᾶς.</em></strong></span> 
     </span>
     <span class='ocr_line' id='line_1_35' title="bbox 76 3878 1308 3955; baseline -0.001 -21"><span class='ocrx_word' id='word_1_360' title='bbox 76 3889 162 3949; x_wconf 75' lang='lat' dir='ltr'>tuglic.</span> <span class='ocrx_word' id='word_1_361' title='bbox 183 3887 289 3936; x_wconf 80' lang='lat' dir='ltr'>Felcltm.</span> <span class='ocrx_word' id='word_1_362' title='bbox 309 3887 332 3937; x_wconf 80' lang='lat'>4.</span> <span class='ocrx_word' id='word_1_363' title='bbox 352 3897 375 3937; x_wconf 92' lang='lat' dir='ltr'>et</span> <span class='ocrx_word' id='word_1_364' title='bbox 392 3888 416 3937; x_wconf 79' lang='lat'>5.</span> <span class='ocrx_word' id='word_1_365' title='bbox 433 3882 471 3955; x_wconf 76' lang='grc' dir='ltr'>μὴ</span> <span class='ocrx_word' id='word_1_366' title='bbox 492 3880 563 3953; x_wconf 76' lang='grc' dir='ltr'>ἡμᾶς</span> <span class='ocrx_word' id='word_1_367' title='bbox 581 3878 662 3953; x_wconf 70' lang='grc' dir='ltr'><em>αὐτῷ.</em></span> <span class='ocrx_word' id='word_1_368' title='bbox 750 3891 765 3938; x_wconf 84' lang='lat' dir='ltr'>i.</span> <span class='ocrx_word' id='word_1_369' title='bbox 791 3889 864 3938; x_wconf 76' lang='lat' dir='ltr'>besil.</span> <span class='ocrx_word' id='word_1_370' title='bbox 890 3896 912 3937; x_wconf 89' lang='lat' dir='ltr'>et</span> <span class='ocrx_word' id='word_1_371' title='bbox 937 3887 1042 3937; x_wconf 79' lang='lat' dir='ltr'>l&#39;elclm.</span> <span class='ocrx_word' id='word_1_372' title='bbox 1061 3887 1084 3935; x_wconf 81' lang='lat'>2.</span> <span class='ocrx_word' id='word_1_373' title='bbox 1110 3889 1222 3937; x_wconf 84' lang='lat' dir='ltr'>omittunt</span> <span class='ocrx_word' id='word_1_374' title='bbox 1245 3879 1308 3951; x_wconf 75' lang='grc' dir='ltr'>περὶ</span> 
     </span>
     <span class='ocr_line' id='line_1_36' title="bbox 75 3945 1306 4022; baseline -0.001 -19"><span class='ocrx_word' id='word_1_375' title='bbox 75 3954 133 4006; x_wconf 84' lang='lat' dir='ltr'>Editi</span> <span class='ocrx_word' id='word_1_376' title='bbox 150 3949 190 4022; x_wconf 70' lang='lat' dir='ltr'>pir</span> <span class='ocrx_word' id='word_1_377' title='bbox 211 3947 289 4020; x_wconf 77' lang='grc' dir='ltr'><strong><em>ἡμεῖς</em></strong></span> <span class='ocrx_word' id='word_1_378' title='bbox 307 3945 389 4020; x_wconf 76' lang='grc' dir='ltr'><em>αὐτῷ.</em></span> <span class='ocrx_word' id='word_1_379' title='bbox 715 3950 802 4022; x_wconf 74' lang='grc' dir='ltr'><em>ἡμῶν.</em></span> <span class='ocrx_word' id='word_1_380' title='bbox 843 3957 902 4004; x_wconf 87' lang='lat' dir='ltr'>ibid.</span> <span class='ocrx_word' id='word_1_381' title='bbox 922 3957 1021 4015; x_wconf 69' lang='lat' dir='ltr'>Serner.</span> <span class='ocrx_word' id='word_1_382' title='bbox 1041 3955 1139 4005; x_wconf 86' lang='lat' dir='ltr'>Gobler.</span> <span class='ocrx_word' id='word_1_383' title='bbox 1159 3955 1263 4005; x_wconf 84' lang='lat' dir='ltr'>Felclm.</span> <span class='ocrx_word' id='word_1_384' title='bbox 1285 3955 1306 4003; x_wconf 86' lang='lat'>¹.</span> 
     </span>
     <span class='ocr_line' id='line_1_37' title="bbox 105 4014 1124 4106; baseline -0.002 -34"><span class='ocrx_word' id='word_1_385' title='bbox 105 4024 127 4072; x_wconf 92' lang='lat' dir='ltr'>d.</span> <span class='ocrx_word' id='word_1_386' title='bbox 146 4023 290 4085; x_wconf 73' lang='lat' dir='ltr'>Segne-tan.</span> <span class='ocrx_word' id='word_1_387' title='bbox 315 4025 412 4075; x_wconf 83' lang='lat' dir='ltr'>Gobler.</span> <span class='ocrx_word' id='word_1_388' title='bbox 431 4023 536 4074; x_wconf 75' lang='lat' dir='ltr'>ielclm.</span> <span class='ocrx_word' id='word_1_389' title='bbox 557 4023 578 4072; x_wconf 89' lang='lat'>1.</span> <span class='ocrx_word' id='word_1_390' title='bbox 597 4032 620 4072; x_wconf 87' lang='lat' dir='ltr'>et</span> <span class='ocrx_word' id='word_1_391' title='bbox 638 4023 662 4072; x_wconf 78' lang='lat'>4.</span> <span class='ocrx_word' id='word_1_392' title='bbox 715 4034 738 4075; x_wconf 88' lang='lat' dir='ltr'>et</span> <span class='ocrx_word' id='word_1_393' title='bbox 756 4024 779 4074; x_wconf 78' lang='lat'>4.</span> <span class='ocrx_word' id='word_1_394' title='bbox 798 4014 852 4071; x_wconf 68' lang='grc' dir='ltr'>ἀλλ’</span> <span class='ocrx_word' id='word_1_395' title='bbox 873 4014 1124 4106; x_wconf 54' lang='lat' dir='ltr'>riferirflevlrriernn</span> 
     </span>
    </p>

    <p class='ocr_par' dir='ltr' id='par_1_6' title="bbox 73 4081 1032 4157">
     <span class='ocr_line' id='line_1_38' title="bbox 73 4081 1032 4157; baseline 0.002 -21"><span class='ocrx_word' id='word_1_396' title='bbox 73 4088 205 4156; x_wconf 74' lang='grc' dir='ltr'>καθάπερ.</span> <span class='ocrx_word' id='word_1_397' title='bbox 251 4091 313 4139; x_wconf 78' lang='lat' dir='ltr'>Editi</span> <span class='ocrx_word' id='word_1_398' title='bbox 343 4100 366 4140; x_wconf 89' lang='lat' dir='ltr'>et</span> <span class='ocrx_word' id='word_1_399' title='bbox 396 4092 435 4142; x_wconf 83' lang='lat' dir='ltr'>elii</span> <span class='ocrx_word' id='word_1_400' title='bbox 463 4083 558 4157; x_wconf 76' lang='grc' dir='ltr'><em>ὥςπερ.</em></span> <span class='ocrx_word' id='word_1_401' title='bbox 611 4091 664 4140; x_wconf 80' lang='lat' dir='ltr'>nox</span> <span class='ocrx_word' id='word_1_402' title='bbox 749 4108 771 4153; x_wconf 77' lang='lat' dir='ltr'>g.</span> <span class='ocrx_word' id='word_1_403' title='bbox 791 4093 847 4152; x_wconf 68' lang='lat' dir='ltr'>ileu.</span> <span class='ocrx_word' id='word_1_404' title='bbox 863 4081 924 4139; x_wconf 67' lang='grc' dir='ltr'>ουδ’</span> <span class='ocrx_word' id='word_1_405' title='bbox 945 4086 1032 4150; x_wconf 64' lang='lat' dir='ltr'>niele.</span> 
     </span>
    </p>

    <p class='ocr_par' dir='ltr' id='par_1_7' title="bbox 68 4149 1307 4566">
     <span class='ocr_line' id='line_1_39' title="bbox 72 4149 1307 4224; baseline -0.002 -17"><span class='ocrx_word' id='word_1_406' title='bbox 72 4159 171 4220; x_wconf 66' lang='lat' dir='ltr'>Segoer.</span> <span class='ocrx_word' id='word_1_407' title='bbox 192 4159 291 4209; x_wconf 87' lang='lat' dir='ltr'>Gobler.</span> <span class='ocrx_word' id='word_1_408' title='bbox 311 4166 333 4208; x_wconf 89' lang='lat' dir='ltr'>et</span> <span class='ocrx_word' id='word_1_409' title='bbox 352 4159 456 4210; x_wconf 80' lang='lat' dir='ltr'>l&#39;elcbm.</span> <span class='ocrx_word' id='word_1_410' title='bbox 479 4161 499 4207; x_wconf 95' lang='grc'>1.</span> <span class='ocrx_word' id='word_1_411' title='bbox 519 4150 534 4217; x_wconf 75' lang='grc' dir='ltr'><strong><em>ἦ</em></strong></span> <span class='ocrx_word' id='word_1_412' title='bbox 552 4152 661 4224; x_wconf 76' lang='grc' dir='ltr'><em>γραφή,</em></span> <span class='ocrx_word' id='word_1_413' title='bbox 750 4162 772 4209; x_wconf 92' lang='lat' dir='ltr'>b.</span> <span class='ocrx_word' id='word_1_414' title='bbox 792 4161 892 4220; x_wconf 79' lang='lat' dir='ltr'>Seguer.</span> <span class='ocrx_word' id='word_1_415' title='bbox 911 4151 935 4207; x_wconf 82' lang='lat' dir='ltr'>el</span> <span class='ocrx_word' id='word_1_416' title='bbox 952 4153 983 4206; x_wconf 76' lang='grc' dir='ltr'>δὲ</span> <span class='ocrx_word' id='word_1_417' title='bbox 1000 4150 1046 4204; x_wconf 79' lang='grc' dir='ltr'>καὶ</span> <span class='ocrx_word' id='word_1_418' title='bbox 1065 4149 1108 4210; x_wconf 72' lang='grc' dir='ltr'>ὥς.</span> <span class='ocrx_word' id='word_1_419' title='bbox 1146 4156 1195 4204; x_wconf 85' lang='lat' dir='ltr'>biox</span> <span class='ocrx_word' id='word_1_420' title='bbox 1208 4155 1269 4203; x_wconf 85' lang='lat' dir='ltr'>idem</span> <span class='ocrx_word' id='word_1_421' title='bbox 1283 4162 1307 4204; x_wconf 87' lang='lat' dir='ltr'>et</span> 
     </span>
     <span class='ocr_line' id='line_1_40' title="bbox 72 4214 1305 4293; baseline -0.002 -19"><span class='ocrx_word' id='word_1_422' title='bbox 72 4216 139 4293; x_wconf 73' lang='grc' dir='ltr'>ἀνὴρ</span> <span class='ocrx_word' id='word_1_423' title='bbox 165 4220 214 4274; x_wconf 74' lang='grc' dir='ltr'>διὰ</span> <span class='ocrx_word' id='word_1_424' title='bbox 233 4220 284 4285; x_wconf 75' lang='grc' dir='ltr'>τὴν</span> <span class='ocrx_word' id='word_1_425' title='bbox 299 4225 425 4290; x_wconf 77' lang='grc' dir='ltr'>γυναῖκα,</span> <span class='ocrx_word' id='word_1_426' title='bbox 445 4219 512 4275; x_wconf 71' lang='grc' dir='ltr'><strong><em>ἀλλὰ</em></strong></span> <span class='ocrx_word' id='word_1_427' title='bbox 529 4219 598 4289; x_wconf 75' lang='grc' dir='ltr'><em>γυνή</em></span> <span class='ocrx_word' id='word_1_428' title='bbox 617 4235 662 4276; x_wconf 87' lang='lat' dir='ltr'>etc.</span> <span class='ocrx_word' id='word_1_429' title='bbox 714 4228 772 4287; x_wconf 69' lang='lat' dir='ltr'>ller-</span> <span class='ocrx_word' id='word_1_430' title='bbox 800 4227 939 4277; x_wconf 84' lang='lat' dir='ltr'>Geblrrien.</span> <span class='ocrx_word' id='word_1_431' title='bbox 959 4236 982 4275; x_wconf 88' lang='lat' dir='ltr'>et</span> <span class='ocrx_word' id='word_1_432' title='bbox 1002 4226 1106 4274; x_wconf 84' lang='lat' dir='ltr'>Felrlm.</span> <span class='ocrx_word' id='word_1_433' title='bbox 1129 4224 1149 4273; x_wconf 90' lang='lat' dir='ltr'>l.</span> <span class='ocrx_word' id='word_1_434' title='bbox 1176 4214 1251 4288; x_wconf 77' lang='grc' dir='ltr'><strong><em>ἡμεῖς</em></strong></span> <span class='ocrx_word' id='word_1_435' title='bbox 1268 4216 1305 4272; x_wconf 68' lang='grc' dir='ltr'>δέ.</span> 
     </span>
     <span class='ocr_line' id='line_1_41' title="bbox 71 4284 1305 4376; baseline -0.004 -32"><span class='ocrx_word' id='word_1_436' title='bbox 71 4294 131 4346; x_wconf 84' lang='lat' dir='ltr'>Editi</span> <span class='ocrx_word' id='word_1_437' title='bbox 151 4304 175 4345; x_wconf 86' lang='lat' dir='ltr'>et</span> <span class='ocrx_word' id='word_1_438' title='bbox 194 4286 402 4376; x_wconf 71' lang='lat' dir='ltr'>aliir‘ryqanpri,</span> <span class='ocrx_word' id='word_1_439' title='bbox 428 4284 532 4358; x_wconf 76' lang='grc' dir='ltr'>ὄᾶνὴρ</span> <span class='ocrx_word' id='word_1_440' title='bbox 549 4288 595 4342; x_wconf 76' lang='lat' dir='ltr'>ded</span> <span class='ocrx_word' id='word_1_441' title='bbox 613 4288 678 4354; x_wconf 56' lang='grc' dir='ltr'>τὴν,</span> <span class='ocrx_word' id='word_1_442' title='bbox 713 4297 757 4343; x_wconf 80' lang='lat' dir='ltr'>nni</span> <span class='ocrx_word' id='word_1_443' title='bbox 777 4302 800 4344; x_wconf 83' lang='lat' dir='ltr'>et</span> <span class='ocrx_word' id='word_1_444' title='bbox 817 4295 890 4344; x_wconf 86' lang='lat' dir='ltr'>editio</span> <span class='ocrx_word' id='word_1_445' title='bbox 911 4294 1029 4343; x_wconf 83' lang='lat' dir='ltr'>Commel.</span> <span class='ocrx_word' id='word_1_446' title='bbox 1048 4285 1125 4357; x_wconf 75' lang='grc' dir='ltr'>ὑμεῖς</span> <span class='ocrx_word' id='word_1_447' title='bbox 1143 4284 1180 4338; x_wconf 80' lang='lat' dir='ltr'>di.</span> <span class='ocrx_word' id='word_1_448' title='bbox 1215 4290 1305 4349; x_wconf 72' lang='lat' dir='ltr'>inulte.</span> 
     </span>
     <span class='ocr_line' id='line_1_42' title="bbox 70 4353 1306 4435; baseline -0.002 -25"><span class='ocrx_word' id='word_1_449' title='bbox 70 4364 202 4426; x_wconf 77' lang='grc' dir='ltr'>γυναῖκα,</span> <span class='ocrx_word' id='word_1_450' title='bbox 230 4353 283 4410; x_wconf 76' lang='lat' dir='ltr'>dtt&#39;</span> <span class='ocrx_word' id='word_1_451' title='bbox 304 4377 319 4421; x_wconf 85' lang='grc' dir='ltr'><em>η</em></span> <span class='ocrx_word' id='word_1_452' title='bbox 337 4355 414 4427; x_wconf 70' lang='grc' dir='ltr'><em>γυνή.</em></span> <span class='ocrx_word' id='word_1_453' title='bbox 452 4364 542 4413; x_wconf 81' lang='lat' dir='ltr'>ibidem</span> <span class='ocrx_word' id='word_1_454' title='bbox 562 4365 662 4424; x_wconf 72' lang='lat' dir='ltr'>Segner.</span> <span class='ocrx_word' id='word_1_455' title='bbox 714 4370 737 4411; x_wconf 88' lang='lat' dir='ltr'>et</span> <span class='ocrx_word' id='word_1_456' title='bbox 748 4364 842 4412; x_wconf 83' lang='lat' dir='ltr'>Feleltm</span> <span class='ocrx_word' id='word_1_457' title='bbox 863 4361 886 4411; x_wconf 83' lang='lat'>2.</span> <span class='ocrx_word' id='word_1_458' title='bbox 898 4355 1085 4428; x_wconf 70' lang='lat' dir='ltr'>ibidelvrnroq‘,</span> <span class='ocrx_word' id='word_1_459' title='bbox 1106 4362 1160 4419; x_wconf 76' lang='lat' dir='ltr'>lleg.</span> <span class='ocrx_word' id='word_1_460' title='bbox 1171 4357 1306 4435; x_wconf 67' lang='lat' dir='ltr'>elielebm.</span> 
     </span>
     <span class='ocr_line' id='line_1_43' title="bbox 68 4414 1305 4498; baseline -0.006 -18"><span class='ocrx_word' id='word_1_461' title='bbox 68 4431 142 4482; x_wconf 79' lang='lat' dir='ltr'>besil.</span> <span class='ocrx_word' id='word_1_462' title='bbox 161 4432 253 4494; x_wconf 74' lang='lat' dir='ltr'>buglic.</span> <span class='ocrx_word' id='word_1_463' title='bbox 273 4432 345 4481; x_wconf 87' lang='lat' dir='ltr'>Gubl.</span> <span class='ocrx_word' id='word_1_464' title='bbox 364 4414 659 4498; x_wconf 73' lang='lat' dir='ltr'>etFelekm.i.‹iq’odr.</span> <span class='ocrx_word' id='word_1_465' title='bbox 713 4429 737 4479; x_wconf 80' lang='lat'>5.</span> <span class='ocrx_word' id='word_1_466' title='bbox 757 4424 883 4478; x_wconf 77' lang='grc' dir='ltr'>δυνατοῦ.</span> <span class='ocrx_word' id='word_1_467' title='bbox 920 4429 981 4478; x_wconf 86' lang='lat' dir='ltr'>ibid.</span> <span class='ocrx_word' id='word_1_468' title='bbox 1006 4430 1079 4488; x_wconf 71' lang='lat' dir='ltr'>Sego.</span> <span class='ocrx_word' id='word_1_469' title='bbox 1098 4440 1138 4474; x_wconf 79' lang='lat' dir='ltr'>rra</span> <span class='ocrx_word' id='word_1_470' title='bbox 1159 4419 1177 4473; x_wconf 80' lang='lat' dir='ltr'>ei</span> <span class='ocrx_word' id='word_1_471' title='bbox 1195 4424 1245 4474; x_wconf 81' lang='grc' dir='ltr'>τοῦ</span> <span class='ocrx_word' id='word_1_472' title='bbox 1262 4421 1305 4473; x_wconf 81' lang='lat' dir='ltr'>le·</span> 
     </span>
     <span class='ocr_line' id='line_1_44' title="bbox 69 4483 1298 4566; baseline -0.007 -16"><span class='ocrx_word' id='word_1_473' title='bbox 69 4499 149 4552; x_wconf 78' lang='lat' dir='ltr'>Ceteri</span> <span class='ocrx_word' id='word_1_474' title='bbox 167 4508 192 4550; x_wconf 87' lang='lat' dir='ltr'>et</span> <span class='ocrx_word' id='word_1_475' title='bbox 210 4500 268 4550; x_wconf 85' lang='lat' dir='ltr'>editi</span> <span class='ocrx_word' id='word_1_476' title='bbox 285 4489 328 4566; x_wconf 74' lang='grc' dir='ltr'>ἄρ’</span> <span class='ocrx_word' id='word_1_477' title='bbox 349 4483 406 4550; x_wconf 73' lang='grc' dir='ltr'><strong><em>οὖν.</em></strong></span> <span class='ocrx_word' id='word_1_478' title='bbox 711 4510 772 4561; x_wconf 78' lang='lat' dir='ltr'>you.</span> <span class='ocrx_word' id='word_1_479' title='bbox 806 4499 853 4548; x_wconf 82' lang='lat' dir='ltr'>nni</span> <span class='ocrx_word' id='word_1_480' title='bbox 871 4505 896 4547; x_wconf 86' lang='lat' dir='ltr'>et</span> <span class='ocrx_word' id='word_1_481' title='bbox 914 4497 972 4547; x_wconf 88' lang='lat' dir='ltr'>editi</span> <span class='ocrx_word' id='word_1_482' title='bbox 990 4488 1037 4543; x_wconf 79' lang='lat' dir='ltr'>deb</span> <span class='ocrx_word' id='word_1_483' title='bbox 1054 4490 1136 4543; x_wconf 75' lang='lat' dir='ltr'>toiri</span> <span class='ocrx_word' id='word_1_484' title='bbox 1174 4507 1215 4544; x_wconf 82' lang='lat' dir='ltr'>eu.</span> <span class='ocrx_word' id='word_1_485' title='bbox 1294 4526 1298 4532; x_wconf 90' lang='lat'>-</span> 
     </span>
    </p>
   </div>
   <div class='ocr_carea' id='block_1_5' title="bbox 0 0 1478 5092">
    <p class='ocr_par' dir='ltr' id='par_1_8' title="bbox 0 0 1478 5092">
     <span class='ocr_line' id='line_1_45' title="bbox 0 0 1478 5092; baseline 0 0"><span class='ocrx_word' id='word_1_486' title='bbox 0 0 1478 5092; x_wconf 95' lang='lat' dir='ltr'> </span> 
     </span>
    </p>
   </div>
  </div>
 </body>
</html>
