<?xml version="1.0" encoding="UTF-8"?>
<!DOCTYPE html PUBLIC "-//W3C//DTD XHTML 1.0 Transitional//EN"
    "http://www.w3.org/TR/xhtml1/DTD/xhtml1-transitional.dtd">
<html xmlns="http://www.w3.org/1999/xhtml" xml:lang="en" lang="en">
 <head>
  <title>
</title>
<meta http-equiv="Content-Type" content="text/html;charset=utf-8" />
  <meta name='ocr-system' content='tesseract 3.04.00' />
  <meta name='ocr-capabilities' content='ocr_page ocr_carea ocr_par ocr_line ocrx_word'/>
</head>
<body>
  <div class='ocr_page' id='page_1' title='image "./sanctiathanasii02athagoog_0522.png"; bbox 0 0 2948 5092; ppageno 0'>
   <div class='ocr_carea' id='block_1_1' title="bbox 467 246 1297 313">
    <p class='ocr_par' dir='ltr' id='par_1_1' title="bbox 467 246 1297 313">
     <span class='ocr_line' id='line_1_1' title="bbox 467 246 1297 313; baseline 0.006 -6"><span class='ocrx_word' id='word_1_1' title='bbox 467 256 624 307; x_wconf 72' lang='lat' dir='ltr'><strong>maron.</strong></span> <span class='ocrx_word' id='word_1_2' title='bbox 641 260 756 306; x_wconf 80' lang='lat' dir='ltr'><strong>eorm</strong></span> <span class='ocrx_word' id='word_1_3' title='bbox 769 260 907 308; x_wconf 78' lang='lat' dir='ltr'><strong>mmor.</strong></span> <span class='ocrx_word' id='word_1_4' title='bbox 1232 246 1297 313; x_wconf 74' lang='lat' dir='ltr'><strong>trs</strong></span> 
     </span>
    </p>
   </div>
   <div class='ocr_carea' id='block_1_2' title="bbox 65 410 1386 1618">
    <p class='ocr_par' dir='ltr' id='par_1_2' title="bbox 65 410 1386 1618">
     <span class='ocr_line' id='line_1_2' title="bbox 67 410 1386 494; baseline -0.002 -15"><span class='ocrx_word' id='word_1_5' title='bbox 67 433 185 489; x_wconf 79' lang='lat' dir='ltr'><strong>mus,</strong></span> <span class='ocrx_word' id='word_1_6' title='bbox 218 413 248 477; x_wconf 86' lang='lat' dir='ltr'><strong>is</strong></span> <span class='ocrx_word' id='word_1_7' title='bbox 276 430 346 476; x_wconf 83' lang='lat' dir='ltr'><strong>asse</strong></span> <span class='ocrx_word' id='word_1_8' title='bbox 371 429 433 475; x_wconf 93' lang='lat' dir='ltr'><strong>nun</strong></span> <span class='ocrx_word' id='word_1_9' title='bbox 460 419 587 493; x_wconf 84' lang='lat' dir='ltr'><strong>poterat</strong></span> <span class='ocrx_word' id='word_1_10' title='bbox 631 410 764 492; x_wconf 85' lang='lat' dir='ltr'><strong>Namque</strong></span> <span class='ocrx_word' id='word_1_11' title='bbox 791 413 824 474; x_wconf 90' lang='lat' dir='ltr'><strong>in</strong></span> <span class='ocrx_word' id='word_1_12' title='bbox 851 413 947 494; x_wconf 81' lang='lat' dir='ltr'><strong>primu</strong></span> <span class='ocrx_word' id='word_1_13' title='bbox 975 413 1126 477; x_wconf 79' lang='lat' dir='ltr'><strong>creatione</strong></span> <span class='ocrx_word' id='word_1_14' title='bbox 1159 416 1295 479; x_wconf 84' lang='lat' dir='ltr'><strong>infideles</strong></span> <span class='ocrx_word' id='word_1_15' title='bbox 1306 422 1386 477; x_wconf 69' lang='lat' dir='ltr'><strong>estu</strong></span> 
     </span>
     <span class='ocr_line' id='line_1_3' title="bbox 67 512 1298 598; baseline -0.001 -17"><span class='ocrx_word' id='word_1_16' title='bbox 67 515 132 581; x_wconf 81' lang='lat' dir='ltr'><strong>lauti</strong></span> <span class='ocrx_word' id='word_1_17' title='bbox 152 523 229 579; x_wconf 81' lang='lat' dir='ltr'><strong>sunt</strong></span> <span class='ocrx_word' id='word_1_18' title='bbox 247 512 402 588; x_wconf 81' lang='lat' dir='ltr'><strong>homines,</strong></span> <span class='ocrx_word' id='word_1_19' title='bbox 432 531 466 576; x_wconf 86' lang='lat' dir='ltr'><strong>oo</strong></span> <span class='ocrx_word' id='word_1_20' title='bbox 486 530 542 593; x_wconf 83' lang='lat' dir='ltr'><strong>par</strong></span> <span class='ocrx_word' id='word_1_21' title='bbox 563 530 616 575; x_wconf 83' lang='lat' dir='ltr'><strong>eos</strong></span> <span class='ocrx_word' id='word_1_22' title='bbox 638 513 735 593; x_wconf 89' lang='lat' dir='ltr'><strong>prima</strong></span> <span class='ocrx_word' id='word_1_23' title='bbox 755 513 804 576; x_wconf 87' lang='lat' dir='ltr'><strong>illa</strong></span> <span class='ocrx_word' id='word_1_24' title='bbox 825 515 916 596; x_wconf 87' lang='lat' dir='ltr'><strong>periit</strong></span> <span class='ocrx_word' id='word_1_25' title='bbox 936 524 1086 593; x_wconf 71' lang='lat' dir='ltr'><strong>ereatura,</strong></span> <span class='ocrx_word' id='word_1_26' title='bbox 1118 526 1150 579; x_wconf 91' lang='lat' dir='ltr'><strong>et</strong></span> <span class='ocrx_word' id='word_1_27' title='bbox 1169 517 1298 598; x_wconf 80' lang='lat' dir='ltr'><strong>proinde</strong></span> 
     </span>
     <span class='ocr_line' id='line_1_4' title="bbox 68 608 1297 701; baseline 0.002 -20"><span class='ocrx_word' id='word_1_28' title='bbox 68 637 142 701; x_wconf 84' lang='lat' dir='ltr'><strong>opus</strong></span> <span class='ocrx_word' id='word_1_29' title='bbox 166 618 229 681; x_wconf 80' lang='lat' dir='ltr'><strong>alio</strong></span> <span class='ocrx_word' id='word_1_30' title='bbox 249 625 324 690; x_wconf 81' lang='lat' dir='ltr'><strong>orat,</strong></span> <span class='ocrx_word' id='word_1_31' title='bbox 345 616 397 696; x_wconf 90' lang='lat' dir='ltr'><strong>qui</strong></span> <span class='ocrx_word' id='word_1_32' title='bbox 419 622 450 678; x_wconf 90' lang='lat' dir='ltr'><strong>et</strong></span> <span class='ocrx_word' id='word_1_33' title='bbox 469 615 596 696; x_wconf 87' lang='lat' dir='ltr'><strong>primam</strong></span> <span class='ocrx_word' id='word_1_34' title='bbox 618 608 777 677; x_wconf 82' lang='lat' dir='ltr'><strong>renovaret</strong></span> <span class='ocrx_word' id='word_1_35' title='bbox 797 625 828 679; x_wconf 88' lang='lat' dir='ltr'><strong>et</strong></span> <span class='ocrx_word' id='word_1_36' title='bbox 848 634 955 679; x_wconf 82' lang='lat' dir='ltr'><strong>novam</strong></span> <span class='ocrx_word' id='word_1_37' title='bbox 976 619 1082 680; x_wconf 70' lang='lat' dir='ltr'><strong>laeum</strong></span> <span class='ocrx_word' id='word_1_38' title='bbox 1096 627 1297 684; x_wconf 76' lang='lat' dir='ltr'><strong>conservaret.</strong></span> 
     </span>
     <span class='ocr_line' id='line_1_5' title="bbox 67 716 1297 803; baseline 0.002 -19"><span class='ocrx_word' id='word_1_39' title='bbox 67 721 168 802; x_wconf 85' lang='lat' dir='ltr'><strong>ltsque</strong></span> <span class='ocrx_word' id='word_1_40' title='bbox 195 736 262 783; x_wconf 87' lang='lat' dir='ltr'><strong>non</strong></span> <span class='ocrx_word' id='word_1_41' title='bbox 285 718 392 799; x_wconf 83' lang='lat' dir='ltr'><strong>aliquis</strong></span> <span class='ocrx_word' id='word_1_42' title='bbox 424 716 517 792; x_wconf 84' lang='lat' dir='ltr'><strong>allus,</strong></span> <span class='ocrx_word' id='word_1_43' title='bbox 550 718 603 779; x_wconf 86' lang='lat' dir='ltr'><strong>sed</strong></span> <span class='ocrx_word' id='word_1_44' title='bbox 630 717 777 781; x_wconf 82' lang='lat' dir='ltr'><strong>Dominus</strong></span> <span class='ocrx_word' id='word_1_45' title='bbox 808 719 884 780; x_wconf 87' lang='lat' dir='ltr'><strong>mira</strong></span> <span class='ocrx_word' id='word_1_46' title='bbox 911 718 1092 800; x_wconf 80' lang='lat' dir='ltr'><strong>bonignitato</strong></span> <span class='ocrx_word' id='word_1_47' title='bbox 1119 721 1297 803; x_wconf 82' lang='lat' dir='ltr'><strong>principium</strong></span> 
     </span>
     <span class='ocr_line' id='line_1_6' title="bbox 67 819 1300 895; baseline 0.003 -10"><span class='ocrx_word' id='word_1_48' title='bbox 67 840 162 885; x_wconf 81' lang='lat' dir='ltr'><strong>norae</strong></span> <span class='ocrx_word' id='word_1_49' title='bbox 182 826 336 885; x_wconf 68' lang='lat' dir='ltr'><strong>meatumu</strong></span> <span class='ocrx_word' id='word_1_50' title='bbox 358 828 476 882; x_wconf 81' lang='lat' dir='ltr'><strong>eruatur</strong></span> <span class='ocrx_word' id='word_1_51' title='bbox 498 819 559 895; x_wconf 81' lang='lat' dir='ltr'><strong>ria,</strong></span> <span class='ocrx_word' id='word_1_52' title='bbox 588 819 669 882; x_wconf 83' lang='lat' dir='ltr'><strong>unde</strong></span> <span class='ocrx_word' id='word_1_53' title='bbox 697 819 761 881; x_wconf 87' lang='lat' dir='ltr'><strong>inre</strong></span> <span class='ocrx_word' id='word_1_54' title='bbox 783 820 892 884; x_wconf 85' lang='lat' dir='ltr'><strong>merito</strong></span> <span class='ocrx_word' id='word_1_55' title='bbox 917 821 974 885; x_wconf 87' lang='lat' dir='ltr'><strong>ait:</strong></span> <span class='ocrx_word' id='word_1_56' title='bbox 1011 821 1160 887; x_wconf 78' lang='lat' dir='ltr'><strong>Dominus</strong></span> <span class='ocrx_word' id='word_1_57' title='bbox 1182 829 1300 889; x_wconf 76' lang='lat' dir='ltr'><strong>orsoud</strong></span> 
     </span>
     <span class='ocr_line' id='line_1_7' title="bbox 66 923 1301 1007; baseline 0.002 -19"><span class='ocrx_word' id='word_1_58' title='bbox 66 943 109 988; x_wconf 76' lang='lat' dir='ltr'><strong>aas</strong></span> <span class='ocrx_word' id='word_1_59' title='bbox 125 927 318 1007; x_wconf 58' lang='lat' dir='ltr'><strong>,mopiam</strong></span> <span class='ocrx_word' id='word_1_60' title='bbox 338 927 461 985; x_wconf 79' lang='lat' dir='ltr'><strong>oiorusu</strong></span> <span class='ocrx_word' id='word_1_61' title='bbox 482 940 611 985; x_wconf 77' lang='lat' dir='ltr'><strong>suomet</strong></span> <span class='ocrx_word' id='word_1_62' title='bbox 630 925 666 984; x_wconf 84' lang='lat' dir='ltr'><strong>ita</strong></span> <span class='ocrx_word' id='word_1_63' title='bbox 686 939 782 1003; x_wconf 83' lang='lat' dir='ltr'><strong>opero</strong></span> <span class='ocrx_word' id='word_1_64' title='bbox 802 940 873 996; x_wconf 83' lang='lat' dir='ltr'><strong>ouo,</strong></span> <span class='ocrx_word' id='word_1_65' title='bbox 901 931 936 986; x_wconf 91' lang='lat' dir='ltr'><strong>ut</strong></span> <span class='ocrx_word' id='word_1_66' title='bbox 963 941 1024 986; x_wconf 91' lang='lat' dir='ltr'><strong>nun</strong></span> <span class='ocrx_word' id='word_1_67' title='bbox 1051 923 1111 987; x_wconf 87' lang='lat' dir='ltr'><strong>iam</strong></span> <span class='ocrx_word' id='word_1_68' title='bbox 1133 926 1301 991; x_wconf 79' lang='lat' dir='ltr'><strong>seeundum</strong></span> 
     </span>
     <span class='ocr_line' id='line_1_8' title="bbox 69 1024 1298 1108; baseline 0.005 -22"><span class='ocrx_word' id='word_1_69' title='bbox 69 1026 203 1108; x_wconf 82' lang='lat' dir='ltr'><strong>priorem</strong></span> <span class='ocrx_word' id='word_1_70' title='bbox 223 1024 304 1087; x_wconf 80' lang='lat' dir='ltr'><strong>illam</strong></span> <span class='ocrx_word' id='word_1_71' title='bbox 324 1024 402 1086; x_wconf 77' lang='lat' dir='ltr'><strong>vivat</strong></span> <span class='ocrx_word' id='word_1_72' title='bbox 423 1025 525 1099; x_wconf 85' lang='lat' dir='ltr'><strong>homo,</strong></span> <span class='ocrx_word' id='word_1_73' title='bbox 548 1024 601 1087; x_wconf 88' lang='lat' dir='ltr'><strong>sed</strong></span> <span class='ocrx_word' id='word_1_74' title='bbox 623 1032 658 1085; x_wconf 91' lang='lat' dir='ltr'><strong>ut</strong></span> <span class='ocrx_word' id='word_1_75' title='bbox 678 1024 825 1087; x_wconf 75' lang='lat' dir='ltr'>existente</span> <span class='ocrx_word' id='word_1_76' title='bbox 846 1025 905 1088; x_wconf 79' lang='lat' dir='ltr'><strong>laur</strong></span> <span class='ocrx_word' id='word_1_77' title='bbox 925 1024 1073 1106; x_wconf 82' lang='lat' dir='ltr'><strong>principio</strong></span> <span class='ocrx_word' id='word_1_78' title='bbox 1095 1045 1190 1089; x_wconf 85' lang='lat' dir='ltr'><strong>norae</strong></span> <span class='ocrx_word' id='word_1_79' title='bbox 1210 1046 1298 1092; x_wconf 81' lang='lat' dir='ltr'><strong>orua-</strong></span> 
     </span>
     <span class='ocr_line' id='line_1_9' title="bbox 69 1124 1340 1211; baseline -0.001 -18"><span class='ocrx_word' id='word_1_80' title='bbox 69 1138 172 1203; x_wconf 78' lang='lat' dir='ltr'><strong>tuna,</strong></span> <span class='ocrx_word' id='word_1_81' title='bbox 198 1125 410 1208; x_wconf 72' lang='lat' dir='ltr'><strong>Christumque</strong></span> <span class='ocrx_word' id='word_1_82' title='bbox 430 1127 496 1191; x_wconf 90' lang='lat' dir='ltr'><strong>eius</strong></span> <span class='ocrx_word' id='word_1_83' title='bbox 518 1127 631 1190; x_wconf 80' lang='lat' dir='ltr'><strong>riarum</strong></span> <span class='ocrx_word' id='word_1_84' title='bbox 653 1124 831 1207; x_wconf 83' lang='lat' dir='ltr'><strong>principium</strong></span> <span class='ocrx_word' id='word_1_85' title='bbox 850 1126 1011 1202; x_wconf 84' lang='lat' dir='ltr'><strong>habentes,</strong></span> <span class='ocrx_word' id='word_1_86' title='bbox 1034 1127 1134 1208; x_wconf 89' lang='lat' dir='ltr'><strong>ipsum</strong></span> <span class='ocrx_word' id='word_1_87' title='bbox 1157 1130 1298 1211; x_wconf 78' lang='lat' dir='ltr'><strong>deinceps</strong></span> <span class='ocrx_word' id='word_1_88' title='bbox 1335 1160 1340 1171; x_wconf 88' lang='lat'>·</span> 
     </span>
     <span class='ocr_line' id='line_1_10' title="bbox 69 1227 1300 1313; baseline 0.002 -21"><span class='ocrx_word' id='word_1_89' title='bbox 69 1248 231 1312; x_wconf 80' lang='lat' dir='ltr'><strong>sequanum·</strong></span> <span class='ocrx_word' id='word_1_90' title='bbox 250 1229 413 1293; x_wconf 81' lang='lat' dir='ltr'><strong>dissutam:</strong></span> <span class='ocrx_word' id='word_1_91' title='bbox 441 1228 505 1310; x_wconf 80' lang='lat' dir='ltr'><strong>llqo</strong></span> <span class='ocrx_word' id='word_1_92' title='bbox 527 1248 595 1292; x_wconf 82' lang='lat' dir='ltr'><strong>aum</strong></span> <span class='ocrx_word' id='word_1_93' title='bbox 614 1232 676 1290; x_wconf 84' lang='lat' dir='ltr'><strong>oio.</strong></span> <span class='ocrx_word' id='word_1_94' title='bbox 719 1228 751 1289; x_wconf 93' lang='lat' dir='ltr'><strong>ld</strong></span> <span class='ocrx_word' id='word_1_95' title='bbox 774 1227 840 1309; x_wconf 91' lang='lat' dir='ltr'><strong>ipse</strong></span> <span class='ocrx_word' id='word_1_96' title='bbox 860 1227 967 1292; x_wconf 79' lang='lat' dir='ltr'><strong>bantus</strong></span> <span class='ocrx_word' id='word_1_97' title='bbox 987 1230 1150 1309; x_wconf 77' lang='lat' dir='ltr'><strong>Apostolus</strong></span> <span class='ocrx_word' id='word_1_98' title='bbox 1172 1233 1300 1313; x_wconf 83' lang='lat' dir='ltr'><strong>epistola</strong></span> 
     </span>
     <span class='ocr_line' id='line_1_11' title="bbox 69 1328 1340 1415; baseline 0.004 -22"><span class='ocrx_word' id='word_1_99' title='bbox 69 1331 104 1393; x_wconf 82' lang='lat' dir='ltr'><strong>ad</strong></span> <span class='ocrx_word' id='word_1_100' title='bbox 125 1330 328 1394; x_wconf 75' lang='lat' dir='ltr'><strong>colossenses</strong></span> <span class='ocrx_word' id='word_1_101' title='bbox 350 1331 397 1394; x_wconf 81' lang='lat' dir='ltr'><strong>luis</strong></span> <span class='ocrx_word' id='word_1_102' title='bbox 424 1329 526 1393; x_wconf 83' lang='lat' dir='ltr'><strong>verbis</strong></span> <span class='ocrx_word' id='word_1_103' title='bbox 554 1330 656 1393; x_wconf 83' lang='lat' dir='ltr'><strong>doust:</strong></span> <span class='ocrx_word' id='word_1_104' title='bbox 689 1328 760 1411; x_wconf 85' lang='lat' dir='ltr'><strong>lpse</strong></span> <span class='ocrx_word' id='word_1_105' title='bbox 788 1343 834 1394; x_wconf 88' lang='lat' dir='ltr'><strong>est</strong></span> <span class='ocrx_word' id='word_1_106' title='bbox 858 1342 949 1415; x_wconf 84' lang='lat' dir='ltr'><strong>ooput</strong></span> <span class='ocrx_word' id='word_1_107' title='bbox 971 1337 1113 1415; x_wconf 79' lang='lat' dir='ltr'><strong>corporis</strong></span> <span class='ocrx_word' id='word_1_108' title='bbox 1135 1333 1299 1409; x_wconf 69' lang='lat' dir='ltr'><strong>nastasia,</strong></span> <span class='ocrx_word' id='word_1_109' title='bbox 1339 1334 1340 1339; x_wconf 73' lang='grc'>’</span> 
     </span>
     <span class='ocr_line' id='line_1_12' title="bbox 70 1435 1300 1522; baseline 0.005 -26"><span class='ocrx_word' id='word_1_110' title='bbox 70 1437 121 1515; x_wconf 76' lang='lat' dir='ltr'><strong>qui</strong></span> <span class='ocrx_word' id='word_1_111' title='bbox 139 1443 190 1496; x_wconf 78' lang='lat' dir='ltr'><strong>eat</strong></span> <span class='ocrx_word' id='word_1_112' title='bbox 208 1437 409 1515; x_wconf 75' lang='lat' dir='ltr'><strong>principium,</strong></span> <span class='ocrx_word' id='word_1_113' title='bbox 431 1436 652 1515; x_wconf 77' lang='lat' dir='ltr'><strong>primopenitus</strong></span> <span class='ocrx_word' id='word_1_114' title='bbox 675 1450 714 1495; x_wconf 77' lang='lat' dir='ltr'><strong>aa</strong></span> <span class='ocrx_word' id='word_1_115' title='bbox 734 1435 874 1506; x_wconf 84' lang='lat' dir='ltr'><strong>mortuis,</strong></span> <span class='ocrx_word' id='word_1_116' title='bbox 896 1444 933 1496; x_wconf 89' lang='lat' dir='ltr'><strong>ut</strong></span> <span class='ocrx_word' id='word_1_117' title='bbox 953 1437 998 1497; x_wconf 78' lang='lat' dir='ltr'><strong>sit</strong></span> <span class='ocrx_word' id='word_1_118' title='bbox 1017 1439 1051 1496; x_wconf 78' lang='lat' dir='ltr'><strong>ia</strong></span> <span class='ocrx_word' id='word_1_119' title='bbox 1072 1437 1210 1500; x_wconf 75' lang='lat' dir='ltr'><strong>omuibus</strong></span> <span class='ocrx_word' id='word_1_120' title='bbox 1232 1439 1300 1522; x_wconf 76' lang='lat' dir='ltr'><strong>ipss</strong></span> 
     </span>
     <span class='ocr_line' id='line_1_13' title="bbox 65 1537 374 1618; baseline -0.016 -16"><span class='ocrx_word' id='word_1_121' title='bbox 65 1537 236 1618; x_wconf 58' lang='lat' dir='ltr'><strong>pabutum</strong></span> <span class='ocrx_word' id='word_1_122' title='bbox 258 1545 374 1598; x_wconf 81' lang='lat' dir='ltr'><strong>tenens.</strong></span> 
     </span>
    </p>
   </div>
   <div class='ocr_carea' id='block_1_3' title="bbox 69 1733 1301 1925">
    <p class='ocr_par' dir='ltr' id='par_1_3' title="bbox 69 1733 1301 1925">
     <span class='ocr_line' id='line_1_14' title="bbox 153 1733 1299 1817; baseline 0 -12"><span class='ocrx_word' id='word_1_123' title='bbox 153 1741 208 1805; x_wconf 79' lang='grc'><strong>66.</strong></span> <span class='ocrx_word' id='word_1_124' title='bbox 251 1737 383 1817; x_wconf 84' lang='lat' dir='ltr'><strong>Namque</strong></span> <span class='ocrx_word' id='word_1_125' title='bbox 411 1737 454 1812; x_wconf 90' lang='lat' dir='ltr'><strong>si,</strong></span> <span class='ocrx_word' id='word_1_126' title='bbox 484 1737 527 1799; x_wconf 92' lang='lat' dir='ltr'><strong>uti</strong></span> <span class='ocrx_word' id='word_1_127' title='bbox 554 1737 751 1810; x_wconf 85' lang='lat' dir='ltr'><strong>dictumest,</strong></span> <span class='ocrx_word' id='word_1_128' title='bbox 780 1733 820 1799; x_wconf 87' lang='lat' dir='ltr'><strong>ob</strong></span> <span class='ocrx_word' id='word_1_129' title='bbox 841 1737 1090 1802; x_wconf 82' lang='lat' dir='ltr'><strong>resurreetionem</strong></span> <span class='ocrx_word' id='word_1_130' title='bbox 1112 1759 1149 1802; x_wconf 82' lang='lat' dir='ltr'><strong>er</strong></span> <span class='ocrx_word' id='word_1_131' title='bbox 1170 1741 1299 1805; x_wconf 81' lang='lat' dir='ltr'><strong>mortuis</strong></span> 
     </span>
     <span class='ocr_line' id='line_1_15' title="bbox 69 1840 1301 1925; baseline 0 -20"><span class='ocrx_word' id='word_1_132' title='bbox 69 1841 134 1925; x_wconf 84' lang='lat' dir='ltr'><strong>ipse</strong></span> <span class='ocrx_word' id='word_1_133' title='bbox 155 1840 338 1923; x_wconf 84' lang='lat' dir='ltr'><strong>principium</strong></span> <span class='ocrx_word' id='word_1_134' title='bbox 353 1840 525 1920; x_wconf 77' lang='lat' dir='ltr'><strong>appellatur,</strong></span> <span class='ocrx_word' id='word_1_135' title='bbox 548 1848 620 1903; x_wconf 89' lang='lat' dir='ltr'><strong>tuno</strong></span> <span class='ocrx_word' id='word_1_136' title='bbox 633 1847 732 1903; x_wconf 85' lang='lat' dir='ltr'><strong>autem</strong></span> <span class='ocrx_word' id='word_1_137' title='bbox 747 1840 821 1901; x_wconf 85' lang='lat' dir='ltr'><strong>lauta</strong></span> <span class='ocrx_word' id='word_1_138' title='bbox 837 1847 884 1901; x_wconf 89' lang='lat' dir='ltr'><strong>est</strong></span> <span class='ocrx_word' id='word_1_139' title='bbox 898 1841 1090 1917; x_wconf 82' lang='lat' dir='ltr'><strong>resurreetio,</strong></span> <span class='ocrx_word' id='word_1_140' title='bbox 1113 1861 1179 1905; x_wconf 88' lang='lat' dir='ltr'><strong>oum</strong></span> <span class='ocrx_word' id='word_1_141' title='bbox 1195 1852 1301 1906; x_wconf 78' lang='lat' dir='ltr'><strong>nostru</strong></span> 
     </span>
    </p>
   </div>
   <div class='ocr_carea' id='block_1_4' title="bbox 67 1940 1384 3656">
    <p class='ocr_par' dir='ltr' id='par_1_4' title="bbox 67 1940 1384 3656">
     <span class='ocr_line' id='line_1_16' title="bbox 68 1940 1299 2024; baseline -0.001 -15"><span class='ocrx_word' id='word_1_142' title='bbox 68 1944 192 2009; x_wconf 77' lang='lat' dir='ltr'><strong>indutus</strong></span> <span class='ocrx_word' id='word_1_143' title='bbox 215 1961 305 2005; x_wconf 85' lang='lat' dir='ltr'><strong>carne</strong></span> <span class='ocrx_word' id='word_1_144' title='bbox 325 1961 359 2004; x_wconf 90' lang='lat' dir='ltr'><strong>se</strong></span> <span class='ocrx_word' id='word_1_145' title='bbox 380 1942 447 2023; x_wconf 88' lang='lat' dir='ltr'><strong>ipse</strong></span> <span class='ocrx_word' id='word_1_146' title='bbox 467 1961 523 2023; x_wconf 91' lang='lat' dir='ltr'><strong>pro</strong></span> <span class='ocrx_word' id='word_1_147' title='bbox 546 1941 634 2004; x_wconf 88' lang='lat' dir='ltr'><strong>nobis</strong></span> <span class='ocrx_word' id='word_1_148' title='bbox 656 1941 745 2005; x_wconf 87' lang='lat' dir='ltr'><strong>morti</strong></span> <span class='ocrx_word' id='word_1_149' title='bbox 766 1940 905 2015; x_wconf 69' lang='lat' dir='ltr'><strong>tradidita</strong></span> <span class='ocrx_word' id='word_1_150' title='bbox 931 1943 1052 2023; x_wconf 92' lang='lat' dir='ltr'><strong>planum</strong></span> <span class='ocrx_word' id='word_1_151' title='bbox 1075 1944 1177 2024; x_wconf 90' lang='lat' dir='ltr'><strong>utique</strong></span> <span class='ocrx_word' id='word_1_152' title='bbox 1198 1944 1299 2022; x_wconf 83' lang='lat' dir='ltr'><strong>luerit,</strong></span> 
     </span>
     <span class='ocr_line' id='line_1_17' title="bbox 67 2044 1300 2128; baseline 0.001 -18"><span class='ocrx_word' id='word_1_153' title='bbox 67 2046 113 2110; x_wconf 80' lang='lat' dir='ltr'><strong>uta</strong></span> <span class='ocrx_word' id='word_1_154' title='bbox 135 2046 205 2109; x_wconf 82' lang='lat' dir='ltr'><strong>eius</strong></span> <span class='ocrx_word' id='word_1_155' title='bbox 226 2044 342 2106; x_wconf 83' lang='lat' dir='ltr'><strong>verbis:</strong></span> <span class='ocrx_word' id='word_1_156' title='bbox 371 2045 520 2108; x_wconf 84' lang='lat' dir='ltr'><strong>Dominus</strong></span> <span class='ocrx_word' id='word_1_157' title='bbox 543 2048 659 2107; x_wconf 83' lang='lat' dir='ltr'><strong>creauit</strong></span> <span class='ocrx_word' id='word_1_158' title='bbox 679 2063 726 2107; x_wconf 83' lang='lat' dir='ltr'><strong>me</strong></span> <span class='ocrx_word' id='word_1_159' title='bbox 748 2048 867 2107; x_wconf 71' lang='lat' dir='ltr'><strong>anitium</strong></span> <span class='ocrx_word' id='word_1_160' title='bbox 888 2048 1020 2122; x_wconf 81' lang='lat' dir='ltr'><strong>uiarum,</strong></span> <span class='ocrx_word' id='word_1_161' title='bbox 1042 2063 1104 2109; x_wconf 89' lang='lat' dir='ltr'><strong>noo</strong></span> <span class='ocrx_word' id='word_1_162' title='bbox 1126 2046 1221 2128; x_wconf 86' lang='lat' dir='ltr'><strong>ipsius</strong></span> <span class='ocrx_word' id='word_1_163' title='bbox 1242 2066 1300 2111; x_wconf 83' lang='lat' dir='ltr'><strong>oa·</strong></span> 
     </span>
     <span class='ocr_line' id='line_1_18' title="bbox 69 2146 1301 2232; baseline 0 -20"><span class='ocrx_word' id='word_1_164' title='bbox 69 2157 163 2212; x_wconf 84' lang='lat' dir='ltr'><strong>turum</strong></span> <span class='ocrx_word' id='word_1_165' title='bbox 188 2148 243 2209; x_wconf 88' lang='lat' dir='ltr'><strong>sed</strong></span> <span class='ocrx_word' id='word_1_166' title='bbox 267 2160 444 2227; x_wconf 86' lang='lat' dir='ltr'><strong>ootporeum</strong></span> <span class='ocrx_word' id='word_1_167' title='bbox 467 2147 625 2209; x_wconf 83' lang='lat' dir='ltr'><strong>adventum</strong></span> <span class='ocrx_word' id='word_1_168' title='bbox 645 2146 814 2226; x_wconf 76' lang='lat' dir='ltr'><strong>significari.</strong></span> <span class='ocrx_word' id='word_1_169' title='bbox 858 2147 939 2209; x_wconf 86' lang='lat' dir='ltr'><strong>llors</strong></span> <span class='ocrx_word' id='word_1_170' title='bbox 961 2148 1040 2209; x_wconf 86' lang='lat' dir='ltr'><strong>enim</strong></span> <span class='ocrx_word' id='word_1_171' title='bbox 1063 2148 1128 2211; x_wconf 89' lang='lat' dir='ltr'><strong>eius</strong></span> <span class='ocrx_word' id='word_1_172' title='bbox 1150 2150 1205 2212; x_wconf 84' lang='lat' dir='ltr'><strong>luit</strong></span> <span class='ocrx_word' id='word_1_173' title='bbox 1225 2168 1301 2232; x_wconf 88' lang='lat' dir='ltr'><strong>pro·</strong></span> 
     </span>
     <span class='ocr_line' id='line_1_19' title="bbox 69 2248 1304 2333; baseline 0.001 -20"><span class='ocrx_word' id='word_1_174' title='bbox 69 2251 130 2332; x_wconf 79' lang='lat' dir='ltr'><strong>pris</strong></span> <span class='ocrx_word' id='word_1_175' title='bbox 159 2250 317 2331; x_wconf 80' lang='lat' dir='ltr'><strong>corporis,</strong></span> <span class='ocrx_word' id='word_1_176' title='bbox 345 2268 380 2311; x_wconf 88' lang='lat' dir='ltr'><strong>ao</strong></span> <span class='ocrx_word' id='word_1_177' title='bbox 406 2249 532 2329; x_wconf 82' lang='lat' dir='ltr'><strong>proinde</strong></span> <span class='ocrx_word' id='word_1_178' title='bbox 561 2248 810 2329; x_wconf 77' lang='lat' dir='ltr'><strong>quemadmodum</strong></span> <span class='ocrx_word' id='word_1_179' title='bbox 837 2268 919 2311; x_wconf 90' lang='lat' dir='ltr'><strong>mors</strong></span> <span class='ocrx_word' id='word_1_180' title='bbox 942 2259 988 2313; x_wconf 85' lang='lat' dir='ltr'><strong>est</strong></span> <span class='ocrx_word' id='word_1_181' title='bbox 1009 2250 1145 2330; x_wconf 84' lang='lat' dir='ltr'><strong>eorporis</strong></span> <span class='ocrx_word' id='word_1_182' title='bbox 1167 2252 1304 2333; x_wconf 72' lang='lat' dir='ltr'><strong>propris,</strong></span> 
     </span>
     <span class='ocr_line' id='line_1_20' title="bbox 69 2351 1300 2434; baseline 0.003 -20"><span class='ocrx_word' id='word_1_183' title='bbox 69 2353 104 2415; x_wconf 84' lang='lat' dir='ltr'><strong>its</strong></span> <span class='ocrx_word' id='word_1_184' title='bbox 126 2369 296 2434; x_wconf 86' lang='lat' dir='ltr'><strong>oorporeae</strong></span> <span class='ocrx_word' id='word_1_185' title='bbox 317 2351 504 2430; x_wconf 87' lang='lat' dir='ltr'><strong>praesentiae</strong></span> <span class='ocrx_word' id='word_1_186' title='bbox 526 2351 648 2431; x_wconf 89' lang='lat' dir='ltr'><strong>propria</strong></span> <span class='ocrx_word' id='word_1_187' title='bbox 669 2359 742 2412; x_wconf 91' lang='lat' dir='ltr'><strong>sunt</strong></span> <span class='ocrx_word' id='word_1_188' title='bbox 762 2351 810 2413; x_wconf 93' lang='lat' dir='ltr'><strong>illa</strong></span> <span class='ocrx_word' id='word_1_189' title='bbox 825 2351 929 2414; x_wconf 83' lang='lat' dir='ltr'><strong>verba:</strong></span> <span class='ocrx_word' id='word_1_190' title='bbox 952 2352 1100 2416; x_wconf 71' lang='lat' dir='ltr'><strong>dominus</strong></span> <span class='ocrx_word' id='word_1_191' title='bbox 1124 2358 1239 2416; x_wconf 79' lang='lat' dir='ltr'><strong>creauit</strong></span> <span class='ocrx_word' id='word_1_192' title='bbox 1252 2372 1300 2418; x_wconf 76' lang='lat' dir='ltr'><strong>ata</strong></span> 
     </span>
     <span class='ocr_line' id='line_1_21' title="bbox 70 2451 1384 2535; baseline -0.002 -17"><span class='ocrx_word' id='word_1_193' title='bbox 70 2457 191 2518; x_wconf 71' lang='lat' dir='ltr'><strong>inituim</strong></span> <span class='ocrx_word' id='word_1_194' title='bbox 223 2456 343 2514; x_wconf 77' lang='lat' dir='ltr'><strong>sionim</strong></span> <span class='ocrx_word' id='word_1_195' title='bbox 371 2469 509 2514; x_wconf 84' lang='lat' dir='ltr'><strong>suorum.</strong></span> <span class='ocrx_word' id='word_1_196' title='bbox 555 2451 628 2535; x_wconf 82' lang='lat' dir='ltr'><strong>Cum</strong></span> <span class='ocrx_word' id='word_1_197' title='bbox 656 2453 735 2514; x_wconf 89' lang='lat' dir='ltr'><strong>enim</strong></span> <span class='ocrx_word' id='word_1_198' title='bbox 765 2453 899 2515; x_wconf 78' lang='lat' dir='ltr'><strong>Salvator</strong></span> <span class='ocrx_word' id='word_1_199' title='bbox 918 2453 975 2515; x_wconf 82' lang='lat' dir='ltr'><strong>lusu</strong></span> <span class='ocrx_word' id='word_1_200' title='bbox 995 2453 1112 2515; x_wconf 89' lang='lat' dir='ltr'><strong>ratione</strong></span> <span class='ocrx_word' id='word_1_201' title='bbox 1134 2455 1384 2518; x_wconf 74' lang='lat' dir='ltr'><strong>secundumrust.</strong></span> 
     </span>
     <span class='ocr_line' id='line_1_22' title="bbox 71 2554 1301 2636; baseline -0.002 -15"><span class='ocrx_word' id='word_1_202' title='bbox 71 2574 190 2621; x_wconf 68' lang='lat' dir='ltr'><strong>ornem</strong></span> <span class='ocrx_word' id='word_1_203' title='bbox 207 2563 325 2616; x_wconf 87' lang='lat' dir='ltr'><strong>oreatus</strong></span> <span class='ocrx_word' id='word_1_204' title='bbox 342 2554 391 2629; x_wconf 82' lang='lat' dir='ltr'><strong>sit,</strong></span> <span class='ocrx_word' id='word_1_205' title='bbox 416 2573 588 2634; x_wconf 83' lang='lat' dir='ltr'><strong>eorumque,</strong></span> <span class='ocrx_word' id='word_1_206' title='bbox 613 2555 663 2635; x_wconf 92' lang='lat' dir='ltr'><strong>qui</strong></span> <span class='ocrx_word' id='word_1_207' title='bbox 685 2564 868 2629; x_wconf 80' lang='lat' dir='ltr'><strong>recreantur,</strong></span> <span class='ocrx_word' id='word_1_208' title='bbox 891 2557 985 2618; x_wconf 85' lang='lat' dir='ltr'><strong>laetus</strong></span> <span class='ocrx_word' id='word_1_209' title='bbox 1001 2557 1089 2618; x_wconf 87' lang='lat' dir='ltr'><strong>luerit</strong></span> <span class='ocrx_word' id='word_1_210' title='bbox 1109 2556 1301 2636; x_wconf 79' lang='lat' dir='ltr'><strong>principium,</strong></span> 
     </span>
     <span class='ocr_line' id='line_1_23' title="bbox 70 2655 1300 2737; baseline -0.002 -13"><span class='ocrx_word' id='word_1_211' title='bbox 70 2678 99 2724; x_wconf 81' lang='lat' dir='ltr'><strong>to</strong></span> <span class='ocrx_word' id='word_1_212' title='bbox 118 2660 265 2723; x_wconf 75' lang='lat' dir='ltr'><strong>nostrum</strong></span> <span class='ocrx_word' id='word_1_213' title='bbox 279 2656 386 2718; x_wconf 87' lang='lat' dir='ltr'><strong>habeat</strong></span> <span class='ocrx_word' id='word_1_214' title='bbox 400 2656 559 2737; x_wconf 82' lang='lat' dir='ltr'><strong>primitias,</strong></span> <span class='ocrx_word' id='word_1_215' title='bbox 583 2657 742 2719; x_wconf 88' lang='lat' dir='ltr'><strong>humanam</strong></span> <span class='ocrx_word' id='word_1_216' title='bbox 758 2655 872 2719; x_wconf 81' lang='lat' dir='ltr'><strong>sedicet</strong></span> <span class='ocrx_word' id='word_1_217' title='bbox 885 2675 1014 2730; x_wconf 84' lang='lat' dir='ltr'><strong>carnem,</strong></span> <span class='ocrx_word' id='word_1_218' title='bbox 1038 2676 1125 2736; x_wconf 92' lang='lat' dir='ltr'><strong>quam</strong></span> <span class='ocrx_word' id='word_1_219' title='bbox 1141 2659 1300 2737; x_wconf 78' lang='lat' dir='ltr'><strong>assumsit3</strong></span> 
     </span>
     <span class='ocr_line' id='line_1_24' title="bbox 71 2759 1301 2839; baseline -0.002 -14"><span class='ocrx_word' id='word_1_220' title='bbox 71 2761 284 2825; x_wconf 74' lang='lat' dir='ltr'><strong>convenienter</strong></span> <span class='ocrx_word' id='word_1_221' title='bbox 304 2767 376 2838; x_wconf 90' lang='lat' dir='ltr'><strong>post</strong></span> <span class='ocrx_word' id='word_1_222' title='bbox 397 2759 496 2838; x_wconf 89' lang='lat' dir='ltr'><strong>ipsum</strong></span> <span class='ocrx_word' id='word_1_223' title='bbox 519 2761 636 2820; x_wconf 87' lang='lat' dir='ltr'><strong>loturus</strong></span> <span class='ocrx_word' id='word_1_224' title='bbox 658 2767 776 2820; x_wconf 82' lang='lat' dir='ltr'><strong>creatur</strong></span> <span class='ocrx_word' id='word_1_225' title='bbox 803 2759 948 2839; x_wconf 89' lang='lat' dir='ltr'><strong>pupulus,</strong></span> <span class='ocrx_word' id='word_1_226' title='bbox 982 2759 1019 2819; x_wconf 90' lang='lat' dir='ltr'><strong>de</strong></span> <span class='ocrx_word' id='word_1_227' title='bbox 1048 2778 1107 2839; x_wconf 92' lang='lat' dir='ltr'><strong>quo</strong></span> <span class='ocrx_word' id='word_1_228' title='bbox 1130 2761 1172 2821; x_wconf 91' lang='lat' dir='ltr'><strong>ait</strong></span> <span class='ocrx_word' id='word_1_229' title='bbox 1183 2759 1301 2838; x_wconf 73' lang='lat' dir='ltr'><strong>David:</strong></span> 
     </span>
     <span class='ocr_line' id='line_1_25' title="bbox 70 2858 1300 2941; baseline 0 -17"><span class='ocrx_word' id='word_1_230' title='bbox 70 2863 236 2928; x_wconf 76' lang='lat' dir='ltr'><strong>Smtoaar</strong></span> <span class='ocrx_word' id='word_1_231' title='bbox 259 2861 331 2923; x_wconf 79' lang='lat' dir='ltr'><strong>duaa</strong></span> <span class='ocrx_word' id='word_1_232' title='bbox 352 2865 385 2923; x_wconf 83' lang='lat' dir='ltr'><strong>in</strong></span> <span class='ocrx_word' id='word_1_233' title='bbox 406 2865 629 2940; x_wconf 66' lang='lat' dir='ltr'><strong>permotionem</strong></span> <span class='ocrx_word' id='word_1_234' title='bbox 651 2858 795 2932; x_wconf 84' lang='lat' dir='ltr'><strong>alterurn,</strong></span> <span class='ocrx_word' id='word_1_235' title='bbox 824 2871 853 2922; x_wconf 87' lang='lat' dir='ltr'><strong>et</strong></span> <span class='ocrx_word' id='word_1_236' title='bbox 878 2860 1026 2941; x_wconf 85' lang='lat' dir='ltr'><strong>populus,</strong></span> <span class='ocrx_word' id='word_1_237' title='bbox 1061 2866 1113 2941; x_wconf 84' lang='lat' dir='ltr'><strong>qul</strong></span> <span class='ocrx_word' id='word_1_238' title='bbox 1134 2863 1300 2935; x_wconf 82' lang='lat' dir='ltr'><strong>oreoditur,</strong></span> 
     </span>
     <span class='ocr_line' id='line_1_26' title="bbox 69 2952 1304 3041; baseline -0.002 -12"><span class='ocrx_word' id='word_1_239' title='bbox 69 2952 208 3031; x_wconf 70' lang='lat' dir='ltr'><strong>uenatu</strong></span> <span class='ocrx_word' id='word_1_240' title='bbox 229 2962 401 3037; x_wconf 81' lang='lat' dir='ltr'><strong>Dominum,</strong></span> <span class='ocrx_word' id='word_1_241' title='bbox 425 2971 455 3023; x_wconf 86' lang='lat' dir='ltr'><strong>et</strong></span> <span class='ocrx_word' id='word_1_242' title='bbox 477 2981 583 3024; x_wconf 86' lang='lat' dir='ltr'><strong>rursus</strong></span> <span class='ocrx_word' id='word_1_243' title='bbox 604 2960 724 3023; x_wconf 86' lang='lat' dir='ltr'><strong>Psalmo</strong></span> <span class='ocrx_word' id='word_1_244' title='bbox 746 2960 890 3039; x_wconf 77' lang='lat' dir='ltr'><strong>vigesimo</strong></span> <span class='ocrx_word' id='word_1_245' title='bbox 912 2962 1026 3041; x_wconf 90' lang='lat' dir='ltr'><strong>primo:</strong></span> <span class='ocrx_word' id='word_1_246' title='bbox 1060 2963 1304 3028; x_wconf 75' lang='lat' dir='ltr'><strong>Anniantioltitttr</strong></span> 
     </span>
     <span class='ocr_line' id='line_1_27' title="bbox 69 3063 1306 3147; baseline -0.001 -18"><span class='ocrx_word' id='word_1_247' title='bbox 69 3066 199 3131; x_wconf 82' lang='lat' dir='ltr'><strong>lloma&#39;ao</strong></span> <span class='ocrx_word' id='word_1_248' title='bbox 222 3068 378 3145; x_wconf 70' lang='lat' dir='ltr'><strong>ueneratio</strong></span> <span class='ocrx_word' id='word_1_249' title='bbox 400 3076 541 3134; x_wconf 79' lang='lat' dir='ltr'><strong>oentaaru,</strong></span> <span class='ocrx_word' id='word_1_250' title='bbox 564 3075 593 3126; x_wconf 88' lang='lat' dir='ltr'><strong>et</strong></span> <span class='ocrx_word' id='word_1_251' title='bbox 614 3063 841 3126; x_wconf 76' lang='lat' dir='ltr'><strong>annuntiabunt</strong></span> <span class='ocrx_word' id='word_1_252' title='bbox 856 3066 1003 3126; x_wconf 83' lang='lat' dir='ltr'><strong>iustitium</strong></span> <span class='ocrx_word' id='word_1_253' title='bbox 1019 3068 1082 3126; x_wconf 80' lang='lat' dir='ltr'><strong>aius</strong></span> <span class='ocrx_word' id='word_1_254' title='bbox 1102 3064 1228 3145; x_wconf 84' lang='lat' dir='ltr'><strong>populo,</strong></span> <span class='ocrx_word' id='word_1_255' title='bbox 1251 3067 1306 3147; x_wconf 84' lang='lat' dir='ltr'><strong>qui</strong></span> 
     </span>
     <span class='ocr_line' id='line_1_28' title="bbox 71 3162 1303 3247; baseline -0.002 -15"><span class='ocrx_word' id='word_1_256' title='bbox 71 3178 232 3243; x_wconf 73' lang='lat' dir='ltr'><strong>noscetur,</strong></span> <span class='ocrx_word' id='word_1_257' title='bbox 266 3185 352 3247; x_wconf 84' lang='lat' dir='ltr'><strong>quam</strong></span> <span class='ocrx_word' id='word_1_258' title='bbox 379 3168 454 3246; x_wconf 75' lang='lat' dir='ltr'><strong>[ecit</strong></span> <span class='ocrx_word' id='word_1_259' title='bbox 482 3166 642 3228; x_wconf 74' lang='lat' dir='ltr'><strong>Dominus.</strong></span> <span class='ocrx_word' id='word_1_260' title='bbox 685 3162 747 3226; x_wconf 88' lang='lat' dir='ltr'><strong>Neo</strong></span> <span class='ocrx_word' id='word_1_261' title='bbox 774 3164 852 3225; x_wconf 85' lang='lat' dir='ltr'><strong>enim</strong></span> <span class='ocrx_word' id='word_1_262' title='bbox 881 3164 1007 3244; x_wconf 85' lang='lat' dir='ltr'><strong>amplius</strong></span> <span class='ocrx_word' id='word_1_263' title='bbox 1030 3166 1157 3227; x_wconf 88' lang='lat' dir='ltr'><strong>audituri</strong></span> <span class='ocrx_word' id='word_1_264' title='bbox 1181 3184 1303 3230; x_wconf 77' lang='lat' dir='ltr'><strong>sumust</strong></span> 
     </span>
     <span class='ocr_line' id='line_1_29' title="bbox 73 3267 1302 3352; baseline -0.001 -18"><span class='ocrx_word' id='word_1_265' title='bbox 73 3271 269 3350; x_wconf 77' lang='lat' dir='ltr'><strong>Quocumque</strong></span> <span class='ocrx_word' id='word_1_266' title='bbox 292 3268 338 3329; x_wconf 81' lang='lat' dir='ltr'><strong>die</strong></span> <span class='ocrx_word' id='word_1_267' title='bbox 361 3269 547 3330; x_wconf 85' lang='lat' dir='ltr'><strong>comederitis</strong></span> <span class='ocrx_word' id='word_1_268' title='bbox 569 3285 609 3330; x_wconf 80' lang='lat' dir='ltr'><strong>eu</strong></span> <span class='ocrx_word' id='word_1_269' title='bbox 629 3285 673 3339; x_wconf 81' lang='lat' dir='ltr'><strong>so,</strong></span> <span class='ocrx_word' id='word_1_270' title='bbox 695 3277 793 3328; x_wconf 86' lang='lat' dir='ltr'><strong>morte</strong></span> <span class='ocrx_word' id='word_1_271' title='bbox 813 3269 994 3341; x_wconf 72' lang='lat' dir='ltr'><strong>morimini,</strong></span> <span class='ocrx_word' id='word_1_272' title='bbox 1016 3267 1071 3329; x_wconf 90' lang='lat' dir='ltr'><strong>sed</strong></span> <span class='ocrx_word' id='word_1_273' title='bbox 1091 3269 1146 3330; x_wconf 86' lang='lat' dir='ltr'><strong>udi</strong></span> <span class='ocrx_word' id='word_1_274' title='bbox 1158 3288 1225 3331; x_wconf 84' lang='lat' dir='ltr'><strong>sum</strong></span> <span class='ocrx_word' id='word_1_275' title='bbox 1239 3286 1302 3352; x_wconf 76' lang='lat' dir='ltr'><strong>spo,</strong></span> 
     </span>
     <span class='ocr_line' id='line_1_30' title="bbox 71 3364 1368 3450; baseline -0.002 -13"><span class='ocrx_word' id='word_1_276' title='bbox 71 3384 93 3436; x_wconf 85' lang='lat' dir='ltr'><strong>tt</strong></span> <span class='ocrx_word' id='word_1_277' title='bbox 115 3391 173 3436; x_wconf 82' lang='lat' dir='ltr'><strong>uos</strong></span> <span class='ocrx_word' id='word_1_278' title='bbox 198 3364 317 3442; x_wconf 83' lang='lat' dir='ltr'><strong>eritis,&#39;</strong></span> <span class='ocrx_word' id='word_1_279' title='bbox 334 3370 408 3430; x_wconf 88' lang='lat' dir='ltr'><strong>adeo</strong></span> <span class='ocrx_word' id='word_1_280' title='bbox 438 3377 472 3431; x_wconf 93' lang='lat' dir='ltr'><strong>ut</strong></span> <span class='ocrx_word' id='word_1_281' title='bbox 493 3369 552 3431; x_wconf 88' lang='lat' dir='ltr'><strong>iarn</strong></span> <span class='ocrx_word' id='word_1_282' title='bbox 573 3369 673 3430; x_wconf 81' lang='lat' dir='ltr'><strong>diosna</strong></span> <span class='ocrx_word' id='word_1_283' title='bbox 694 3368 795 3429; x_wconf 90' lang='lat' dir='ltr'><strong>liceat:</strong></span> <span class='ocrx_word' id='word_1_284' title='bbox 825 3366 927 3449; x_wconf 79' lang='lat' dir='ltr'><strong>ipsius</strong></span> <span class='ocrx_word' id='word_1_285' title='bbox 950 3373 1028 3432; x_wconf 72' lang='lat' dir='ltr'><strong>anun</strong></span> <span class='ocrx_word' id='word_1_286' title='bbox 1049 3371 1175 3450; x_wconf 75' lang='lat' dir='ltr'><strong>[acturo</strong></span> <span class='ocrx_word' id='word_1_287' title='bbox 1196 3389 1303 3435; x_wconf 80' lang='lat' dir='ltr'><strong>sumus</strong></span> <span class='ocrx_word' id='word_1_288' title='bbox 1356 3401 1368 3421; x_wconf 61' lang='lat' dir='ltr'><strong>a</strong></span> 
     </span>
     <span class='ocr_line' id='line_1_31' title="bbox 72 3470 1302 3551; baseline -0.002 -13"><span class='ocrx_word' id='word_1_289' title='bbox 72 3479 168 3538; x_wconf 84' lang='lat' dir='ltr'><strong>traota’</strong></span> <span class='ocrx_word' id='word_1_290' title='bbox 188 3476 224 3535; x_wconf 70' lang='grc' dir='ltr'><strong>ἐκ</strong></span> <span class='ocrx_word' id='word_1_291' title='bbox 247 3473 388 3551; x_wconf 80' lang='lat' dir='ltr'><strong>operibus</strong></span> <span class='ocrx_word' id='word_1_292' title='bbox 413 3472 507 3533; x_wconf 81' lang='lat' dir='ltr'><strong>lonis.</strong></span> <span class='ocrx_word' id='word_1_293' title='bbox 552 3470 708 3532; x_wconf 87' lang='lat' dir='ltr'><strong>Praeterea</strong></span> <span class='ocrx_word' id='word_1_294' title='bbox 736 3477 893 3549; x_wconf 84' lang='lat' dir='ltr'><strong>postquam</strong></span> <span class='ocrx_word' id='word_1_295' title='bbox 916 3488 992 3550; x_wconf 89' lang='lat' dir='ltr'><strong>opus</strong></span> <span class='ocrx_word' id='word_1_296' title='bbox 1014 3471 1068 3532; x_wconf 84' lang='lat' dir='ltr'><strong>Ilei</strong></span> <span class='ocrx_word' id='word_1_297' title='bbox 1089 3472 1118 3533; x_wconf 91' lang='lat' dir='ltr'><strong>id</strong></span> <span class='ocrx_word' id='word_1_298' title='bbox 1143 3473 1302 3535; x_wconf 86' lang='lat' dir='ltr'><strong>esthemo</strong></span> 
     </span>
     <span class='ocr_line' id='line_1_32' title="bbox 73 3571 1299 3656; baseline -0.001 -19"><span class='ocrx_word' id='word_1_299' title='bbox 73 3577 224 3656; x_wconf 64' lang='lat' dir='ltr'><strong>persuetus</strong></span> <span class='ocrx_word' id='word_1_300' title='bbox 253 3581 370 3635; x_wconf 87' lang='lat' dir='ltr'><strong>oreatus</strong></span> <span class='ocrx_word' id='word_1_301' title='bbox 399 3571 650 3652; x_wconf 82' lang='lat' dir='ltr'><strong>praevarisatione</strong></span> <span class='ocrx_word' id='word_1_302' title='bbox 679 3572 767 3652; x_wconf 89' lang='lat' dir='ltr'><strong>inops</strong></span> <span class='ocrx_word' id='word_1_303' title='bbox 795 3572 918 3634; x_wconf 88' lang='lat' dir='ltr'><strong>ellaotus</strong></span> <span class='ocrx_word' id='word_1_304' title='bbox 947 3580 995 3634; x_wconf 89' lang='lat' dir='ltr'><strong>est</strong></span> <span class='ocrx_word' id='word_1_305' title='bbox 1016 3581 1046 3635; x_wconf 91' lang='lat' dir='ltr'><strong>et</strong></span> <span class='ocrx_word' id='word_1_306' title='bbox 1067 3581 1188 3652; x_wconf 78' lang='lat' dir='ltr'><strong>peomto</strong></span> <span class='ocrx_word' id='word_1_307' title='bbox 1211 3592 1299 3636; x_wconf 89' lang='lat' dir='ltr'><strong>mor-</strong></span> 
     </span>
    </p>
   </div>
   <div class='ocr_carea' id='block_1_5' title="bbox 72 3750 1303 3903">
    <p class='ocr_par' dir='ltr' id='par_1_5' title="bbox 72 3750 1303 3903">
     <span class='ocr_line' id='line_1_33' title="bbox 72 3750 983 3827; baseline 0 -19"><span class='ocrx_word' id='word_1_308' title='bbox 72 3752 110 3812; x_wconf 78' lang='lat' dir='ltr'><strong>in</strong></span> <span class='ocrx_word' id='word_1_309' title='bbox 125 3754 196 3812; x_wconf 72' lang='lat' dir='ltr'><strong>atui..</strong></span> <span class='ocrx_word' id='word_1_310' title='bbox 221 3760 299 3810; x_wconf 84' lang='lat' dir='ltr'><strong>Editio</strong></span> <span class='ocrx_word' id='word_1_311' title='bbox 311 3753 595 3827; x_wconf 63' lang='lat' dir='ltr'><strong>commeministi</strong></span> <span class='ocrx_word' id='word_1_312' title='bbox 608 3751 659 3808; x_wconf 79' lang='grc' dir='ltr'><strong>ὅτι.</strong></span> <span class='ocrx_word' id='word_1_313' title='bbox 745 3759 767 3808; x_wconf 87' lang='lat' dir='ltr'><strong>l.</strong></span> <span class='ocrx_word' id='word_1_314' title='bbox 787 3760 888 3822; x_wconf 76' lang='lat' dir='ltr'><strong>Sequar.</strong></span> <span class='ocrx_word' id='word_1_315' title='bbox 906 3750 983 3820; x_wconf 66' lang='lat' dir='ltr'><strong>adad.</strong></span> 
     </span>
     <span class='ocr_line' id='line_1_34' title="bbox 100 3827 1303 3903; baseline -0.004 -21"><span class='ocrx_word' id='word_1_316' title='bbox 100 3833 118 3881; x_wconf 86' lang='lat' dir='ltr'><strong>l.</strong></span> <span class='ocrx_word' id='word_1_317' title='bbox 137 3831 180 3881; x_wconf 86' lang='lat' dir='ltr'><strong>Sic</strong></span> <span class='ocrx_word' id='word_1_318' title='bbox 195 3828 296 3890; x_wconf 73' lang='lat' dir='ltr'><strong>Sequor.</strong></span> <span class='ocrx_word' id='word_1_319' title='bbox 314 3827 453 3890; x_wconf 66' lang='lat' dir='ltr'><strong>Repllasil.</strong></span> <span class='ocrx_word' id='word_1_320' title='bbox 466 3828 563 3878; x_wconf 87' lang='lat' dir='ltr'><strong>Gobler.</strong></span> <span class='ocrx_word' id='word_1_321' title='bbox 575 3828 660 3877; x_wconf 82' lang='lat' dir='ltr'><strong>Felclt·</strong></span> <span class='ocrx_word' id='word_1_322' title='bbox 746 3844 762 3892; x_wconf 69' lang='lat'><strong>1⁸</strong></span> <span class='ocrx_word' id='word_1_323' title='bbox 788 3843 927 3893; x_wconf 58' lang='lat' dir='ltr'><strong>Gobqem</strong></span> <span class='ocrx_word' id='word_1_324' title='bbox 946 3852 969 3893; x_wconf 56' lang='lat' dir='ltr'><strong>ep</strong></span> <span class='ocrx_word' id='word_1_325' title='bbox 987 3843 1092 3895; x_wconf 42' lang='lat' dir='ltr'><strong>pelam,</strong></span> <span class='ocrx_word' id='word_1_326' title='bbox 1112 3844 1134 3897; x_wconf 48' lang='lat'><strong>1·</strong></span> <span class='ocrx_word' id='word_1_327' title='bbox 1150 3840 1196 3894; x_wconf 59' lang='grc' dir='ltr'><strong>καὶ</strong></span> <span class='ocrx_word' id='word_1_328' title='bbox 1212 3839 1303 3903; x_wconf 50' lang='lat' dir='ltr'><strong>may,</strong></span> 
     </span>
    </p>
   </div>
   <div class='ocr_carea' id='block_1_6' title="bbox 74 3895 934 3977">
    <p class='ocr_par' dir='ltr' id='par_1_6' title="bbox 74 3895 934 3977">
     <span class='ocr_line' id='line_1_35' title="bbox 74 3895 934 3977; baseline 0.002 -29"><span class='ocrx_word' id='word_1_329' title='bbox 74 3895 323 3949; x_wconf 65' lang='lat' dir='ltr'><strong>maenianae.</strong></span> <span class='ocrx_word' id='word_1_330' title='bbox 369 3896 412 3945; x_wconf 79' lang='lat' dir='ltr'><strong>ulit</strong></span> <span class='ocrx_word' id='word_1_331' title='bbox 445 3904 523 3946; x_wconf 83' lang='lat' dir='ltr'><strong>sutem</strong></span> <span class='ocrx_word' id='word_1_332' title='bbox 555 3905 578 3945; x_wconf 89' lang='lat' dir='ltr'><strong>et</strong></span> <span class='ocrx_word' id='word_1_333' title='bbox 603 3897 661 3946; x_wconf 89' lang='lat' dir='ltr'><strong>editi</strong></span> <span class='ocrx_word' id='word_1_334' title='bbox 713 3902 934 3977; x_wconf 61' lang='grc' dir='ltr'><strong>ἂμανγελῆσηαι,</strong></span> 
     </span>
    </p>
   </div>
   <div class='ocr_carea' id='block_1_7' title="bbox 74 3953 1305 4148">
    <p class='ocr_par' dir='ltr' id='par_1_7' title="bbox 74 3953 1305 4148">
     <span class='ocr_line' id='line_1_36' title="bbox 74 3953 1248 4054; baseline 0.002 -42"><span class='ocrx_word' id='word_1_335' title='bbox 74 3955 248 4014; x_wconf 70' lang='lat' dir='ltr'><strong>lduuadrot.</strong></span> <span class='ocrx_word' id='word_1_336' title='bbox 270 3953 661 4041; x_wconf 56' lang='lat' dir='ltr'><strong>lloxua’rrodaliqstafelulmh.</strong></span> <span class='ocrx_word' id='word_1_337' title='bbox 799 4005 823 4053; x_wconf 77' lang='lat' dir='ltr'><strong>s.</strong></span> <span class='ocrx_word' id='word_1_338' title='bbox 864 4005 879 4054; x_wconf 75' lang='lat' dir='ltr'>s</span> <span class='ocrx_word' id='word_1_339' title='bbox 1023 4006 1039 4054; x_wconf 73' lang='lat' dir='ltr'>B</span> <span class='ocrx_word' id='word_1_340' title='bbox 1074 4006 1087 4054; x_wconf 73' lang='grc' dir='ltr'><strong>,Ι</strong></span> <span class='ocrx_word' id='word_1_341' title='bbox 1202 4005 1248 4053; x_wconf 68' lang='lat' dir='ltr'><strong>hb</strong></span> 
     </span>
     <span class='ocr_line' id='line_1_37' title="bbox 101 4013 1305 4148; baseline -0.024 -51"><span class='ocrx_word' id='word_1_342' title='bbox 101 4050 124 4097; x_wconf 79' lang='lat'><strong>8·</strong></span> <span class='ocrx_word' id='word_1_343' title='bbox 142 4034 247 4096; x_wconf 62' lang='lat' dir='ltr'><strong>Sequar.</strong></span> <span class='ocrx_word' id='word_1_344' title='bbox 266 4023 343 4085; x_wconf 74' lang='grc' dir='ltr'><strong><em>ἴδιος.</em></strong></span> <span class='ocrx_word' id='word_1_345' title='bbox 380 4032 442 4082; x_wconf 71' lang='lat' dir='ltr'><strong>tuiti</strong></span> <span class='ocrx_word' id='word_1_346' title='bbox 461 4026 539 4111; x_wconf 62' lang='lat' dir='ltr'><strong>tdtqr.</strong></span> <span class='ocrx_word' id='word_1_347' title='bbox 577 4032 662 4148; x_wconf 52' lang='lat' dir='ltr'><strong>&#39;⁰¹3⁸ss</strong></span> <span class='ocrx_word' id='word_1_348' title='bbox 715 4020 794 4124; x_wconf 33' lang='lat'><strong>&amp;¹53⁸</strong></span> <span class='ocrx_word' id='word_1_349' title='bbox 814 4013 1143 4139; x_wconf 34' lang='lat' dir='ltr'><strong>{flilflggk‘ladxlobgl</strong></span> <span class='ocrx_word' id='word_1_350' title='bbox 1161 4013 1305 4124; x_wconf 43' lang='lat' dir='ltr'><strong>alemus·</strong></span> 
     </span>
    </p>
   </div>
   <div class='ocr_carea' id='block_1_8' title="bbox 74 4094 1306 4233">
    <p class='ocr_par' dir='ltr' id='par_1_8' title="bbox 74 4094 1306 4233">
     <span class='ocr_line' id='line_1_38' title="bbox 74 4094 1212 4159; baseline -0.003 -9"><span class='ocrx_word' id='word_1_351' title='bbox 74 4103 108 4151; x_wconf 86' lang='lat' dir='ltr'><strong>til.</strong></span> <span class='ocrx_word' id='word_1_352' title='bbox 128 4096 190 4151; x_wconf 75' lang='lat' dir='ltr'><strong>lt&#39;aeo</strong></span> <span class='ocrx_word' id='word_1_353' title='bbox 208 4100 378 4150; x_wconf 82' lang='lat' dir='ltr'><strong>desiderantur</strong></span> <span class='ocrx_word' id='word_1_354' title='bbox 395 4101 481 4149; x_wconf 83' lang='lat' dir='ltr'><strong>verba:</strong></span> <span class='ocrx_word' id='word_1_355' title='bbox 509 4094 610 4159; x_wconf 75' lang='grc' dir='ltr'><strong><em>ιδιοςη</em></strong></span> <span class='ocrx_word' id='word_1_356' title='bbox 1051 4144 1072 4152; x_wconf 88' lang='grc'><strong>,,</strong></span> <span class='ocrx_word' id='word_1_357' title='bbox 1144 4143 1157 4151; x_wconf 90' lang='grc'><strong>,,</strong></span> <span class='ocrx_word' id='word_1_358' title='bbox 1206 4136 1212 4153; x_wconf 77' lang='grc'><strong><em>,</em></strong></span> 
     </span>
     <span class='ocr_line' id='line_1_39' title="bbox 74 4141 1306 4233; baseline 0.004 -45"><span class='ocrx_word' id='word_1_359' title='bbox 74 4163 203 4223; x_wconf 41' lang='grc' dir='ltr'><strong>θάνως’</strong></span> <span class='ocrx_word' id='word_1_360' title='bbox 222 4161 270 4215; x_wconf 54' lang='grc' dir='ltr'><strong>καὶ</strong></span> <span class='ocrx_word' id='word_1_361' title='bbox 288 4159 373 4233; x_wconf 54' lang='grc' dir='ltr'><em>ὥςπερ</em></span> <span class='ocrx_word' id='word_1_362' title='bbox 392 4167 440 4216; x_wconf 57' lang='grc' dir='ltr'><strong>τοῦ</strong></span> <span class='ocrx_word' id='word_1_363' title='bbox 459 4161 593 4232; x_wconf 50' lang='grc' dir='ltr'><strong>σώματοςι</strong></span> <span class='ocrx_word' id='word_1_364' title='bbox 715 4155 841 4216; x_wconf 63' lang='lat' dir='ltr'><strong>qayqrus</strong></span> <span class='ocrx_word' id='word_1_365' title='bbox 859 4141 983 4193; x_wconf 80' lang='lat' dir='ltr'><strong>mendosa.</strong></span> <span class='ocrx_word' id='word_1_366' title='bbox 1011 4143 1158 4193; x_wconf 81' lang='lat' dir='ltr'><strong>Edrttetaln</strong></span> <span class='ocrx_word' id='word_1_367' title='bbox 1171 4141 1306 4207; x_wconf 67' lang='grc' dir='ltr'><strong>φαγεσθε.</strong></span> 
     </span>
    </p>
   </div>
   <div class='ocr_carea' id='block_1_9' title="bbox 74 4227 1309 4579">
    <p class='ocr_par' dir='ltr' id='par_1_9' title="bbox 74 4227 1309 4579">
     <span class='ocr_line' id='line_1_40' title="bbox 104 4227 1308 4304; baseline -0.003 -16"><span class='ocrx_word' id='word_1_368' title='bbox 104 4239 128 4287; x_wconf 81' lang='lat' dir='ltr'><strong>lt.</strong></span> <span class='ocrx_word' id='word_1_369' title='bbox 147 4240 248 4299; x_wconf 68' lang='lat' dir='ltr'><strong>Sequar.</strong></span> <span class='ocrx_word' id='word_1_370' title='bbox 261 4230 422 4304; x_wconf 76' lang='grc' dir='ltr'><strong><em>παρουσίας.</em></strong></span> <span class='ocrx_word' id='word_1_371' title='bbox 457 4236 520 4286; x_wconf 83' lang='lat' dir='ltr'><strong>Editi</strong></span> <span class='ocrx_word' id='word_1_372' title='bbox 534 4246 557 4286; x_wconf 89' lang='lat' dir='ltr'><strong>et</strong></span> <span class='ocrx_word' id='word_1_373' title='bbox 569 4237 608 4285; x_wconf 88' lang='lat' dir='ltr'><strong>ulii</strong></span> <span class='ocrx_word' id='word_1_374' title='bbox 620 4227 664 4284; x_wconf 78' lang='lat' dir='ltr'><strong>od·</strong></span> <span class='ocrx_word' id='word_1_375' title='bbox 751 4250 773 4285; x_wconf 91' lang='lat' dir='ltr'><strong>n.</strong></span> <span class='ocrx_word' id='word_1_376' title='bbox 795 4235 834 4284; x_wconf 87' lang='lat' dir='ltr'><strong>Sic</strong></span> <span class='ocrx_word' id='word_1_377' title='bbox 852 4235 951 4297; x_wconf 73' lang='lat' dir='ltr'><strong>Segner.</strong></span> <span class='ocrx_word' id='word_1_378' title='bbox 986 4236 1012 4284; x_wconf 82' lang='lat' dir='ltr'><strong>lt</strong></span> <span class='ocrx_word' id='word_1_379' title='bbox 1032 4235 1071 4283; x_wconf 89' lang='lat' dir='ltr'><strong>alii</strong></span> <span class='ocrx_word' id='word_1_380' title='bbox 1083 4242 1106 4285; x_wconf 87' lang='lat' dir='ltr'><strong>at</strong></span> <span class='ocrx_word' id='word_1_381' title='bbox 1117 4228 1308 4284; x_wconf 67' lang='lat' dir='ltr'><strong>suitianoolr·</strong></span> 
     </span>
     <span class='ocr_line' id='line_1_41' title="bbox 75 4294 1307 4370; baseline 0 -19"><span class='ocrx_word' id='word_1_382' title='bbox 75 4299 139 4358; x_wconf 76' lang='grc' dir='ltr'><strong><em>σίας.</em></strong></span> <span class='ocrx_word' id='word_1_383' title='bbox 168 4305 221 4354; x_wconf 77' lang='lat' dir='ltr'><strong>tlon</strong></span> <span class='ocrx_word' id='word_1_384' title='bbox 239 4299 333 4370; x_wconf 76' lang='grc' dir='ltr'><strong><em>κύριος</em></strong></span> <span class='ocrx_word' id='word_1_385' title='bbox 349 4307 417 4354; x_wconf 83' lang='lat' dir='ltr'><strong>deest</strong></span> <span class='ocrx_word' id='word_1_386' title='bbox 435 4305 458 4355; x_wconf 87' lang='lat' dir='ltr'><strong>in</strong></span> <span class='ocrx_word' id='word_1_387' title='bbox 477 4305 626 4367; x_wconf 69' lang='lat' dir='ltr'><strong>Sequeriano</strong></span> <span class='ocrx_word' id='word_1_388' title='bbox 640 4312 664 4354; x_wconf 90' lang='lat' dir='ltr'><strong>et</strong></span> <span class='ocrx_word' id='word_1_389' title='bbox 715 4316 759 4356; x_wconf 82' lang='grc' dir='ltr'><strong>τες</strong></span> <span class='ocrx_word' id='word_1_390' title='bbox 771 4294 818 4351; x_wconf 67' lang='grc' dir='ltr'><strong>ὑπ’</strong></span> <span class='ocrx_word' id='word_1_391' title='bbox 839 4294 924 4352; x_wconf 77' lang='grc' dir='ltr'><strong><em>αὐτοῦ</em></strong></span> <span class='ocrx_word' id='word_1_392' title='bbox 941 4297 986 4353; x_wconf 74' lang='grc' dir='ltr'><strong>ἐπὶ</strong></span> <span class='ocrx_word' id='word_1_393' title='bbox 1003 4296 1102 4369; x_wconf 75' lang='grc' dir='ltr'><strong><em>ἔργοις.</em></strong></span> <span class='ocrx_word' id='word_1_394' title='bbox 1137 4301 1188 4352; x_wconf 74' lang='lat' dir='ltr'><strong>llos</strong></span> <span class='ocrx_word' id='word_1_395' title='bbox 1206 4303 1307 4367; x_wconf 70' lang='lat' dir='ltr'><strong>Sequor.</strong></span> 
     </span>
     <span class='ocr_line' id='line_1_42' title="bbox 74 4362 1306 4423; baseline 0 -1"><span class='ocrx_word' id='word_1_396' title='bbox 74 4371 177 4423; x_wconf 82' lang='lat' dir='ltr'><strong>lelalm.</strong></span> <span class='ocrx_word' id='word_1_397' title='bbox 198 4377 221 4422; x_wconf 89' lang='lat' dir='ltr'><strong>l.</strong></span> <span class='ocrx_word' id='word_1_398' title='bbox 716 4373 854 4423; x_wconf 86' lang='lat' dir='ltr'><strong>Goblarian.</strong></span> <span class='ocrx_word' id='word_1_399' title='bbox 874 4381 898 4422; x_wconf 90' lang='lat' dir='ltr'><strong>et</strong></span> <span class='ocrx_word' id='word_1_400' title='bbox 915 4373 1022 4422; x_wconf 77' lang='lat' dir='ltr'><strong>Falslrn.</strong></span> <span class='ocrx_word' id='word_1_401' title='bbox 1044 4373 1065 4421; x_wconf 93' lang='lat' dir='ltr'><strong>l.</strong></span> <span class='ocrx_word' id='word_1_402' title='bbox 1085 4380 1108 4420; x_wconf 86' lang='lat' dir='ltr'><strong>et</strong></span> <span class='ocrx_word' id='word_1_403' title='bbox 1126 4371 1150 4419; x_wconf 79' lang='lat'><strong>4.</strong></span> <span class='ocrx_word' id='word_1_404' title='bbox 1169 4362 1253 4419; x_wconf 79' lang='grc' dir='ltr'><em>πάλιν</em></span> <span class='ocrx_word' id='word_1_405' title='bbox 1268 4383 1306 4422; x_wconf 74' lang='grc' dir='ltr'><strong>τι.</strong></span> 
     </span>
     <span class='ocr_line' id='line_1_43' title="bbox 105 4434 1309 4507; baseline 0.001 -16"><span class='ocrx_word' id='word_1_406' title='bbox 105 4443 121 4491; x_wconf 91' lang='lat' dir='ltr'><strong>i.</strong></span> <span class='ocrx_word' id='word_1_407' title='bbox 145 4443 247 4501; x_wconf 74' lang='lat' dir='ltr'><strong>Seguer.</strong></span> <span class='ocrx_word' id='word_1_408' title='bbox 272 4449 296 4492; x_wconf 83' lang='lat' dir='ltr'><strong>et</strong></span> <span class='ocrx_word' id='word_1_409' title='bbox 319 4441 376 4504; x_wconf 63' lang='lat' dir='ltr'><strong>Res.</strong></span> <span class='ocrx_word' id='word_1_410' title='bbox 399 4436 556 4507; x_wconf 78' lang='grc' dir='ltr'><strong><em>γενομένου.</em></strong></span> <span class='ocrx_word' id='word_1_411' title='bbox 600 4441 663 4492; x_wconf 81' lang='lat' dir='ltr'><strong>Editi</strong></span> <span class='ocrx_word' id='word_1_412' title='bbox 716 4441 794 4491; x_wconf 82' lang='lat' dir='ltr'><strong>Ceteri</strong></span> <span class='ocrx_word' id='word_1_413' title='bbox 813 4449 837 4490; x_wconf 88' lang='lat' dir='ltr'><strong>et</strong></span> <span class='ocrx_word' id='word_1_414' title='bbox 854 4441 911 4491; x_wconf 84' lang='lat' dir='ltr'><strong>editi</strong></span> <span class='ocrx_word' id='word_1_415' title='bbox 928 4435 1011 4488; x_wconf 80' lang='grc' dir='ltr'><strong><em>πάλιν</em></strong></span> <span class='ocrx_word' id='word_1_416' title='bbox 1028 4434 1066 4488; x_wconf 77' lang='lat' dir='ltr'><strong>rt.</strong></span> <span class='ocrx_word' id='word_1_417' title='bbox 1104 4440 1309 4504; x_wconf 73' lang='lat' dir='ltr'><strong>Paulopostssu-</strong></span> 
     </span>
     <span class='ocr_line' id='line_1_44' title="bbox 75 4499 1309 4579; baseline 0.002 -21"><span class='ocrx_word' id='word_1_418' title='bbox 75 4504 227 4579; x_wconf 67' lang='grc' dir='ltr'><strong>γινομένου.</strong></span> <span class='ocrx_word' id='word_1_419' title='bbox 715 4509 777 4559; x_wconf 78' lang='lat' dir='ltr'><strong>laler.</strong></span> <span class='ocrx_word' id='word_1_420' title='bbox 795 4517 819 4560; x_wconf 83' lang='lat' dir='ltr'><strong>st</strong></span> <span class='ocrx_word' id='word_1_421' title='bbox 836 4510 941 4561; x_wconf 81' lang='lat' dir='ltr'><strong>Felolm.</strong></span> <span class='ocrx_word' id='word_1_422' title='bbox 954 4509 977 4559; x_wconf 90' lang='lat' dir='ltr'><strong>l.</strong></span> <span class='ocrx_word' id='word_1_423' title='bbox 992 4499 1185 4576; x_wconf 66' lang='grc' dir='ltr'><strong>παραβάσεος,</strong></span> <span class='ocrx_word' id='word_1_424' title='bbox 1202 4502 1309 4576; x_wconf 56' lang='lat' dir='ltr'><strong>ydram</strong></span> 
     </span>
    </p>
   </div>
   <div class='ocr_carea' id='block_1_10' title="bbox 0 0 1487 5092">
    <p class='ocr_par' dir='ltr' id='par_1_10' title="bbox 0 0 1487 5092">
     <span class='ocr_line' id='line_1_45' title="bbox 0 0 1487 5092; baseline 0 0"><span class='ocrx_word' id='word_1_425' title='bbox 0 0 1487 5092; x_wconf 95' lang='lat' dir='ltr'><strong> </strong></span> 
     </span>
    </p>
   </div>
  </div>
 </body>
</html>
