2948 5092
344 268 492 313 arrsroan
506 270 543 313 aa
559 272 701 316 oacaaris
716 274 861 321 nicasnaa
876 278 994 323 arnoni.
1247 272 1285 335 ¹9

71 420 197 493 iudaicae,
221 420 264 483 uti
287 422 348 482 iam
371 421 442 495 dixi,
465 423 612 501 nequitiae
632 422 768 486 imitatio.
813 426 965 507 Siquidem
981 431 1091 507 ludaei,
1113 452 1212 497 cuma
1229 447 1370 497 remane.

69 524 141 583 nitate
173 520 303 583 convicti
338 523 444 585 oculos
476 534 576 587 contra
605 544 670 586 eam
698 526 832 589 attollere
853 548 914 590 uon
936 532 1080 606 valerent,
1112 534 1282 599 huiusmodi

68 622 348 701 interrogatiunculis
377 642 411 685 se
439 624 631 704 obtegebant:
667 627 758 699 Quod
778 642 811 693 tu
832 631 910 709 socia
932 637 1049 712 siquam
1071 646 1107 695 ut
1128 638 1283 702 uideamus

10 758 37 789 μ
65 738 88 786 et
106 724 366 791 eredamaatibi?
413 726 495 799 Quid
516 726 682 807 operaris?
725 728 908 809 Quamquam
935 742 977 795 tot
1003 734 1086 813 signa
1108 736 1226 811 tierent,
1249 748 1282 800 ut
1291 752 1366 797 rano.

65 826 139 887 etiarn
161 825 221 907 ipsi
245 839 424 907 cogerentur
436 828 551 889 dicere:
578 829 660 901 Quid
673 822 905 911 scct'musssqnic
921 834 967 896 liic
982 835 1067 897 bomo
1083 838 1179 900 malta
1194 842 1281 918 signa

10 990 12 997 ,
63 926 152 1005 lucit?
196 928 273 989 llam
300 929 411 991 mortui
434 930 650 1002 excitabantur,
679 930 775 991 claudi
796 933 999 1008 ambulabant,
1029 936 1167 999 videbant
1189 940 1279 1013 caeci,

62 1028 161 1108 leprosi
190 1030 411 1109 purgabantur,
445 1049 520 1109 aqua
546 1030 714 1101 mutabatur
741 1032 771 1093 in
799 1033 917 1108 vinium,
952 1044 981 1096 et
1002 1036 1131 1115 quinqua
1152 1039 1279 1118 panibus

63 1130 180 1209 quinque
203 1132 300 1193 millia
322 1131 477 1193 hominum
499 1141 570 1192 sunt
591 1133 722 1193 saturati.
767 1132 843 1195 llinc
865 1154 970 1198 omncs
986 1136 1106 1215 quidem
1121 1139 1280 1203 llominum

62 1231 276 1294 admirabantur
311 1242 341 1294 et
368 1232 531 1294 adorabant
558 1232 781 1313 latabanturque
809 1234 838 1295 in
867 1236 935 1315 ipso
964 1237 1079 1317 impleri
1106 1240 1279 1318 prophetias

10 1404 12 1417 Ι
61 1352 176 1413 eumque
199 1334 297 1395 [lcum
319 1341 349 1395 st
371 1334 476 1396 Filium
497 1333 551 1397 llei
572 1354 651 1396 essa.
695 1334 758 1396 Soli
779 1344 876 1399 autem
898 1337 1058 1412 Pharisaei,
1081 1341 1199 1401 tametsi
1214 1340 1280 1403 sola

10 1426 12 1499 f
63 1434 174 1497 duriora
202 1442 291 1497 eraut
318 1435 421 1515 signa,
452 1434 645 1497 nibilominus
673 1445 811 1517 tauquam
840 1438 967 1515 imperiti
995 1440 1219 1501 murmurabant
1248 1450 1278 1503 ct

10 1534 12 1541 '
62 1534 181 1597 aiebant:
205 1538 308 1609 Quare
331 1550 365 1600 tu
388 1538 474 1599 bomo
498 1556 563 1599 cum
584 1541 626 1599 sis
647 1538 727 1615 socia
750 1542 877 1619 teipsum
890 1538 1010 1599 Decem?
1039 1540 1127 1621 Stulti
1141 1542 1276 1621 prolecto

64 1656 178 1717 neceque
207 1648 309 1699 mente
337 1640 433 1713 caeci,
459 1656 535 1717 quos
564 1637 676 1699 scilicet
696 1637 795 1717 potius
818 1638 857 1699 ita
878 1640 961 1717 loqui
983 1640 1147 1702 decuisset:
1177 1642 1276 1713 Quare

10 1810 13 1823 ,
63 1738 183 1801 tullens
206 1758 275 1803 cum
299 1741 342 1801 sis
366 1739 457 1801 homo
479 1740 574 1801 lactus
596 1736 654 1801 cs?
699 1738 850 1817 Siquidem
872 1738 965 1801 lleum
988 1740 1069 1801 illurn
1093 1760 1162 1802 esse
1184 1760 1276 1821 opera

63 1838 115 1918 ipsa
135 1841 345 1903 ostendebant.
390 1841 432 1901 lta
454 1842 533 1901 cuim
556 1838 597 1901 illi
619 1838 754 1901 ctPatris
777 1840 986 1919 benignitatem
1002 1842 1130 1903 luissent
1146 1844 1275 1905 venerati

10 1930 12 1955 '
63 1950 87 1999 et
107 1942 184 2003 illius
213 1942 319 2003 factam
352 1943 447 2003 nostri
475 1960 562 2003 caiisa
591 1942 843 2022 dispensationem
865 1962 925 2003 non
948 1943 1118 2021 potuissent
1139 1962 1199 2004 nou
1220 1944 1275 2004 atl-

64 2042 161 2103 uirari.
208 2042 316 2105 l'eium
340 2053 452 2106 tanturn
475 2042 585 2115 aberat,
608 2050 641 2103 ut
662 2041 692 2102 id
715 2042 856 2113 di'ceraut,
881 2052 914 2103 ut
935 2044 1023 2105 ctiam
1046 2063 1101 2105 noc
1123 2062 1196 2122 quae
1219 2046 1274 2102 lio-

62 2140 119 2203 bant
139 2144 249 2207 uellent
271 2144 387 2215 i'itlerm
410 2145 454 2205 nel
478 2142 504 2204 si
524 2144 663 2205 videbant
676 2145 743 2217 (nec
758 2144 837 2205 entim
852 2144 909 2205 ista
924 2154 1061 2223 poterant
1075 2164 1136 2205 uon
1151 2144 1274 2221 videre),

63 2262 154 2307 nurus
177 2244 215 2307 ad
237 2246 326 2307 aliaru
348 2245 554 2326 confugiebant
575 2244 734 2323 querclam.
779 2246 839 2305 Cur
853 2244 993 2319 Sabbata,
1016 2247 1196 2325 inquiebant,
1217 2264 1273 2325 pa-

62 2344 199 2425 raliticum
222 2366 311 2409 sanas
333 2357 363 2409 et
379 2332 480 2409 'visum
502 2366 589 2409 cacco
611 2354 681 2407 irato
705 2344 863 2407 restituis?
906 2346 986 2409 llaec
1006 2357 1103 2409 nantem
1119 2348 1274 2428 specmsae

61 2446 197 2509 bauran
219 2468 328 2511 causae
350 2459 442 2521 erant,
464 2448 594 2528 nihilque
616 2448 704 2520 aliud,
726 2447 784 2509 nisi
806 2466 919 2509 mamm
941 2467 1084 2510 murmur.
1127 2448 1172 2509 llli
1195 2448 1274 2509 enim

61 2548 151 2624 etum,
173 2570 244 2611 curu
266 2550 332 2611 aliis
355 2549 460 2612 dicbus
482 2549 624 2611 Dominus
647 2568 766 2611 onninem
788 2548 924 2611 morbum
947 2559 978 2610 et
999 2549 1196 2612 infirmitatem
1219 2569 1271 2609 sa·

62 2662 147 2723 naret,
177 2670 264 2713 more
285 2652 375 2713 solito
398 2651 654 2729 conquerebantur
676 2651 881 2730 rniailchantqne
901 2651 1056 2713 llcelarhul
1079 2669 1145 2711 eum
1169 2647 1271 2727 appel·
1322 2644 1327 2655 '

61 2750 141 2813 lantes
175 2754 207 2813 iu
230 2752 390 2833 impictatis
413 2752 613 2833 suspicionem
636 2752 753 2823 venire,
783 2770 870 2831 quani
891 2752 1042 2832 propriam
1066 2752 1193 2813 abiicere
1214 2767 1270 2809 ne-

10 2848 12 2857 '
61 2854 179 2929 quitiam.
224 2854 302 2915 lliuc
322 2854 391 2917 licct
405 2854 540 2917 Salvator
561 2854 651 2915 variis
673 2853 832 2955 multiqque
854 2854 950 2913 modis
973 2872 1056 2914 suam
1078 2853 1142 2932 ipsc
1164 2849 1272 2911 divini-

61 2962 135 3016 tatem
159 2956 352 3034 patelaceret,
375 2954 529 3034 Patrisque
552 2954 751 3032 cugnnitionem
774 2972 878 3015 omncs
901 2953 1055 3027 edoceret,
1078 2953 1120 3014 illi
1142 2952 1220 3014 velut
1240 2951 1272 3011 in

10 3104 12 3109 .
62 3056 187 3117 stimulos
210 3056 413 3129 calcitrantes,
436 3056 526 3117 stulte
548 3056 726 3115 blaterantes
749 3054 1002 3127 contradicebant,
1031 3055 1118 3134 idquc
1138 3063 1270 3115 tantum-

61 3158 135 3217 modo
157 3166 192 3217 ut
214 3158 296 3217 iuxta
319 3157 449 3219 divinum
470 3156 658 3237 prouerbium
681 3156 852 3233 excogitatis
876 3156 1081 3217 occasionibus
1104 3176 1137 3215 se
1154 3154 1272 3233 ipsosa

61 3258 166 3321 usitate
189 3266 374 3337 separarent.

127 3466 157 3525 2.
205 3462 309 3540 ltaque
331 3460 439 3529 ludaei,
462 3460 513 3540 qui
534 3470 593 3521 tam
614 3460 749 3541 improbe
764 3458 921 3519 hominum
942 3458 1097 3537 negabant,
1120 3458 1184 3519 iure
1204 3477 1270 3519 me-

56 3562 100 3623 rito
121 3574 150 3626 et
174 3564 274 3643 legum
299 3572 328 3623 et
351 3562 492 3633 omnium,
515 3580 590 3641 eponae
611 3560 749 3624 Patribus
771 3559 921 3642 promissa
936 3560 1029 3631 luera,
1053 3568 1187 3639 expertes
1202 3560 1270 3621 lacti

56 3678 120 3726 sunt
166 3665 269 3726 Ariani
293 3682 374 3737 reru,
398 3664 447 3743 qui
469 3662 595 3725 ludaeos
617 3662 706 3725 hodie
728 3661 889 3735 imitantur,
912 3661 1039 3739 Caiphae
1062 3670 1090 3720 ct
1112 3662 1270 3723 Pharisae-

55 3784 125 3829 onmn
155 3768 230 3828 mihi
254 3766 392 3827 ridentur
414 3782 483 3827 essa
503 3765 582 3827 haud
605 3764 774 3825 dissimiles.
819 3762 892 3823 Cum
914 3762 993 3823 enirn
1016 3780 1100 3822 suam
1122 3762 1270 3823 haeresim

55 3868 128 3943 niilnil,
166 3868 248 3949 quod
278 3866 388 3929 rationi
411 3866 451 3928 sit
471 3876 722 3937 cousentaneum,
752 3865 904 3926 conitincrc
934 3864 1065 3935 rideant,
1099 3863 1271 3925 amasiones

54 3974 149 4047 pariter
171 3972 366 4051 contingunt,
397 3988 463 4028 curn
485 3968 543 4029 hoc
564 3979 649 4048 pacto
672 3970 869 4044 interrogant:
901 3966 961 4026 Cur
982 3966 1040 4024 hoc
1061 3965 1161 4042 potius
1184 3983 1271 4042 quam

10 4100 15 4141 t
53 4072 106 4135 itan
127 4075 276 4154 scriptum
301 4068 378 4133 ast?
421 4070 527 4131 l'arum
550 4088 588 4131 ue
609 4070 743 4141 niircris,
766 4069 792 4129 si
816 4086 892 4128 inuito
913 4067 952 4127 ita
974 4084 1007 4125 se
1030 4073 1146 4137 garant:
1175 4066 1269 4143 siqui-

53 4292 81 4343 li.
98 4298 117 4345 l.
135 4290 299 4363 προφάσεις
324 4288 403 4350 taret
418 4282 487 4355 ἀνὴρ
505 4284 632 4355 βουλόμε-
687 4292 723 4338 nis
748 4290 798 4337 suis
823 4286 929 4351 querelis
954 4286 1095 4335 occasiones
1114 4284 1269 4349 quaerebant,

49 4374 83 4415 'ti'
92 4364 265 4431 χωρίζεσθαι
287 4352 348 4410 ἀπὸ
366 4352 469 4425 φίλων.
507 4362 533 4409 hl
551 4367 632 4417 cst,ut
686 4367 710 4406 ut
729 4374 741 4405 a
760 4356 857 4405 veritate
875 4354 1025 4403 accederent.
1074 4418 1079 4429 ι
1256 4418 1260 4425 Ι

48 4428 218 4499 altivagas.
239 4430 507 4493 occasionesqucerit,
527 4428 631 4492 quivult
719 4440 739 4473 a.
758 4425 798 4472 Sic
822 4422 908 4483 llegius
931 4435 976 4469 ms.
1018 4420 1081 4470 Edita
1102 4432 1158 4467 raia
1184 4424 1207 4465 ct
1230 4416 1270 4465 alu

146 4512 172 4557 a
191 4490 284 4559 abaco,
325 4500 370 4548 sie
390 4508 479 4559 nempe
496 4494 575 4545 notin
592 4510 632 4543 a·
683 4486 736 4555 μὲν
752 4484 815 4557 γάρ.
1031 4550 1071 4603 ν
