2948 5092
434 1015 477 1105 s
509 1015 793 1108 uafluuusu
824 1017 1226 1111 Aaouuotsoou
1265 944 1272 954 ¹

684 1172 979 1249 ORATIONES

613 1324 797 1387 CONTRA
823 1325 1038 1388 ARIANOS.
1144 1425 1146 1429 ι

647 1716 1004 1774 AOMONITIO.

125 1893 201 1937 ΗΜ,
295 1866 317 1925 1.
362 1865 517 1927 Historiae
545 1866 732 1928 Arianorum
763 1868 803 1928 ad
832 1867 994 1929 Monoohos
1024 1885 1042 1926 o
1070 1865 1103 1926 S.
1133 1866 1300 1929 Athanasio
1330 1872 1442 1930 missae

209 1967 389 2047 suhiunaere
413 1971 513 2028 uisum
535 1980 580 2030 est
602 1977 735 2048 quatuor
760 1968 920 2030 Orationes
943 1979 1052 2031 contra
1074 1968 1215 2030 Arianos.
1251 1967 1388 2049 Namque
1402 1975 1439 2042 si,

208 2078 243 2130 ut
264 2068 487 2131 rtonnuHorum
508 2079 554 2129 est
576 2073 740 2140 sententio,
775 2069 828 2130 hoo
851 2073 949 2149 opstent
974 2069 1057 2148 Opus
1086 2079 1145 2138 est,
1180 2070 1259 2149 osted
1286 2089 1349 2132 rtna
1372 2090 1440 2132 oum

208 2168 395 2231 Arianorans
418 2170 549 2232 historio
570 2171 610 2231 ad
624 2169 795 2232 Μουσαίου
817 2175 901 2233 misit
922 2169 954 2230 S.
979 2171 1178 2241 Athanasius,
1205 2176 1359 2251 proprius
1392 2173 1440 2234 hia

208 2275 271 2332 eius
297 2272 379 2333 locros
407 2281 464 2332 est.
509 2270 568 2334 Sed
596 2275 625 2333 si
650 2270 707 2332 alii
728 2271 921 2351 prohohiiius
950 2275 1137 2343 ruistiment,
1172 2271 1242 2333 illos
1274 2272 1437 2335 Orationes

207 2371 294 2433 olias·
304 2372 397 2452 piane
421 2391 486 2434 esse
508 2373 544 2434 ah
565 2373 663 2452 Opere
686 2373 725 2433 od
740 2373 902 2434 Monaohos
924 2377 1027 2448 misso,
1050 2391 1103 2434 neo
1124 2375 1237 2434 idcirco
1252 2376 1439 2436 incommode

207 2473 254 2534 hic
278 2472 476 2540 collocantur.
524 2475 597 2537 Oum
618 2478 696 2535 anr'rn
718 2484 848 2545 constet,
879 2492 929 2535 eos
955 2487 1030 2553 post
1056 2479 1212 2536 intrusum
1235 2475 1437 2554 Georaiumo

206 2587 312 2636 sonato
335 2575 501 2637 Athanasio
531 2577 563 2634 in
593 2576 757 2637 solitudine
786 2586 849 2637 tum
871 2577 992 2654 deoente
1014 2595 1078 2637 essa
1107 2580 1304 2655 compositas,
1335 2586 1438 2655 potest

204 2680 308 2756 atique
335 2677 408 2757 heri
432 2689 468 2738 ut
495 2675 566 2737 illas
594 2680 719 2740 nonnisi
735 2687 809 2756 post
830 2675 1000 2754 Epistolano
1026 2687 1181 2758 ceteroque
1210 2678 1249 2737 od
1271 2677 1435 2739 Monaohos

204 2780 298 2838 missa
324 2777 425 2857 Opera
448 2781 627 2856 sorthserit3
659 2797 730 2839 nont
751 2796 809 2859 ouo
833 2778 953 2859 definite
983 2797 1063 2839 anno
1093 2781 1283 2858 conscriptae
1304 2780 1434 2857 suerint,

207 2888 289 2940 certo
324 2880 383 2939 diei
408 2897 472 2940 reon
496 2890 608 2959 potest.
654 2878 714 2941 Sed
743 2878 776 2940 de
805 2879 851 2941 his
878 2880 982 2957 sosius
1013 2882 1046 2940 in
1074 2879 1270 2957 Praefatione
1297 2880 1437 2958 uenerati

207 2979 247 3056 [p.
264 2978 408 3054 XXXV.];
438 2991 536 3041 cetera
558 3000 654 3051 renuo,
686 2998 762 3061 quae
790 2979 830 3040 ad
850 2984 932 3059 ipsos
956 2970 1092 3041 adtinent
1117 2980 1294 3049 Orationes.
1321 2999 1435 3060 prose-

205 3098 344 3159 quantur.

290 3179 325 3239 11.
370 3178 474 3258 Supra
493 3185 608 3260 paoino
622 3184 695 3245 269.
717 3185 751 3243 in
772 3182 981 3243 Admonitione
1003 3186 1035 3242 in
1056 3181 1223 3260 Epistolono
1243 3181 1435 3262 Eucyoh'eom

203 3267 244 3341 od
265 3280 432 3361 Episcopos
455 3282 580 3360 Aeoypti
600 3295 628 3344 et
650 3283 757 3362 hihyae
779 3289 839 3345 iano
863 3285 1100 3359 observavimus,
1127 3294 1260 3364 quatuor
1282 3284 1435 3347 dusstaaat

204 3400 269 3443 esse
294 3382 457 3443 Orationes
489 3393 596 3444 contra
618 3385 766 3460 Arianos,
801 3403 863 3446 non
891 3389 1034 3465 quinque,
1067 3396 1103 3446 ot
1131 3384 1187 3445 olii
1212 3385 1287 3446 editi
1314 3385 1433 3459 hahent,

202 3489 357 3565 ipsamque
379 3482 567 3563 Enoyolioant
589 3484 757 3565 Epistolon
785 3488 821 3548 oh
844 3486 906 3548 iltis
932 3486 1131 3547 Orationibus
1152 3491 1274 3565 pertitus
1298 3505 1363 3548 esse
1385 3489 1433 3549 di-

201 3589 362 3657 stiuotam3
392 3603 497 3646 verano
526 3604 635 3665 operae
665 3591 797 3668 pretium
819 3598 865 3649 est
884 3588 1006 3666 plenius
1030 3587 1076 3648 hio
1099 3606 1133 3649 ea
1156 3588 1190 3649 de
1213 3607 1247 3648 re
1271 3589 1431 3650 disserere.

202 3685 289 3747 Inter
310 3705 342 3747 sa
375 3705 437 3748 non
461 3691 654 3750 oootseutiunt
675 3691 879 3769 manuscripti
901 3689 1021 3751 Codices
1044 3693 1077 3749 in
1097 3690 1281 3768 assignando
1303 3708 1431 3752 numero

204 3787 386 3849 Orationuot
409 3799 516 3851 contro
536 3790 679 3851 Arianos.
724 3789 927 3868 Seouerianus
951 3794 1081 3870 optimae
1100 3802 1192 3853 uotae
1216 3790 1316 3852 Codeta
1342 3795 1432 3871 quin-

201 3907 256 3968 que
284 3901 440 3959 numerat,
476 3908 606 3969 quorsom
631 3894 732 3970 priona
759 3900 805 3952 est
832 3890 971 3972 Epistola
1001 3890 1160 3970 Euoyotiao
1192 3892 1232 3952 ad
1262 3890 1430 3972 Episcopos

200 3991 328 4070 Aeoypti
347 3999 375 4051 et
397 3989 520 4069 hihyoe,
554 3993 594 4052 ad
622 3996 707 4054 ouius
736 3996 856 4055 initium
885 3996 918 4054 in
944 3996 1079 4071 maraine
1109 3993 1180 4054 haee
1212 4005 1285 4057 noto
1308 3992 1429 4073 leoitur,

201 4110 289 4172 quam
311 4090 465 4152 noluimus
489 4095 642 4153 omittere:
666 4077 763 4168 οὗτος
786 4085 804 4155 ὃ
827 4089 975 4158 ἐνταῦθα
997 4093 1130 4175 πρῶτος
1145 4089 1242 4175 λόγος
1256 4092 1315 4156 τοῦ
1333 4086 1427 4176 ἁγίου

197 4183 405 4255 Ἀθαυασίου
423 4188 456 4255 ἓν
470 4212 541 4256 τισι
555 4192 621 4256 τῶν
644 4184 856 4280 ἀντιγράφων
867 4197 1022 4278 τέταρτος
1038 4197 1183 4279 φέρεται.
1207 4190 1263 4258 καὶ
1284 4195 1429 4278 Σεβῆρος

201 4291 237 4357 δὲ
260 4285 278 4356 ὃ
301 4288 456 4377 δυςοεβὴς
478 4289 513 4357 ἐν
533 4293 581 4377 τῷ
610 4286 748 4378 εἰκοστῷ
770 4299 870 4381 τρίτῳ
899 4295 1069 4381 κεφαλαίῳ
1097 4296 1157 4360 τοῦ
1187 4299 1299 4379 τρίτου
1328 4292 1427 4380 λόγου

200 4393 266 4457 τῶν
294 4391 378 4460 κατὰ
398 4393 458 4457 τοῦ
478 4398 642 4478 μακαρίου
661 4386 811 4463 Ἰωάννου
833 4398 892 4462 τοῦ
916 4392 1103 4464 ἐπισκόπου
1125 4400 1330 4483 Καισαρείας
1351 4400 1426 4461 Πα-
