2948 5092
520 235 627 298 oslrro
644 253 682 297 rr.
699 254 815 298 courel
828 254 964 300 nmmos.
1237 238 1240 245 ’
1284 244 1346 309 613
1402 284 1406 291 .

121 407 197 470 illud
218 405 349 470 Verbum
371 424 440 468 earu
462 405 648 478 factumest,
670 403 702 466 in
723 422 783 485 quo
806 405 905 467 omnia
928 406 1003 469 laeta
1024 406 1188 482 edulf-nec
1209 409 1346 474 Christus
1355 427 1432 471 neat.

120 516 172 570 est
192 508 225 570 in
245 507 334 572 Patre
354 507 493 580 Verbum,
515 525 570 586 per
591 506 671 585 quod
693 507 794 569 omnia
815 508 891 569 laete
913 516 994 582 sunt,
1016 509 1107 589 igitur
1128 509 1263 573 Christus
1284 492 1349 576 non

120 612 219 672 laetus
241 617 290 672 eet
309 628 389 683 earo,
413 609 466 670 sed
489 610 564 670 sorte
580 608 718 671 Christus
731 607 863 671 Verbum
885 609 1049 689 appellatus
1073 620 1130 674 eet.
1174 592 1262 686 Quod
1279 615 1348 695 qui·

120 712 193 773 dem
224 711 252 772 si
273 730 376 773 rerum
404 719 464 783 est,
497 710 595 789 primo
627 709 701 771 alius
729 710 788 773 erit
816 728 903 789 quem
934 711 983 790 qui
1013 714 1135 774 nomine
1156 714 1348 793 significetur,

119 812 230 874 deinde
258 830 319 903 quon
346 830 401 892 per
423 830 492 873 eum
515 810 613 872 omniu
636 812 711 872 iacta
731 818 835 884 erunt,
858 811 911 873 sed
933 811 1055 888 inibo,
1077 814 1108 875 in
1131 834 1190 894 quo
1212 815 1348 879 Christus

119 931 241 993 quoque
268 913 334 992 ipse
355 914 449 975 laetus
471 920 527 975 eet.
573 910 626 973 Sin
647 919 747 974 eutem
767 911 911 988 dixerint,
939 913 1114 993 sapientiam
1137 916 1167 978 iu
1188 916 1275 979 Patre
1297 919 1346 980 in·
1394 992 1403 1002 q

122 1023 189 1076 star
210 1014 358 1094 qualitatis
381 1033 463 1088 esse,
491 1014 539 1076 rel
568 1032 635 1075 eum
658 1012 833 1093 sapientiem
853 1013 950 1095 ipsam
971 1032 1058 1099 pse,
1086 1035 1161 1096 quae
1183 1037 1272 1099 supra
1293 1038 1346 1083 rea

122 1115 297 1177 censuimus
320 1114 447 1177 absurda
467 1114 640 1178 necessario
663 1122 893 1194 consequentur,
914 1114 1052 1180 videlieet
1064 1135 1133 1179 eum
1149 1119 1347 1198 compositum

119 1235 204 1291 esse,
227 1217 333 1297 suique
354 1217 452 1298 ipsius
475 1235 544 1278 esse
565 1224 679 1296 patrem
702 1223 732 1278 et
751 1216 854 1280 filium.
897 1219 1006 1281 Verum
1027 1220 1206 1299 coarguendi
1222 1220 1263 1281 illi
1278 1226 1351 1285 sttui

119 1326 155 1380 et
176 1318 357 1380 confutandi.
402 1318 554 1398 Siquidem
575 1318 715 1394 Verbum,
741 1319 820 1398 quod
842 1319 873 1379 in
894 1318 957 1381 Deo
980 1327 1041 1392 eet,
1064 1339 1120 1383 nee
1141 1330 1272 1385 ereetum
1290 1314 1352 1387 'rt'ett

120 1438 161 1482 ex
192 1418 286 1481 nihilo
318 1427 418 1499 potest
450 1438 528 1481 esse.
584 1419 616 1480 Si
648 1419 718 1481 item
751 1420 880 1482 Verbum
911 1421 942 1482 in
975 1422 1037 1483 lieo
1071 1431 1134 1498 est,
1170 1424 1235 1504 ipse
1268 1428 1350 1486 cem

119 1520 261 1583 Christus
293 1523 398 1595 luerit,
433 1523 483 1600 qui
517 1521 573 1582 ait:
593 1522 668 1611 ‘llqo
701 1525 735 1584 irs
762 1520 856 1586 Patre
888 1534 917 1585 et
945 1522 1038 1586 Peter
1065 1530 1099 1586 ais
1125 1545 1170 1588 me
1197 1535 1259 1600 eet3
1298 1523 1349 1604 φῆ

118 1622 204 1684 idem
225 1622 336 1684 idcireo
358 1623 528 1702 unigenitus
551 1631 607 1696 est,
630 1622 697 1700 quia
719 1623 818 1685 nullus
839 1623 915 1686 alius
937 1642 974 1686 ex
992 1644 1030 1687 eo
1044 1625 1081 1687 sit
1097 1627 1222 1705 genitus.
1265 1625 1351 1688 Unus

119 1724 173 1786 bio
202 1732 249 1786 eet
270 1724 378 1798 Filius,
407 1725 457 1804 qui
479 1734 508 1785 et
530 1723 674 1796 Verbum,
694 1724 849 1803 sapientia
877 1732 910 1788 el
934 1727 1031 1789 virtus
1052 1727 1115 1788 sive
1135 1726 1270 1807 potentii
1292 1734 1349 1791 eet.

118 1826 285 1910 Neo'enim
301 1826 343 1888 ‘er
366 1827 415 1888 bio
436 1836 482 1888 est
504 1826 685 1908 compositus
700 1825 790 1901 Deua,
813 1824 867 1889 sed
888 1826 997 1891 borum
1019 1837 1065 1891 est
1087 1830 1213 1909 genitor.
1256 1827 1350 1890 Nem·

118 1944 182 2006 que
204 1927 453 2006 quemadmodum
475 1945 525 1988 res
548 1936 662 1988 creatas
685 1916 783 1989 Verbo
805 1928 953 2007 producit,
976 1929 1018 1992 ite
1031 1930 1196 1999 secundm
1210 1928 1352 2009 propriae

67 2098 70 2103 ,
119 2028 274 2090 essentiae
295 2037 429 2090 naturam
452 2027 581 2089 Verbum
604 2028 706 2107 gignit,
727 2046 782 2108 per
804 2029 884 2108 quod
906 2029 1006 2091 omnia
1027 2030 1126 2104 eilieit,
1149 2038 1230 2093 creat
1250 2038 1282 2092 et
1295 2029 1351 2091 ad*

120 2129 281 2206 ministret.
326 2129 476 2213 Siquidem
500 2129 599 2190 omnia
621 2128 719 2190 Verbo
742 2137 773 2191 et
793 2131 937 2209 sapientia
958 2132 1128 2205 factasunt,
1152 2134 1276 2212 eiusque
1290 2132 1437 2209 img'reer.

120 2230 211 2310 perio
233 2230 370 2291 universa
393 2239 595 2308 perseverant.
640 2231 723 2293 ldetn
744 2239 841 2293 eutem
865 2231 902 2292 de
916 2231 991 2293 Filio
1015 2232 1188 2307 dicendum
1209 2231 1354 2293 nimirum

120 2333 149 2394 ei
179 2331 255 2393 nihil
287 2331 381 2410 gignit
400 2330 498 2405 Deus,
527 2332 601 2393 nibil
630 2333 701 2393 item
729 2331 789 2412 agit
815 2331 880 2394 eive
900 2332 1006 2406 efficit,
1028 2349 1097 2394 narn
1120 2332 1185 2394 eius
1207 2335 1285 2395 letus
1307 2339 1365 2395 eet·

82 2498 87 2505 ,
120 2433 228 2507 Filius,
250 2451 413 2513 perquem
436 2433 504 2512 agit.
550 2433 604 2494 Sin
627 2433 735 2506 minus,
758 2433 794 2493 ed
817 2432 937 2495 easdem
958 2432 1208 2512 interrogationes
1231 2433 1352 2495 eadem·

119 2553 183 2615 que
205 2534 335 2596 absurda
355 2535 543 2614 impudentes
565 2534 596 2595 bi
619 2534 755 2595 homines
779 2534 978 2595 revolventur.
1362 2590 1374 2610 „

212 2642 242 2701 5.
287 2636 331 2697 Ex
358 2635 607 2697 Deuteronomio:
645 2635 701 2698 Vos
730 2646 845 2706 seiten,
874 2637 928 2716 qui
953 2633 1124 2696 adhaeretis
1147 2636 1266 2697 domiuo
1288 2635 1355 2698 Deo

122 2751 246 2810 vestro,
277 2741 379 2799 vivitis
407 2739 547 2798 uniuersi
575 2738 722 2799 bodierteo
749 2737 804 2798 die.
848 2735 892 2796 llx
913 2733 961 2796 bis
982 2735 1082 2796 verbis
1106 2735 1265 2797 discrimen
1287 2733 1355 2797 Filii

122 2848 156 2902 et
177 2858 278 2901 rerum
300 2847 462 2901 creatarum
485 2839 553 2899 licet
574 2838 754 2918 perspieere,
776 2836 999 2916 intelligereqne
1019 2837 1126 2898 lilium
1147 2836 1201 2898 Dei
1223 2843 1355 2899 creatum

123 2941 249 3004 minime
272 2959 349 3002 esse.
393 2940 479 3001 Enim
502 2958 571 3025 vero
587 2939 679 3003 lilius
700 2936 787 3003 dioto:
809 2937 871 3018 llqo
893 2947 923 3001 et
936 2938 1031 3001 Peter
1051 2958 1147 3000 unum
1163 2958 1286 3013 sumum
1308 2945 1355 3002 et:

126 3043 190 3123 qu
211 3046 245 3104 eie
266 3043 359 3104 Putre
381 3054 409 3103 et
431 3041 524 3104 Peter
548 3046 580 3103 in
601 3060 647 3104 me
668 3051 729 3112 eet,
761 3058 812 3102 res
841 3047 940 3101 autern
969 3040 1063 3102 leone
1089 3058 1156 3100 cum
1184 3039 1358 3119 proliciunt,

123 3144 258 3206 Domino
288 3144 458 3205 adbaerent.
503 3143 615 3222 Nempe
638 3141 767 3204 Verbum
796 3148 934 3221 tanquam
954 3138 1111 3222 proprium
1133 3149 1180 3202 est
1200 3140 1231 3201 in
1254 3140 1356 3216 Patre,

122 3256 158 3307 at
177 3263 228 3307 res
250 3246 360 3318 laetae,
383 3253 415 3305 ut
436 3252 507 3322 pote
529 3263 603 3322 quae
626 3243 811 3305 extrinsecus
833 3242 981 3316 existunt,
1008 3241 1186 3315 adbaeren13
1213 3241 1358 3305 nimbum

124 3348 244 3408 uaturd'
261 3330 379 3406 alienae
403 3352 487 3417 sunt,
516 3345 665 3405 voluntate
687 3351 785 3406 numm
807 3343 978 3405 adbaerent.
1022 3341 1140 3402 Etenim
1161 3341 1272 3417 Filius,
1304 3340 1356 3421 qui

122 3449 235 3509 nature
265 3455 325 3516 est,
360 3453 451 3507 imum
481 3453 527 3506 est
556 3465 623 3508 cum
645 3445 795 3535 genitore,
818 3443 960 3525 quivero
983 3443 1169 3505 extrinsecus
1190 3443 1357 3521 adoptatur,

123 3546 231 3628 generi
252 3545 420 3625 adiungitur
435 3546 498 3607 sive
513 3546 662 3608 adhaeret
697 3544 775 3610 llino
784 3543 883 3607 statim
896 3543 1012 3607 subdit:
1037 3544 1124 3618 Quae
1138 3547 1223 3607 estio
1237 3557 1356 3622 mne,

123 3653 180 3713 eui
198 3647 283 3710 Deua
311 3647 561 3730 appropinquet?
609 3649 648 3709 Et
675 3644 760 3711 alibi:
792 3645 875 3710 Dese
903 3647 1154 3727 appropinqueris
1175 3662 1239 3724 eqo.
1282 3641 1359 3705 Nam
1448 3634 1454 3641 ’

124 3883 174 3934 qee
184 3868 369 3932 importunitates
381 3869 552 3932 impudentibus
568 3867 618 3916 illis
636 3883 718 3917 oecur-
803 3867 819 3914 l.
844 3865 886 3916 Sie
902 3864 959 3930 lies.
983 3873 1007 3916 et
1023 3865 1123 3928 Segaer.
1158 3866 1187 3912 lt
1204 3861 1244 3912 elii
1260 3868 1284 3911 et
1301 3859 1361 3913 stin

126 3943 187 3987 ml.
222 3936 271 3986 ttos
288 3942 377 3997 mem,
403 3938 443 3999 qui
458 3937 504 3985 lieo
531 3937 632 3999 epporiti
648 3936 717 3985 eddi·
767 3927 820 3999 μέν
837 3933 957 3983 omittunt.

127 4006 206 4069 otique
223 4018 316 4063 eumue,
343 4017 478 4066 quaeremus
497 4018 546 4052 eum
565 4004 589 4051 in
607 4005 649 4052 hoe
666 4004 717 4065 ipro
803 4016 827 4063 g.
845 4000 932 4077 lleqius
948 3993 1066 4063 καὶγὰρ
1084 3988 1150 4050 υἱός.
1194 3997 1294 4071 Sequor.
1310 3986 1361 4073 περὶ

126 4072 174 4122 die.
211 4072 238 4121 ln
257 4070 310 4119 eliis
329 4070 386 4119 item
407 4071 553 4119 editionibus
572 4084 618 4118 uon
638 4069 718 4118 minos
769 4061 824 4133 γὰρ
842 4080 888 4115 και
904 4059 970 4121 υἱός.
1016 4067 1095 4115 Ceteri
1119 4072 1143 4113 et
1166 4063 1222 4113 editi
1239 4073 1286 4109 sot
1301 4072 1359 4127 γαρ
1400 4068 1403 4073 “

125 4138 192 4188 male
209 4137 364 4188 emendatum
383 4144 420 4187 est
437 4138 483 4187 boe
502 4136 588 4186 modo:
615 4137 720 4193 Quodsi
769 4130 816 4184 eui
839 4127 854 4182 ὅ
876 4126 943 4187 υἱός.
985 4133 1036 4183 lior
1060 4131 1165 4182 Felelm.
1181 4129 1205 4179 2.
1232 4138 1257 4179 et
1285 4126 1360 4179 editln

128 4207 190 4256 illud
206 4213 249 4256 ete.
268 4205 440 4269 impudentibus
457 4208 510 4255 istis
528 4211 661 4265 occurrent,
690 4218 720 4254 ee
771 4202 890 4254 Commel·
909 4191 925 4249 d
943 4195 972 4250 δὲ
989 4192 1101 4256 ἔξωθεν,
1120 4196 1244 4247 mendose.
1333 4212 1339 4273 ζ

125 4275 169 4323 illo
187 4273 375 4324 demeroaomii:
394 4271 439 4322 Vos
457 4282 535 4322 autern
555 4272 595 4336 qni
614 4272 663 4320 lieo
674 4285 719 4334 ep·
804 4270 828 4320 b.
846 4268 888 4320 Sie
911 4267 1069 4331 manuscripti
1099 4266 1204 4327 codiees.
1250 4262 1280 4313 lt
1300 4260 1361 4314 stad

125 4340 201 4404 positi
218 4338 358 4403 eddietique
368 4341 435 4401 entis,
451 4341 558 4405 quaerite
569 4353 623 4388 enm
635 4340 659 4388 in
673 4339 720 4389 boe
769 4334 874 4392 ποιῶν,
899 4348 1037 4400 perperam.
1079 4332 1188 4401 Nunnius
1210 4331 1268 4381 item
1282 4328 1364 4410 ¹rertll

123 4409 183 4473 ipso
201 4409 250 4459 die.
768 4407 816 4523 gei
833 4407 888 4468 feeit
904 4410 994 4468 uestem
1009 4414 1125 4465 meam,
1143 4396 1364 4466 0⁸in

791 4487 841 4522 eur.
