2948 5092
482 202 628 266 x'rrsrom
643 221 679 264 an
696 220 875 266 arrcrrrou.
1072 244 1075 249 ·
1220 201 1282 279 839

53 379 161 444 factori
184 384 357 456 exaequant,
381 372 613 441 et‘arbinantur
633 365 884 451 posse'lieitatem
900 377 1102 440 accessionem
1118 380 1371 456 admitterentur.

53 464 254 563 ignorantque
284 487 344 537 nou
366 483 489 556 propter
516 482 704 552 augmentum
729 473 851 535 Deitatis
875 475 1002 538 Verbum
1029 498 1147 543 earnem
1175 484 1284 546 laetum

55 603 136 656 esse,
159 581 213 643 sed
234 589 268 641 ut
289 596 358 640 earo
381 586 561 656 resurgeret,
584 593 684 664 neque
702 584 735 636 ut
756 578 953 654 praestantius
968 580 1143 644 redderetur
1157 582 1284 646 Verbum

56 703 95 748 ex
115 682 208 746 llaria
227 680 387 760 prodiisse,
414 679 468 741 scd
490 686 524 740 ut
544 678 704 739 humanum
726 695 819 755 genus
841 679 1009 740 redimeret.
1055 682 1114 743 Cur
1135 702 1206 762 ergo
1230 704 1284 746 ex-

48 760 203 858 istimant,
224 799 334 860 eorpus
357 799 373 841 a
394 780 491 842 Verbo
514 779 678 840 redemtum
700 786 730 839 et
750 779 927 873 vivificatum
949 780 1044 843 Verbo
1067 783 1222 846 vivificanti
1248 787 1295 848 ad.

53 885 203 949 Mtatcm
230 883 443 945 incrementum
476 880 595 959 aliquod
622 878 753 941 sudent
795 880 868 942 Nam
890 882 991 959 potius
1013 883 1142 945 humano
1165 889 1286 967 corpori

56 1007 93 1051 ex
116 985 204 1048 Verbi
232 983 442 1045 commuuione
470 989 501 1042 ct
528 979 735 1042 coniunctione
763 981 867 1059 ingens
896 984 971 1044 lacta
998 992 1045 1045 est
1067 986 1216 1061 accessio,
1250 1006 1287 1051 ex

56 1087 178 1151 mortali
201 1086 280 1147 enim
302 1086 411 1146 sactum
433 1091 479 1145 cst
500 1082 676 1155 immortale,
699 1091 816 1144 etcum
840 1083 966 1145 animale
989 1094 1086 1158 esset,
1109 1088 1217 1149 lactum
1240 1097 1294 1152 est‘
1319 1143 1323 1153 .

56 1187 231 1270 spirituale,
259 1204 384 1266 cumque
406 1205 441 1246 ex
464 1195 541 1247 terra
563 1186 672 1246 laetum
694 1193 791 1258 esset,
821 1184 965 1248 caelestes
986 1196 1089 1267 portas
1112 1191 1285 1267 penetravit·

56 1289 156 1353 Porro
179 1288 308 1350 Trinitas
331 1286 419 1348 etiam
441 1286 538 1346 Verbo
562 1305 597 1346 ex
618 1285 708 1348 Maria
731 1304 840 1365 corpur
864 1293 1000 1349 sumente
1016 1288 1146 1351 Trinitas
1168 1309 1288 1372 semper

58 1400 121 1465 est,
151 1407 248 1468 neque
277 1389 479 1451 accessionem
501 1388 659 1449 admittens
680 1405 777 1466 neque
799 1388 1041 1464 diminutionem,
1075 1392 1128 1453 sed
1156 1394 1288 1471 perlecta

59 1475 180 1571 seraper
201 1500 265 1563 est,
294 1499 324 1552 et
351 1491 380 1551 in
404 1489 548 1551 Trinitate
576 1506 634 1550 una
655 1488 754 1550 Deitas
777 1490 962 1568 agnoscitur,
994 1501 1023 1553 et
1044 1490 1088 1552 sic
1108 1510 1185 1554 unus
1207 1493 1287 1556 Deua

57 1593 149 1655 Verbi
172 1591 311 1653 Peterin
333 1589 464 1651 Ecclesia
486 1588 684 1668 praedicatur.

44 1846 47 1853 .
151 1797 200 1857 to.
243 1792 355 1854 Eadem
377 1800 475 1852 autern
498 1771 615 1881 ratione
636 1791 657 1852 ii
677 1810 796 1870 quoquc
819 1792 876 1852 iarn
899 1756 1045 1866 silebunt,
1061 1795 1111 1873 qui
1127 1795 1285 1874 aliquando
1367 1807 1372 1815 '

60 1897 180 1968 dixere,
214 1913 297 1968 eum,
331 1893 381 1973 qui
410 1912 446 1953 ex
468 1893 558 1954 blaria
579 1892 705 1971 prodiit,
736 1912 792 1954 nec
813 1893 964 1956 Christum
986 1913 1042 1956 nce
1063 1895 1221 1958 Dominum
1244 1897 1289 1959 vel

60 1995 158 2058 ileum
180 2013 261 2056 esse.
306 1993 337 2054 Si
360 1994 438 2054 enim
460 1992 539 2054 Deus
562 1994 593 2054 in
616 2011 742 2074 corpore
765 1996 825 2055 non
847 2003 919 2068 erat,
943 1997 1094 2074 quomodo
1117 1999 1218 2060 statim
1240 2006 1287 2060 et-

25 2089 28 2093 ’
62 2115 123 2176 que
143 2115 179 2158 cx
200 2095 292 2157 llario
313 2095 426 2175 prodiit
448 2104 568 2157 vocatus
591 2095 852 2167 cstllmmnauel,
884 2100 964 2177 quod
985 2109 1032 2160 eat
1051 2090 1290 2178 interprViotum

61 2198 220 2260 nobiscum
240 2195 349 2258 Iloua?
405 2195 463 2257 Cur
496 2197 567 2257 item
589 2195 714 2269 Paulus,
744 2196 770 2256 si
793 2197 920 2258 Verbum
950 2198 980 2258 in
1010 2215 1099 2259 carne
1125 2218 1187 2261 non
1216 2208 1290 2276 erat,

61 2298 207 2361 Romanis
230 2297 365 2376 scripsit:
388 2297 437 2358 Bor
459 2298 566 2379 paidos
589 2308 636 2358 eat
660 2296 800 2360 Uiriatus
824 2300 987 2359 secandum
1009 2297 1148 2372 comem,
1172 2304 1226 2382 poi
1246 2311 1293 2363 eat

61 2417 158 2479 super
187 2402 288 2495 pannio
309 2398 392 2460 Deua
423 2399 592 2462 benedictos
622 2403 656 2462 in
681 2397 816 2469 maculo,
851 2398 964 2460 omen?
1019 2400 1209 2479 Quapropter
1226 2394 1292 2480 'qni

61 2500 148 2581 prius
171 2500 327 2578 negabant,
350 2519 430 2573 eum,
453 2499 503 2579 qui
525 2499 682 2561 crucilixus
704 2509 767 2571 est,
791 2517 860 2561 esse
883 2499 994 2573 Deum,
1018 2519 1053 2560 se
1074 2519 1193 2562 emessa
1214 2502 1290 2562 late·
1368 2552 1396 2576 ,¹

64 2610 170 2673 antur,
193 2620 227 2663 ac
247 2600 355 2662 divinis
379 2601 518 2661 omnibus
543 2599 704 2679 Scriptnris
727 2601 815 2661 tidem
838 2600 980 2674 habeam,
1003 2601 1137 2663 Thomas
1158 2602 1286 2681 potissi·

64 2713 164 2775 mum,
197 2702 247 2782 qui
280 2721 347 2764 cum
379 2702 410 2762 in
438 2701 488 2762 illo
517 2701 668 2763 danorum
696 2701 820 2779 vestigia
850 2702 1074 2781 conspexisset,
1103 2702 1291 2764 exclamarite
1335 2701 1337 2706 ’

64 2802 215 2866 Dominae
243 2822 328 2865 meus
350 2815 379 2865 et
401 2803 493 2874 Deua
505 2822 599 2864 mena.
643 2802 736 2864 Filius
759 2803 839 2864 enim
861 2803 939 2865 Deus
963 2811 993 2864 et
1013 2803 1158 2864 Dominus
1181 2803 1293 2882 gloriae
1467 2884 1470 2891 ἱ

65 2912 253 2977 comesset,
284 2913 348 2965 erat
369 2914 467 2965 nmen
489 2905 520 2965 in
543 2922 670 2984 corpore
692 2904 892 2983 ignominiose
914 2905 1003 2966 clavis
1024 2906 1111 2967 affixo
1134 2913 1163 2965 ct
1185 2912 1293 2966 contu-
1334 2916 1346 2930 ·
1443 2950 1449 2957 .

65 3004 165 3067 mobis
194 3007 310 3067 allecto.
356 3004 471 3084 Corpus
501 3014 599 3067 autem
628 3005 660 3066 in
682 3005 762 3084 ligno
785 3006 904 3084 quidem
926 3006 1098 3068 vulneribus
1120 3005 1293 3068 contessum

65 3103 251 3186 patiebatur,
281 3116 312 3168 et
341 3106 378 3168 ab
407 3108 471 3169 eius
500 3106 592 3167 latere
620 3105 739 3185 sanguis
762 3117 792 3167 et
813 3125 887 3185 aqua
909 3106 1056 3168 manabat.
1101 3107 1174 3168 Cum
1196 3115 1294 3169 autem

67 3209 123 3271 Dei
146 3208 301 3288 Templum
325 3217 416 3282 esset,
439 3208 552 3269 Deitate
574 3208 719 3286 repletum
742 3218 814 3270 eret.
860 3209 1004 3280 Quocirca
1020 3208 1066 3268 sol
1081 3208 1210 3287 quidem,
1227 3224 1381 3291 cumeum.

20 3352 30 3366 .
68 3317 235 3371 cremorem
257 3329 345 3372 suum
368 3311 398 3371 in
421 3328 549 3389 corpore
572 3308 760 3371 contumeliis
783 3310 888 3370 allecto
905 3310 1083 3370 tolerantem
1098 3310 1220 3383 videret,
1242 3328 1293 3372 ra-

68 3411 135 3474 dios
165 3411 310 3472 contraxit
339 3420 505 3491 terramque
532 3411 662 3473 tenebris
685 3412 800 3473 offudit.
844 3411 946 3490 lpsum
968 3429 1038 3473 vero
1061 3429 1171 3492 eorpus
1192 3415 1303 3476 natura·
1326 3419 1332 3428 ’

69 3512 238 3595 praeditum
260 3514 377 3575 mortali
400 3533 489 3593 supra
513 3532 596 3575 suam
619 3523 752 3575 naturam
777 3523 898 3592 propter
915 3512 1053 3587 Verbum,
1076 3512 1156 3592 quod
1177 3512 1208 3573 in
1230 3512 1297 3592 ipso
1354 3545 1357 3551 =
1398 3591 1400 3594 y

10 3690 18 3697 .
69 3624 151 3687 erat,
182 3608 360 3687 resurrexit,
391 3623 421 3676 ct
449 3615 549 3676 amisit
570 3615 690 3693 quidem
712 3615 876 3677 naturalem
899 3631 983 3675 suam
1006 3612 1297 3692 corruptibilitatem,

68 3715 175 3778 induto
198 3724 296 3776 autem
319 3715 398 3794 quod
422 3729 511 3794 supra
527 3715 678 3777 bominem
694 3726 756 3776 erat
773 3714 867 3776 Verbo
883 3712 1106 3793 incorruptibile
1122 3714 1229 3774 lactum
1243 3719 1299 3772 est.

162 3820 209 3879 ll.
256 3816 342 3888 Quod
364 3836 436 3878 vero
460 3816 593 3878 nonnulli
618 3817 884 3878 comminiscuntur
906 3822 936 3876 et
957 3815 1074 3887 dicunt,
1104 3811 1298 3892 quemadmog

68 4037 132 4090 ταῖς
151 4038 178 4083 θ.
196 4038 294 4088 Gobler.
313 4037 417 4086 Felclm.
436 4036 456 4085 l,
482 4037 621 4099 chuerian.
640 4044 663 4086 et
712 4044 784 4085 recte.
821 4034 865 4083 llii
884 4027 1037 4098 τυγχάνων,
1055 4025 1275 4097 πεπληρωμένος.

69 4105 203 4170 Nicephor.
748 4105 764 4150 l.
789 4102 879 4150 Theod.
899 4095 992 4150 edred.
1031 4102 1094 4150 intra
1115 4092 1303 4159 Seguemuvss·

107 4174 131 4223 d.
160 4173 240 4222 Exstat
258 4174 297 4222 bic
315 4173 383 4222 locus
402 4172 465 4236 apud
484 4171 663 4222 Theodoretum
715 4164 810 4218 σῐελλε.
847 4169 906 4220 lbid.
932 4168 1023 4219 Theod.
1047 4161 1186 4216 luttere.
1218 4164 1302 4242 ¹l'anlo

69 4241 135 4291 Dial.
148 4240 187 4289 lll.
208 4257 232 4305 p.
251 4240 306 4290 160.
713 4246 769 4301 post
787 4239 886 4298 Seguer.
907 4238 1003 4286 Gobler.
1023 4236 1160 4284 Velclm.i.
1179 4234 1265 4298 Eprpb.
1280 4240 1304 4284 et

107 4323 129 4357 c.
149 4310 189 4358 Sic
212 4310 298 4373 Epipb.
323 4308 413 4356 Theod.
433 4308 503 4357 Gobl.
522 4306 663 4356 Felclrm.1.
689 4302 692 4309 ’
714 4305 804 4354 Theod.
823 4297 936 4363 θνητήν.
973 4294 1177 4382 Editiytrprrir.
1399 4346 1404 4352 .

72 4387 99 4427 et
117 4378 217 4438 chuer.
254 4377 315 4425 Editi
334 4369 365 4422 τὸ
384 4370 412 4423 δὲ
432 4374 513 4439 σῶμα
525 4373 574 4422 τοῦ
584 4371 661 4421 aret.
749 4388 769 4433 g.
789 4373 806 4420 E
827 4373 874 4436 iph.
896 4369 1014 4440 φθορᾶς,
1038 4365 1143 4436 rodopa
1162 4363 1190 4418 δὲ
1208 4363 1305 4433 γέγονε

70 4446 141 4497 lnlra
158 4446 264 4508 ΒοΒυοτζ
277 4436 422 4509 τυγχάνον,
441 4436 662 4510 πεπληρωμένον,
715 4438 764 4488 τοῦ
781 4435 796 4486 l
813 4453 872 4505 you.
1394 4438 1397 4445 ⁴
