2948 5092
472 241 581 287 orario
597 243 629 288 u.
646 243 761 287 courel
775 242 911 290 maror.
1233 230 1296 295 335

65 392 116 472 ipci
138 392 307 456 dicentem:
336 392 486 457 Dumium
507 414 591 458 merto
615 405 644 457 et
666 395 749 456 Deus
770 415 854 458 meur
876 396 917 457 ita
938 395 1018 475 loqui
1051 396 1123 457 sinit
1143 416 1199 460 nec
1219 414 1382 478 pro-mr.

65 493 152 565 hibet,
175 494 232 556 sed
253 495 355 575 potius
378 495 561 576 comprobat.
594 497 665 577 lpse
686 495 766 558 euim
789 507 844 569 est,
867 503 901 557 ut
921 496 969 558 alii
990 497 1157 578 Prophetae
1179 508 1293 561 testan-
1325 485 1327 488 ’

67 605 110 656 tur
130 603 161 657 et
183 595 392 671 canit-David,
425 597 574 660 Dominus
604 603 756 661 uirtutum
783 607 812 660 rt
832 597 981 661 Domiuur
1003 597 1152 671 Sabaoth,
1185 600 1215 661 id
1248 608 1296 663 eat

66 696 214 763 Donum
233 703 439 770 exercituum,
461 717 496 761 ae
517 699 597 762 licus
618 717 705 761 verus
731 707 761 760 et
782 699 981 779 omnipotens,
1002 701 1052 763 lric
1071 700 1140 763 licet
1161 701 1381 764 diorum-rm,

67 807 172 879 pantnr
192 800 304 863 Adoni.

144 1004 200 1066 24.
244 1003 332 1084 Atqui
355 1002 420 1083 ipse
442 1020 504 1064 non
525 1010 605 1064 certe
628 1001 768 1065 adoratus
791 1002 914 1077 luioaet,
936 1002 1070 1065 necleta
1092 1004 1129 1066 de
1152 1023 1187 1067 eo
1210 1005 1294 1070 dice·

68 1113 182 1180 renurr,
213 1105 241 1167 si
262 1123 387 1185 prorsus
411 1123 575 1166 enumero
598 1113 681 1166 esset
700 1122 800 1165 rerum
823 1112 997 1190 creatarum.
1043 1104 1119 1177 Quia
1140 1125 1211 1168 vero
1232 1125 1295 1170 non

68 1214 109 1268 ort
128 1216 267 1280 creatus,
296 1208 349 1269 sed
372 1207 513 1286 proprius
535 1215 583 1267 est
603 1205 787 1268 substantiae
809 1204 861 1266 Dei
884 1204 1026 1267 adorandi
1049 1207 1126 1268 letus
1148 1226 1183 1269 ac
1202 1218 1291 1271 natu·
1400 1243 1402 1247 ι

67 1308 130 1369 ralia
153 1307 264 1382 Filius,
287 1308 397 1370 idcirco
421 1308 561 1370 adoratur
584 1317 613 1369 et
635 1306 713 1369 Deus
735 1307 878 1380 creditur,
911 1317 1015 1386 estque
1036 1306 1182 1372 Dominus
1205 1327 1293 1371 exer·
1374 1328 1378 1337 ’

68 1410 185 1485 cituum,
207 1409 379 1472 dominator
400 1417 487 1490 atque
509 1410 710 1495 orpnipoteno,
733 1407 821 1470 sicuti
842 1408 908 1488 ipse
930 1409 1027 1472 Pater.
1061 1408 1213 1489 Siquidem
1228 1410 1295 1491 ipae

66 1511 149 1574 dixit:
176 1511 287 1573 Omnia
307 1531 500 1593 quoacunque
523 1511 609 1573 tolet
623 1509 724 1582 Potor,
745 1529 812 1573 meo
833 1520 916 1573 auat.
960 1509 1026 1571 Filii
1041 1509 1121 1573 enim
1140 1513 1296 1592 proprium

66 1622 114 1688 eet,
138 1632 187 1688 ea,
201 1632 285 1694 v(prae
307 1613 404 1674 Patris
427 1620 498 1675 sunt
518 1611 639 1686 habere,
661 1630 696 1673 ac
717 1611 804 1673 talem
826 1630 905 1685 esse,
928 1612 1012 1674 utin
1034 1613 1101 1693 ipso
1116 1613 1205 1677 Pater
1218 1632 1294 1676 con-

66 1716 220 1795 spiciatur,
254 1723 284 1776 et
315 1733 371 1795 per
403 1733 470 1776 eum
501 1712 600 1774 omnia
629 1712 852 1786 inclaruerint,
883 1712 913 1773 in
936 1731 1032 1793 eoque
1054 1714 1105 1776 fiat
1126 1721 1157 1777 et
1177 1723 1295 1779 constet

66 1818 196 1879 omnium
220 1816 312 1878 solun
355 1815 429 1878 Nam
451 1816 510 1877 hoc
531 1814 567 1876 eb
589 1814 647 1876 illis
670 1813 822 1893 inquirere
843 1814 921 1875 haud
944 1814 980 1876 ab
1002 1834 1035 1876 re
1058 1815 1125 1890 erit,
1148 1835 1207 1896 quo
1228 1837 1295 1880 ma·

66 1919 105 1998 gis
127 1920 171 1980 sit
192 1919 353 1998 perspicua
375 1917 493 1978 illorum
515 1917 649 1978 haeresis
672 1917 826 1978 refutatio:
851 1917 950 1989 Quare
972 1916 1131 1991 nimirum,
1155 1937 1222 1980 cum
1244 1937 1294 1982 reo

66 2038 168 2082 omnes
198 2019 260 2080 sint
288 2029 406 2081 creatae
428 2029 516 2099 atque
539 2038 575 2080 ex
597 2017 690 2081 nihilo
714 2018 897 2092 exstiterint,
917 2003 1049 2098 .ipseque
1070 2019 1163 2081 Filius
1185 2038 1294 2082 socun-

66 2121 131 2184 dum
154 2140 212 2182 ros
236 2120 277 2182 sit
298 2128 415 2182 creatus
439 2129 468 2181 et
491 2138 527 2182 ex
550 2138 774 2182 rerumrerum
797 2137 933 2194 numero,
955 2139 1030 2199 quae
1053 2120 1210 2202 aliquando
1232 2140 1295 2184 uon

65 2225 201 2298 luerunt,
233 2223 333 2285 omnia
361 2230 460 2283 umen
487 2240 543 2302 per
566 2222 665 2301 ipsum
688 2221 758 2283 lecit
779 2220 874 2295 Deus,
905 2228 936 2282 et
956 2221 1023 2283 sine
1045 2221 1096 2283 illo
1119 2224 1226 2284 lactum
1249 2233 1296 2285 eot

64 2323 159 2387 nihil?
204 2324 258 2385 Vel
287 2342 379 2403 quere
407 2343 473 2386 cum
503 2328 604 2386 omnio
633 2323 757 2397 dicitur,
785 2322 891 2384 Filium
914 2323 991 2385 inter
1014 2322 1113 2386 omnia
1136 2324 1295 2404 significari

64 2446 150 2490 uerno
174 2426 328 2506 intelligit3
351 2445 418 2488 cum
441 2444 512 2487 vero
534 2427 571 2486 de
593 2425 691 2487 Verbo
714 2423 878 2504 loquuntur
900 2424 1089 2504 scripturae,
1112 2443 1173 2486 non
1196 2427 1295 2506 ipsum

64 2546 230 2591 enumero
253 2527 386 2589 omnium
408 2546 477 2588 esse
499 2525 675 2606 intelligunt,
699 2527 752 2588 sed
775 2544 841 2588 cum
857 2526 943 2587 Patre
965 2526 1121 2600 collocant,
1144 2527 1294 2588 omnium·

65 2650 119 2712 que
141 2628 363 2692 conservationi
386 2637 416 2690 et
439 2628 525 2690 saluti
548 2628 579 2689 in
602 2647 639 2689 en
661 2626 800 2707 providet
821 2646 855 2688 ao
876 2627 1022 2707 prospicit
1043 2628 1147 2702 Pater3
1168 2628 1296 2690 maxime

64 2751 128 2794 oum
151 2724 255 2793 omn'ia
278 2732 383 2792 eodern
404 2731 541 2810 imperio,
565 2750 623 2810 quo
646 2730 751 2810 ipseo
774 2729 839 2792 solo
855 2728 917 2790 Deo
940 2730 1035 2791 lacteis
1059 2738 1116 2804 est,
1139 2729 1203 2790 lieri
1218 2749 1293 2809 pos-

65 2832 148 2896 sint?
194 2833 256 2894 Nec
278 2833 357 2894 onim
380 2833 459 2894 Deus
483 2832 612 2894 iubendo
635 2832 828 2910 defatigatur,
851 2832 896 2891 rel
918 2831 955 2892 ad
978 2831 1077 2893 omnia
1099 2830 1226 2892 creanda
1248 2838 1296 2893 est

64 2934 251 3008 imbecillior,
274 2942 309 2995 ut
329 2934 413 2996 solus
437 2934 533 2995 solum
555 2933 664 2995 Filium
687 2942 778 3006 creet,
801 2951 859 3012 quo
882 2933 1018 2994 adiutore
1042 2942 1071 2994 et
1092 2933 1229 2994 ministro
1245 2931 1295 2993 in·

64 3038 161 3117 digent
183 3036 221 3098 ad
243 3054 294 3097 res
317 3037 388 3098 alias
411 3037 627 3116 producendas.
672 3036 745 3097 Nam
767 3034 847 3096 nulla
870 3034 1069 3114 interponitur
1090 3053 1183 3107 mora,
1206 3042 1296 3095 ntea

64 3159 138 3220 quae
160 3139 289 3200 voluerit
311 3139 391 3209 liant,
416 3139 469 3199 sed
493 3138 566 3199 satis
589 3139 644 3200 luit
666 3157 733 3200 eum
756 3136 845 3210 velle,
864 3137 1026 3216 ¹statimque
1050 3137 1148 3197 omnia
1171 3136 1295 3197 exstile-

63 3249 147 3316 runt‚
178 3259 327 3320 nemoque
356 3241 420 3301 eius
448 3242 558 3302 restitit
587 3239 742 3308 voluntati.
787 3240 886 3312 Quare
909 3234 1080 3318 igitur'non
1105 3258 1122 3299 a
1144 3238 1210 3300 solo
1233 3237 1295 3300 [loo

64 3344 164 3427 omnia
193 3341 299 3403 eodem
329 3343 416 3403 iussu
438 3344 513 3403 lacta
537 3352 622 3416 sunt,
652 3361 710 3421 quo
733 3341 825 3402 Filius
848 3343 940 3401 lactus
962 3338 1032 3401 est?
1076 3339 1126 3400 Vel
1150 3340 1177 3400 si
1200 3341 1294 3401 lactus

65 3447 130 3526 ipse
153 3453 212 3518 est,
234 3445 334 3506 dicant
356 3444 453 3518 velim,
477 3463 567 3523 quare
591 3443 690 3506 omnia
713 3462 768 3523 per
791 3444 891 3524 ipsum
914 3443 988 3503 lacta
1011 3440 1105 3502 suut?
1128 3460 1200 3502 sane
1223 3438 1297 3503 nihil
1333 3422 1355 3502 ’.

97 3683 117 3715 e.
137 3665 263 3727 Anglican
287 3658 375 3730 ἔχειν,
400 3654 497 3712 καὶδί
518 3655 654 3712 concurri
742 3665 765 3713 lr.
785 3665 825 3731 §ic
844 3678 1009 3713 monumnes.
1046 3662 1174 3711 Editirero
1192 3658 1259 3713 noir.

63 3728 156 3782 ”dm
174 3734 274 3781 ⁰mi⁵⁵i⁸
293 3736 450 3782 n'lesm‘di'*
742 3766 757 3814 i.
777 3765 817 3814 Sia
842 3765 940 3826 Segurr.
966 3766 1020 3826 Reg.
1041 3762 1113 3812 lleoil.
1134 3772 1157 3812 et
1175 3761 1298 3822 tagliano.

96 3805 112 3853 ¹·
131 3804 175 3852 ⁸¹⁰
193 3802 402 3876 *⁰3¹¹‘f-G0ffl0f·
422 3801 525 3850 ΝΜ·
548 3802 568 3849 ¹·
590 3809 613 3878 ‘l
631 3800 655 3850 4·
707 3833 736 3881 n
761 3834 858 3882 curor.
884 3833 987 3881 neurim.
1009 3833 1030 3882 1.
1048 3832 1073 3881 4.
1094 3840 1117 3879 a
1136 3832 1159 3879 5.
1178 3821 1244 3876 aue
1263 3822 1298 3876 τὰ

61 3870 136 3949 Solus
156 3870 479 3946 tarnensegnerrarnlrabrt
499 3881 533 3917 τε.
570 3871 657 3946 liniret
707 3894 832 3965 ymni.
869 3901 930 3950 Edi„
948 3898 1022 3958 νοεῖ),
1041 3890 1109 3947 pm
1126 3892 1156 3946 δέ
1174 3909 1219 3948 ele·
1287 3954 1290 3959 4

61 3943 119 3988 curti
138 3945 316 3986 omittentem
333 3937 526 3983 novereantur.
566 3937 656 3985 liudem

61 4008 169 4057 feteam.
189 4005 213 4053 2.
239 3997 520 4061 etrelitinriltrlntt'.
556 4005 656 4054 lualirc
744 4002 983 4063 usicSeguerun.
1017 4001 1103 4051 ›ltalii
1123 4009 1146 4048 et
1167 3996 1299 4048 editituir

61 4066 239 4125 deeetnoitw.
526 4113 528 4117 .
709 4072 829 4119 omittunt.
866 4071 956 4118 lnidern
975 4071 1074 4131 Segner.
1095 4069 1151 4126 uer.
1171 4066 1298 4115 Basilicus.

96 4158 118 4204 g.
137 4143 178 4191 Sic
197 4145 299 4207 Sgguor.
320 4139 376 4201 lien.
395 4138 494 4189 (tollar.
513 4139 619 4188 Felclrnr.
634 4140 656 4189 l.
709 4139 807 4187 Galler.
827 4138 929 4186 letatum.
949 4138 969 4186 l.
983 4138 1006 4186 4.
1026 4146 1050 4185 et
1067 4136 1089 4195 5„
1108 4127 1194 4199 μόνος
1210 4131 1299 4199 μόνον

60 4212 128 4261 etl.
164 4211 226 4258 Erilli
247 4200 568 4257 reroetalira‘mo'oraow.
597 4207 655 4256 loto.
707 4201 793 4271 κτίσῃ.
830 4199 857 4255 ln
875 4207 929 4254 aliis
948 4214 971 4254 ct
984 4206 1059 4280 ⁸culitis
1077 4204 1144 4250 deest
1161 4195 1257 4267 μόνον.
1352 4231 1358 4243 .

60 4281 161 4357 Sernes·
181 4266 344 4354 ‹irroraret’
364 4269 441 4341 ὑμᾶς.
476 4282 505 4353 nt
533 4276 605 4352 cerepi
634 4284 658 4325 er
744 4307 760 4355 Ι·
779 4307 878 4364 Soanas.

61 4350 118 4397 adiu
138 4360 218 4399 onoc
237 4351 362 4395 omittunt.
398 4346 455 4393 item
475 4345 531 4393 ibid.
543 4357 588 4391 και
598 4357 657 4392 ποι-

58 4409 165 4536 p'ptpprp
181 4417 254 4466 deest
272 4415 298 4464 in
316 4415 416 4476 Seguer.
436 4414 533 4463 Gcbler.
552 4415 657 4462 l'elclm.

708 4367 777 4492 {trip
796 4367 831 4422 ἂν
849 4320 971 4442 &carme
995 4298 1300 4436 glilfsugtazffinggl'r'tu:

730 4459 741 4492 ε
759 4454 818 4512 pop.
