2948 5092
463 280 608 324 arrsrom
622 281 660 325 rr.
676 283 712 324 an
728 281 922 328 sermionem
1223 271 1285 336 803

62 432 230 514 pergressi,
253 432 302 511 qui
324 431 460 493 ridentur
480 431 590 494 habere
612 432 684 512 legis
706 433 858 495 scientiam
881 434 994 514 (quales
1017 444 1079 498 tum
1102 447 1186 499 erant
1205 439 1369 502 Pha-rau.

65 536 183 613 risaei),
206 535 235 596 in
259 535 402 595 insaniam
424 535 503 596 versi
526 535 645 609 luerint,
668 544 697 597 et
719 537 796 615 quod
817 537 848 597 in
871 555 996 616 corpore
1015 549 1060 601 est
1075 539 1201 601 Verbum
1218 559 1284 602 om-

63 638 141 699 nino
170 637 353 715 negaverint,
387 645 437 698 aut
471 637 629 698 divinitatis
666 655 756 717 opera
783 637 900 700 diabolo
936 640 1059 720 eiusque
1092 642 1285 704 daemonibus

62 739 275 813 attribuerint,
298 739 402 800 morito
424 757 479 818 pro
502 740 551 800 tali
574 740 722 819 impietate
744 740 951 820 indeprecabili
972 751 1041 804 sunt
1062 744 1206 823 supplicio
1229 745 1286 807 ob-

60 839 159 902 noxii.
202 842 275 902 Nam
305 850 334 902 et
362 840 509 903 diabolum
536 861 593 921 pro
620 843 682 904 lleo
709 842 888 916 habuerunt,
918 863 1059 924 eumque,
1088 847 1138 925 qui
1166 865 1235 908 vere
1257 856 1328 919 et.

59 943 166 1022 reipsa
188 943 266 1005 beus
290 952 345 1016 est,
369 944 575 1006 existimarunt
595 944 688 1006 nihilo
710 945 776 1025 plus
798 945 827 1006 in
850 946 990 1026 operibus
1004 966 1095 1027 posse
1110 966 1198 1027 quam
1213 949 1285 1012 dae·

59 1062 182 1107 mones.

59 1254 74 1265 “’
154 1252 204 1312 16.
227 1231 280 1308 'ln
304 1249 449 1310 eiusmodi
471 1249 560 1328 igitur
582 1248 759 1329 impietatem
783 1250 913 1330 prolapsi
936 1261 1019 1313 erant
1040 1252 1118 1313 illius
1141 1253 1285 1332 temporis

60 1350 167 1412 ludaei
190 1361 218 1411 et
239 1350 316 1411 inter
336 1351 461 1413 ludaeos
483 1352 642 1414 Pharisaei.
686 1352 836 1414 Salvatore
858 1354 937 1414 enim
953 1353 1108 1415 exhibente
1123 1374 1212 1434 opera
1226 1355 1369 1420 Parnon

60 1451 131 1514 tris·
146 1455 225 1528 (nam
247 1462 383 1514 mortuos
406 1453 563 1526 excitabat,
588 1453 681 1515 caecis
703 1455 797 1515 visum
820 1454 964 1528 donabat,
995 1455 1114 1517 claudos
1137 1456 1286 1519 ambulare

56 1553 200 1627 faciebat,
224 1554 323 1614 surdis
346 1555 477 1615 auditum
500 1556 657 1633 aperiebat,
680 1557 769 1617 mutis
792 1555 937 1635 loquelam
954 1557 1130 1635 praestabat,
1153 1558 1285 1621 declara-

54 1654 173 1736 batque
202 1656 259 1716 sibi
288 1655 434 1716 subditam
461 1665 623 1718 creaturam
646 1675 727 1730 esse,
758 1658 905 1736 imperans
926 1657 1037 1730 ventis,
1070 1658 1100 1718 in
1122 1660 1189 1738 ipso
1211 1659 1285 1721 mari

58 1758 286 1835 deambulans),
315 1758 419 1818 turbae
442 1758 559 1836 quidem
583 1758 831 1839 obstupescebant
853 1767 882 1820 et
904 1758 1105 1838 glorificabant
1124 1759 1234 1834 beum,
1258 1769 1288 1823 at

60 1868 172 1924 oontm
194 1860 355 1921 admirandi
378 1860 417 1920 illi
434 1859 584 1921 Pharisaei
605 1859 722 1921 aiebant
735 1860 916 1923 beelzebulis
939 1880 1008 1922 esse
1023 1860 1169 1922 eiusmodi
1186 1878 1286 1942 opera,

57 1980 122 2025 nec
150 1961 364 2023 erubescebant
392 1962 566 2040 insipientes
594 1961 636 2023 illi
662 1962 715 2023 Dei
742 1971 919 2041 potestatem
949 1962 978 2023 in
1006 1963 1154 2025 diabolum
1186 1972 1286 2026 trans·
1315 1943 1321 1958 ’

58 2065 156 2127 ferre.
199 2063 282 2124 Unde
306 2065 369 2124 iure
390 2063 496 2124 merito
519 2064 651 2125 Salvator
672 2064 830 2127 declaravit
850 2064 1060 2142 blasphemiam
1079 2067 1213 2143 prolerre
1228 2064 1286 2126 ho·

58 2165 175 2237 mines,
199 2184 273 2244 quae
295 2184 350 2224 neo
370 2165 483 2225 veniam
505 2184 560 2227 nec
581 2165 788 2227 remissionem
809 2166 941 2226 haberet.
986 2166 1058 2227 Nam
1077 2167 1145 2227 dum
1161 2167 1289 2230 humana

58 2266 262 2346 respicientes
285 2267 480 2328 claudicarent
502 2267 770 2329 animodicentes:
799 2268 905 2329 Nonne
935 2269 980 2329 bic
1002 2281 1047 2329 est
1068 2266 1119 2330 ille
1141 2270 1228 2348 sobri
1247 2271 1288 2350 pi·

61 2366 155 2432 lius?
183 2376 212 2428 et
238 2368 393 2440 Quomodo
418 2369 591 2431 luctatores
615 2373 685 2441 scit,
714 2389 780 2431 cum
807 2389 870 2431 reon
899 2367 1061 2431 didicerit?
1090 2379 1118 2430 et
1143 2370 1289 2463 Quod*

59 2474 146 2555 soris
168 2475 286 2549 siprinm
309 2473 342 2531 de
364 2469 483 2550 teipso?
505 2480 534 2531 ot
555 2470 724 2532 Ileseendct
746 2489 827 2531 rarrnc
849 2472 883 2532 de
906 2489 1003 2542 cruce,
1027 2481 1055 2532 et
1070 2466 1222 2551 credidis
1245 2474 1288 2546 εἰς

59 2574 214 2656 patienter
235 2572 300 2632 tulit
321 2573 472 2645 homines,
506 2580 608 2651 utpote
630 2572 681 2651 qui
702 2572 732 2631 in
753 2572 859 2632 Filium
882 2572 1012 2631 hominis
1034 2581 1204 2650 peccarent,
1229 2571 1286 2632 do-

60 2674 192 2753 lensque
214 2693 304 2752 snper
325 2675 440 2735 illorum
464 2675 601 2735 caecitate
624 2673 752 2735 dicebat:
783 2673 819 2735 Si
846 2677 1059 2754 copoooissettr
1088 2686 1117 2736 et
1138 2692 1191 2735 vos
1214 2691 1289 2754 pune

61 2779 106 2840 od
124 2796 239 2857 parent.
273 2777 388 2836 Etenim
412 2785 441 2836 ot
462 2794 567 2854 magno
590 2776 689 2851 Petro,
712 2775 791 2854 quod
813 2785 845 2836 ut
860 2777 896 2836 de
912 2776 1030 2835 homine
1045 2775 1176 2853 loquenti
1193 2774 1287 2835 ostia·

61 2878 130 2941 riae
153 2880 257 2939 eodem
280 2879 328 2938 ille
350 2878 439 2937 modo
462 2878 681 2957 respondisset,
704 2878 829 2957 ploranti
853 2878 964 2956 ignovit
983 2877 1138 2938 Dominus.
1181 2876 1287 2937 Verum
1393 2873 1399 2884 '

49 2980 118 3043 ,uhi
141 2980 182 3041 illi
206 2981 261 3040 iani
285 2990 368 3041 antea
390 2980 464 3057 lapsi
487 2979 593 3040 iterum
615 2980 746 3060 prolapsi
776 2988 845 3041 sunt
873 2979 959 3040 etad
981 2979 1123 3040 maiorem
1145 2977 1289 3039 insaniam

63 3081 268 3155 devenerunt,
297 3082 335 3141 ita
358 3090 390 3141 ut
411 3081 463 3140 Dei
487 3100 576 3160 opera
597 3081 777 3144 Beelzebulis
801 3100 869 3142 esse
898 3082 1047 3154 dicerent,
1076 3099 1137 3140 non
1165 3070 1288 3140 ulterius

62 3183 135 3247 illos
160 3184 241 3258 tulit3
275 3184 304 3242 in
327 3202 412 3243 suom
436 3183 514 3242 enim
535 3183 677 3262 Spiritum
699 3182 940 3262 blasphemabant
961 3183 1108 3255 dicenteS,
1132 3201 1214 3254 eum,
1238 3181 1288 3261 qui

64 3279 143 3347 haec
165 3287 289 3358 laceret,
312 3303 372 3345 non
396 3302 463 3344 esse
486 3284 578 3345 Deum
608 3285 661 3346 sed
682 3276 895 3346 B'eelzebulem.
941 3285 1127 3364 Quapropter
1155 3303 1208 3345 eos
1236 3291 1288 3344 ut·

62 3395 136 3468 pote
159 3405 219 3446 non
242 3387 361 3448 serenda
384 3405 474 3446 ausos
498 3385 625 3448 aeternis
648 3387 759 3448 addixit
780 3387 943 3467 suppliciis.
987 3386 1112 3448 Perinde
1134 3385 1212 3446 enim
1228 3393 1291 3445 erat
1387 3429 1393 3441 .

62 3489 156 3561 illud,
171 3506 213 3549 ac
234 3489 280 3562 si,
304 3491 372 3548 dum
395 3497 550 3548 ceriierent
571 3488 673 3551 mundi
696 3490 829 3552 ordinem
851 3497 882 3551 et
903 3489 1117 3570 providentiam
1139 3488 1211 3549 haec
1232 3505 1288 3566 gu·

65 3643 168 3695 Gobler·
189 3634 546 3699 ellelclffi·l·²l²‘⁶’²tds
566 3637 656 3689 rotati·
705 3645 761 3693 teris
786 3643 898 3693 omnihus
922 3644 1100 3706 rmnoseriptis.
1136 3641 1209 3689 Paulo
1233 3646 1290 3703 post

63 3724 124 3770 της.
704 3712 761 3773 lleg.
780 3720 804 3760 et
821 3713 920 3773 Soguer.
938 3703 992 3758 ἀπὸ
1010 3709 1059 3758 τοῦ
1078 3707 1197 3776 σταυροῦ
1215 3716 1289 3757 recte.

103 3795 123 3827 e.
144 3779 241 3840 Sebuer.
262 3769 422 3828 δεικνύντος.
454 3776 512 3823 lbid.
524 3776 620 3824 Gobler.
632 3785 656 3827 et
704 3780 766 3828 Editi
784 3772 828 3827 lut
846 3777 894 3826 τοῦ
913 3777 1040 3844 σταυροῦ.

417 3837 428 3853 N

62 3847 175 3929 felem?
188 3847 214 3922 ¹:
227 3844 275 3923 ⁷⁰33
293 3838 397 3924 πατρὸς
414 3856 481 3908 ⁶97oe
492 3836 532 3920 'rie
547 3837 654 3920 mlh*
738 3873 755 3920 t'.
772 3865 881 3936 μεγάλῳ
900 3872 967 3921 abest
983 3888 996 3920 a
1009 3871 1104 3922 Gobler.
1115 3878 1137 3919 et
1147 3868 1251 3918 Felclm.
1268 3868 1290 3916 l.

65 3907 653 3994 '‘3¹⁰‘fstm12‘f‘f5‘7'2'⁰¹¹3¹⁵⁵'⁵¹¹¹¹¹¹¹¹.⁵3
704 3939 756 3988 llox
785 3941 841 4001 lteg.
863 3943 962 4002 Seguer.
986 3939 1082 3990 Gohler.
1108 3936 1289 3986 aldelmi.

63 3985 165 4069 ¹b¹d²i¹i
181 3985 236 4044 lteg.
256 3973 563 4043 etbcgoeizllnnroaro.
592 3980 653 4029 Edut
704 4000 838 4072 λαλησάσῃ
857 4005 891 4073 τῇ
908 4005 1035 4075 θυρωρῷ·
1071 4006 1133 4055 Edm
1152 4013 1176 4053 e,
1193 3998 1291 4052 ama·

63 4046 216 4118 ‘mmm'
707 4071 825 4134 thadaee
847 4073 1049 4140 τῆςθυρωροῦ.
1085 4070 1290 4204 behlenwlic.

104 4121 127 4196 li·
148 4119 245 4179 selues·
264 4109 411 4175 θαλάσσης·
447 4115 499 4164 ⁸¹⁰¹
522 4115 578 4176 ¹¹⁰⁸·
606 4108 657 4169 ‘'3'
707 4152 730 4194 et
749 4144 886 4193 folchml.
904 4158 958 4193 mox
976 4132 1207 4207 habento’rnorprm
1243 4152 1290 4204 νῳ.

63 4183 229 4245 πληττοντο.
266 4186 339 4234 Paulo
358 4195 414 4249 post
422 4177 658 4248 dneprnoroideest

64 4259 93 4308 j„
112 4256 211 4306 Coptos,
230 4262 253 4303 ει
271 4254 375 4303 felepa,
389 4255 410 4303 1,
741 4252 762 4299 g.
781 4239 838 4300 fleg.
857 4229 906 4285 τόν
923 4237 993 4285 male.
1028 4234 1080 4283 llox
1097 4234 1231 4308 Segoemet
1249 4230 1292 4283 alii

104 4338 127 4372 e.
147 4322 195 4370 τοῦ
209 4324 287 4372 deest
305 4324 329 4370 in
348 4316 426 4372 editis.
461 4319 509 4368 Sed
526 4318 613 4381 legitur
631 4321 655 4370 in
707 4307 803 4383 quidfffl
822 4305 918 4355 ⁰⁰dlst⁸
936 4318 989 4381 ⁶⁰¹¹]
1001 4303 1070 4351 “¹55⁸
1083 4290 1293 4380 Ῑῖθῧθῃῐῖθκαῖᾰ

64 4394 128 4454 neg.
148 4402 170 4441 et
188 4394 286 4453 Seguer.
312 4397 336 4439 et
360 4391 460 4439 habetor
476 4389 499 4437 in
519 4376 654 4450 Evangelio.
705 4385 821 4438 Wlffl-
855 4373 903 4424 30d
920 4384 989 4418 '‘m“
1007 4372 1075 4421 dmi
1092 4368 1214 4433 ¹⁰h¹²d¹¹⁰=
1234 4376 1292 4420 “¹¹¹

64 4461 123 4512 uox
141 4453 174 4507 σύ
192 4460 280 4523 tegitur
297 4459 320 4506 in
339 4458 442 4507 nereum.
461 4455 484 4506 a.
503 4465 527 4506 et
544 4457 567 4506 tn
585 4457 655 4506 onitu
705 4443 761 4505 flea·
781 4441 886 4492 aetatum
904 4449 948 4490 εει·

65 4529 220 4595 habeturque
237 4529 262 4577 in
272 4526 406 4590 Evangelio,
425 4525 468 4575 sed
486 4524 554 4576 deest
570 4525 595 4575 in
613 4540 652 4575 ee·
738 4527 762 4577 h.
779 4520 827 4576 rei
842 4525 910 4596 deest
927 4525 952 4576 in
969 4522 1074 4575 lalelm.
1093 4521 1117 4574 2.

1032 4603 1090 4659 bl*
