<?xml version="1.0" encoding="UTF-8"?>
<!DOCTYPE html PUBLIC "-//W3C//DTD XHTML 1.0 Transitional//EN"
    "http://www.w3.org/TR/xhtml1/DTD/xhtml1-transitional.dtd">
<html xmlns="http://www.w3.org/1999/xhtml" xml:lang="en" lang="en">
 <head>
  <title>
</title>
<meta http-equiv="Content-Type" content="text/html;charset=utf-8" />
  <meta name='ocr-system' content='tesseract 3.04.00' />
  <meta name='ocr-capabilities' content='ocr_page ocr_carea ocr_par ocr_line ocrx_word'/>
</head>
<body>
  <div class='ocr_page' id='page_1' title='image "./sanctiathanasii02athagoog_0817.png"; bbox 0 0 2948 5092; ppageno 0'>
   <div class='ocr_carea' id='block_1_1' title="bbox 530 253 1353 316">
    <p class='ocr_par' dir='ltr' id='par_1_1' title="bbox 530 253 1353 316">
     <span class='ocr_line' id='line_1_1' title="bbox 530 253 1353 316; baseline 0.01 -10"><span class='ocrx_word' id='word_1_1' title='bbox 530 263 676 306; x_wconf 78' lang='lat' dir='ltr'><strong>sersrom</strong></span> <span class='ocrx_word' id='word_1_2' title='bbox 690 263 710 306; x_wconf 88' lang='lat'><strong>1.</strong></span> <span class='ocrx_word' id='word_1_3' title='bbox 727 264 763 304; x_wconf 83' lang='lat' dir='ltr'><strong>m</strong></span> <span class='ocrx_word' id='word_1_4' title='bbox 778 262 973 308; x_wconf 72' lang='lat' dir='ltr'><strong>summoueri.</strong></span> <span class='ocrx_word' id='word_1_5' title='bbox 1292 253 1353 316; x_wconf 79' lang='lat'><strong>699</strong></span> 
     </span>
    </p>
   </div>
   <div class='ocr_carea' id='block_1_2' title="bbox 127 413 1438 802">
    <p class='ocr_par' dir='ltr' id='par_1_2' title="bbox 127 413 1438 802">
     <span class='ocr_line' id='line_1_2' title="bbox 130 413 1438 497; baseline -0.002 -19"><span class='ocrx_word' id='word_1_6' title='bbox 130 436 167 478; x_wconf 89' lang='lat' dir='ltr'><strong>se</strong></span> <span class='ocrx_word' id='word_1_7' title='bbox 191 418 313 497; x_wconf 79' lang='lat' dir='ltr'><strong>angelos</strong></span> <span class='ocrx_word' id='word_1_8' title='bbox 336 416 366 476; x_wconf 91' lang='lat' dir='ltr'><strong>in</strong></span> <span class='ocrx_word' id='word_1_9' title='bbox 387 415 530 476; x_wconf 84' lang='lat' dir='ltr'><strong>Trinitate</strong></span> <span class='ocrx_word' id='word_1_10' title='bbox 554 414 706 475; x_wconf 90' lang='lat' dir='ltr'><strong>collocare.</strong></span> <span class='ocrx_word' id='word_1_11' title='bbox 750 413 823 475; x_wconf 88' lang='lat' dir='ltr'><strong>Nam</strong></span> <span class='ocrx_word' id='word_1_12' title='bbox 845 415 869 475; x_wconf 91' lang='lat' dir='ltr'><strong>si</strong></span> <span class='ocrx_word' id='word_1_13' title='bbox 893 416 1136 480; x_wconf 88' lang='lat' dir='ltr'><strong>secuudumillos</strong></span> <span class='ocrx_word' id='word_1_14' title='bbox 1151 429 1222 497; x_wconf 86' lang='lat' dir='ltr'><strong>post</strong></span> <span class='ocrx_word' id='word_1_15' title='bbox 1236 420 1351 482; x_wconf 90' lang='lat' dir='ltr'><strong>Patrem</strong></span> <span class='ocrx_word' id='word_1_16' title='bbox 1361 431 1438 477; x_wconf 70' lang='lat' dir='ltr'><strong>satu</strong></span> 
     </span>
     <span class='ocr_line' id='line_1_3' title="bbox 129 516 1356 597; baseline 0.002 -16"><span class='ocrx_word' id='word_1_17' title='bbox 129 529 162 581; x_wconf 91' lang='lat' dir='ltr'><strong>et</strong></span> <span class='ocrx_word' id='word_1_18' title='bbox 184 520 290 581; x_wconf 86' lang='lat' dir='ltr'><strong>Filium</strong></span> <span class='ocrx_word' id='word_1_19' title='bbox 313 527 477 597; x_wconf 90' lang='lat' dir='ltr'><strong>sequuntur</strong></span> <span class='ocrx_word' id='word_1_20' title='bbox 498 516 603 595; x_wconf 82' lang='lat' dir='ltr'>angeli,</span> <span class='ocrx_word' id='word_1_21' title='bbox 625 524 704 577; x_wconf 90' lang='lat' dir='ltr'><strong>certe</strong></span> <span class='ocrx_word' id='word_1_22' title='bbox 727 534 743 577; x_wconf 90' lang='lat' dir='ltr'><strong>e</strong></span> <span class='ocrx_word' id='word_1_23' title='bbox 762 516 905 577; x_wconf 86' lang='lat' dir='ltr'><strong>Trinitate</strong></span> <span class='ocrx_word' id='word_1_24' title='bbox 927 526 998 578; x_wconf 90' lang='lat' dir='ltr'><strong>sunt</strong></span> <span class='ocrx_word' id='word_1_25' title='bbox 1018 519 1121 597; x_wconf 82' lang='lat' dir='ltr'>angeli,</span> <span class='ocrx_word' id='word_1_26' title='bbox 1144 540 1200 582; x_wconf 90' lang='lat' dir='ltr'><strong>neo</strong></span> <span class='ocrx_word' id='word_1_27' title='bbox 1213 521 1270 582; x_wconf 88' lang='lat' dir='ltr'><strong>iam</strong></span> <span class='ocrx_word' id='word_1_28' title='bbox 1286 531 1356 584; x_wconf 88' lang='lat' dir='ltr'><strong>suut</strong></span> 
     </span>
     <span class='ocr_line' id='line_1_4' title="bbox 127 620 1354 699; baseline 0 -14"><span class='ocrx_word' id='word_1_29' title='bbox 127 625 399 685; x_wconf 72' lang='lat' dir='ltr'><strong>administratores</strong></span> <span class='ocrx_word' id='word_1_30' title='bbox 422 624 550 699; x_wconf 84' lang='lat' dir='ltr'><strong>spiritus</strong></span> <span class='ocrx_word' id='word_1_31' title='bbox 573 623 606 679; x_wconf 83' lang='lat' dir='ltr'><strong>ia</strong></span> <span class='ocrx_word' id='word_1_32' title='bbox 625 622 826 679; x_wconf 79' lang='lat' dir='ltr'><strong>ministerium</strong></span> <span class='ocrx_word' id='word_1_33' title='bbox 846 623 938 690; x_wconf 82' lang='lat' dir='ltr'><strong>mr&#39;ssi,</strong></span> <span class='ocrx_word' id='word_1_34' title='bbox 962 637 1016 679; x_wconf 90' lang='lat' dir='ltr'><strong>uec</strong></span> <span class='ocrx_word' id='word_1_35' title='bbox 1034 620 1093 699; x_wconf 90' lang='lat' dir='ltr'><strong>ipsi</strong></span> <span class='ocrx_word' id='word_1_36' title='bbox 1109 623 1203 683; x_wconf 89' lang='lat' dir='ltr'><strong>sancti</strong></span> <span class='ocrx_word' id='word_1_37' title='bbox 1219 624 1354 686; x_wconf 82' lang='lat' dir='ltr'><strong>efficiun-</strong></span> 
     </span>
     <span class='ocr_line' id='line_1_5' title="bbox 128 720 787 802; baseline -0.011 -16"><span class='ocrx_word' id='word_1_38' title='bbox 128 734 190 797; x_wconf 89' lang='lat' dir='ltr'><strong>tur,</strong></span> <span class='ocrx_word' id='word_1_39' title='bbox 214 724 267 784; x_wconf 85' lang='lat' dir='ltr'><strong>sed</strong></span> <span class='ocrx_word' id='word_1_40' title='bbox 289 723 389 802; x_wconf 89' lang='lat' dir='ltr'><strong>potius</strong></span> <span class='ocrx_word' id='word_1_41' title='bbox 412 722 485 783; x_wconf 89' lang='lat' dir='ltr'><strong>alius</strong></span> <span class='ocrx_word' id='word_1_42' title='bbox 507 729 626 781; x_wconf 88' lang='lat' dir='ltr'><strong>sanctos</strong></span> <span class='ocrx_word' id='word_1_43' title='bbox 649 720 787 781; x_wconf 84' lang='lat' dir='ltr'><strong>efficiunt.</strong></span> 
     </span>
    </p>
   </div>
   <div class='ocr_carea' id='block_1_3' title="bbox 122 923 1454 3651">
    <p class='ocr_par' dir='ltr' id='par_1_3' title="bbox 126 923 1390 1616">
     <span class='ocr_line' id='line_1_6' title="bbox 149 923 1353 998; baseline -0.002 -7"><span class='ocrx_word' id='word_1_44' title='bbox 149 954 153 960; x_wconf 61' lang='lat'><em>¹</em></span> <span class='ocrx_word' id='word_1_45' title='bbox 222 932 270 991; x_wconf 87' lang='lat'><strong>11.</strong></span> <span class='ocrx_word' id='word_1_46' title='bbox 316 927 466 998; x_wconf 78' lang='lat' dir='ltr'><strong>Quaenam</strong></span> <span class='ocrx_word' id='word_1_47' title='bbox 490 923 605 985; x_wconf 86' lang='lat' dir='ltr'><strong>taudem</strong></span> <span class='ocrx_word' id='word_1_48' title='bbox 628 924 701 984; x_wconf 91' lang='lat' dir='ltr'><strong>haec</strong></span> <span class='ocrx_word' id='word_1_49' title='bbox 722 932 781 984; x_wconf 90' lang='lat' dir='ltr'><strong>tam</strong></span> <span class='ocrx_word' id='word_1_50' title='bbox 809 923 936 984; x_wconf 91' lang='lat' dir='ltr'><strong>absurda</strong></span> <span class='ocrx_word' id='word_1_51' title='bbox 963 924 1079 985; x_wconf 87' lang='lat' dir='ltr'><strong>illorum</strong></span> <span class='ocrx_word' id='word_1_52' title='bbox 1108 926 1254 987; x_wconf 89' lang='lat' dir='ltr'><strong>dementia</strong></span> <span class='ocrx_word' id='word_1_53' title='bbox 1283 927 1353 990; x_wconf 76' lang='lat' dir='ltr'><strong>est?</strong></span> 
     </span>
     <span class='ocr_line' id='line_1_7' title="bbox 128 1025 1353 1107; baseline 0 -17"><span class='ocrx_word' id='word_1_54' title='bbox 128 1031 201 1103; x_wconf 82' lang='lat' dir='ltr'><strong>Quo</strong></span> <span class='ocrx_word' id='word_1_55' title='bbox 230 1031 259 1090; x_wconf 91' lang='lat' dir='ltr'><strong>in</strong></span> <span class='ocrx_word' id='word_1_56' title='bbox 289 1029 354 1089; x_wconf 90' lang='lat' dir='ltr'><strong>loco</strong></span> <span class='ocrx_word' id='word_1_57' title='bbox 382 1046 488 1088; x_wconf 89' lang='lat' dir='ltr'><strong>rursus</strong></span> <span class='ocrx_word' id='word_1_58' title='bbox 517 1025 684 1103; x_wconf 79' lang='lat' dir='ltr'><strong>Scripturas</strong></span> <span class='ocrx_word' id='word_1_59' title='bbox 714 1043 815 1086; x_wconf 88' lang='lat' dir='ltr'><strong>sacrae</strong></span> <span class='ocrx_word' id='word_1_60' title='bbox 843 1026 1019 1087; x_wconf 82' lang='lat' dir='ltr'><strong>invenerunt</strong></span> <span class='ocrx_word' id='word_1_61' title='bbox 1047 1028 1188 1105; x_wconf 88' lang='lat' dir='ltr'><strong>Spiritum</strong></span> <span class='ocrx_word' id='word_1_62' title='bbox 1217 1030 1353 1107; x_wconf 80' lang='lat' dir='ltr'><strong>angelum</strong></span> 
     </span>
     <span class='ocr_line' id='line_1_8' title="bbox 128 1126 1352 1207; baseline -0.001 -14"><span class='ocrx_word' id='word_1_63' title='bbox 128 1130 215 1193; x_wconf 77' lang='lat' dir='ltr'><strong>uicit</strong></span> <span class='ocrx_word' id='word_1_64' title='bbox 259 1130 367 1192; x_wconf 85' lang='lat' dir='ltr'><strong>Eadem</strong></span> <span class='ocrx_word' id='word_1_65' title='bbox 390 1129 479 1190; x_wconf 88' lang='lat' dir='ltr'><strong>enim.</strong></span> <span class='ocrx_word' id='word_1_66' title='bbox 503 1146 576 1205; x_wconf 89' lang='lat' dir='ltr'><strong>quae</strong></span> <span class='ocrx_word' id='word_1_67' title='bbox 597 1127 654 1187; x_wconf 93' lang='lat' dir='ltr'><strong>iam</strong></span> <span class='ocrx_word' id='word_1_68' title='bbox 677 1126 745 1199; x_wconf 82' lang='lat' dir='ltr'>dixi,</span> <span class='ocrx_word' id='word_1_69' title='bbox 768 1128 840 1188; x_wconf 91' lang='lat' dir='ltr'><strong>mihi</strong></span> <span class='ocrx_word' id='word_1_70' title='bbox 861 1136 997 1207; x_wconf 89' lang='lat' dir='ltr'><strong>repetere</strong></span> <span class='ocrx_word' id='word_1_71' title='bbox 1017 1147 1140 1190; x_wconf 90' lang='lat' dir='ltr'><strong>necesse</strong></span> <span class='ocrx_word' id='word_1_72' title='bbox 1162 1140 1216 1192; x_wconf 91' lang='lat' dir='ltr'><strong>est.</strong></span> <span class='ocrx_word' id='word_1_73' title='bbox 1260 1132 1352 1193; x_wconf 91' lang='lat' dir='ltr'><strong>Para-</strong></span> 
     </span>
     <span class='ocr_line' id='line_1_9' title="bbox 127 1229 1354 1308; baseline 0 -14"><span class='ocrx_word' id='word_1_74' title='bbox 127 1233 218 1295; x_wconf 88' lang='lat' dir='ltr'><strong>clitus</strong></span> <span class='ocrx_word' id='word_1_75' title='bbox 241 1232 337 1293; x_wconf 89' lang='lat' dir='ltr'><strong>dictus</strong></span> <span class='ocrx_word' id='word_1_76' title='bbox 360 1239 407 1292; x_wconf 89' lang='lat' dir='ltr'><strong>est</strong></span> <span class='ocrx_word' id='word_1_77' title='bbox 429 1241 458 1290; x_wconf 90' lang='lat' dir='ltr'><strong>et</strong></span> <span class='ocrx_word' id='word_1_78' title='bbox 480 1229 601 1308; x_wconf 89' lang='lat' dir='ltr'><strong>spiritus</strong></span> <span class='ocrx_word' id='word_1_79' title='bbox 624 1229 801 1308; x_wconf 90' lang='lat' dir='ltr'><strong>adoptionis,</strong></span> <span class='ocrx_word' id='word_1_80' title='bbox 824 1230 947 1308; x_wconf 90' lang='lat' dir='ltr'><strong>spiritus</strong></span> <span class='ocrx_word' id='word_1_81' title='bbox 971 1232 1182 1292; x_wconf 76' lang='lat' dir='ltr'><strong>sanctimoniae</strong></span> <span class='ocrx_word' id='word_1_82' title='bbox 1198 1242 1228 1293; x_wconf 90' lang='lat' dir='ltr'><strong>et</strong></span> <span class='ocrx_word' id='word_1_83' title='bbox 1243 1232 1354 1294; x_wconf 86' lang='lat' dir='ltr'><strong>Christi</strong></span> 
     </span>
     <span class='ocr_line' id='line_1_10' title="bbox 127 1332 1351 1416; baseline -0.002 -19"><span class='ocrx_word' id='word_1_84' title='bbox 127 1335 267 1416; x_wconf 88' lang='lat' dir='ltr'><strong>spiritus.</strong></span> <span class='ocrx_word' id='word_1_85' title='bbox 310 1334 515 1411; x_wconf 74' lang='lat' dir='ltr'><strong>nonunquam</strong></span> <span class='ocrx_word' id='word_1_86' title='bbox 538 1332 582 1392; x_wconf 88' lang='lat' dir='ltr'><strong>vel</strong></span> <span class='ocrx_word' id='word_1_87' title='bbox 604 1332 724 1410; x_wconf 82' lang='lat' dir='ltr'><strong>angelus</strong></span> <span class='ocrx_word' id='word_1_88' title='bbox 747 1340 797 1392; x_wconf 92' lang='lat' dir='ltr'><strong>aut</strong></span> <span class='ocrx_word' id='word_1_89' title='bbox 818 1332 1008 1411; x_wconf 84' lang='lat' dir='ltr'><strong>archangelus</strong></span> <span class='ocrx_word' id='word_1_90' title='bbox 1038 1343 1088 1394; x_wconf 94' lang='lat' dir='ltr'><strong>aut</strong></span> <span class='ocrx_word' id='word_1_91' title='bbox 1116 1333 1239 1413; x_wconf 91' lang='lat' dir='ltr'><strong>spiritus</strong></span> <span class='ocrx_word' id='word_1_92' title='bbox 1262 1335 1351 1396; x_wconf 90' lang='lat' dir='ltr'><strong>mini-</strong></span> 
     </span>
     <span class='ocr_line' id='line_1_11' title="bbox 127 1432 1390 1516; baseline -0.002 -16"><span class='ocrx_word' id='word_1_93' title='bbox 127 1437 233 1508; x_wconf 87' lang='lat' dir='ltr'><strong>sterii,</strong></span> <span class='ocrx_word' id='word_1_94' title='bbox 264 1436 363 1516; x_wconf 89' lang='lat' dir='ltr'><strong>quales</strong></span> <span class='ocrx_word' id='word_1_95' title='bbox 391 1445 462 1496; x_wconf 89' lang='lat' dir='ltr'><strong>suut</strong></span> <span class='ocrx_word' id='word_1_96' title='bbox 489 1434 599 1513; x_wconf 87' lang='lat' dir='ltr'><strong>angeli,</strong></span> <span class='ocrx_word' id='word_1_97' title='bbox 629 1432 791 1513; x_wconf 87' lang='lat' dir='ltr'><strong>appellatus</strong></span> <span class='ocrx_word' id='word_1_98' title='bbox 820 1444 875 1494; x_wconf 86' lang='lat' dir='ltr'><strong>est.</strong></span> <span class='ocrx_word' id='word_1_99' title='bbox 920 1433 998 1506; x_wconf 85' lang='lat' dir='ltr'><strong>Quin</strong></span> <span class='ocrx_word' id='word_1_100' title='bbox 1026 1434 1086 1495; x_wconf 93' lang='lat' dir='ltr'><strong>imo</strong></span> <span class='ocrx_word' id='word_1_101' title='bbox 1109 1435 1204 1496; x_wconf 88' lang='lat' dir='ltr'><strong>eidem</strong></span> <span class='ocrx_word' id='word_1_102' title='bbox 1227 1444 1257 1496; x_wconf 93' lang='lat' dir='ltr'><strong>et</strong></span> <span class='ocrx_word' id='word_1_103' title='bbox 1277 1437 1353 1497; x_wconf 85' lang='lat' dir='ltr'><strong>Filio</strong></span> <span class='ocrx_word' id='word_1_104' title='bbox 1386 1468 1390 1474; x_wconf 90' lang='lat'><strong>·</strong></span> 
     </span>
     <span class='ocr_line' id='line_1_12' title="bbox 126 1535 1351 1616; baseline -0.002 -13"><span class='ocrx_word' id='word_1_105' title='bbox 126 1541 280 1604; x_wconf 82' lang='lat' dir='ltr'><strong>ministrat</strong></span> <span class='ocrx_word' id='word_1_106' title='bbox 302 1538 427 1609; x_wconf 85' lang='lat' dir='ltr'><strong>Gabriel,</strong></span> <span class='ocrx_word' id='word_1_107' title='bbox 452 1556 516 1598; x_wconf 89' lang='lat' dir='ltr'><strong>cum</strong></span> <span class='ocrx_word' id='word_1_108' title='bbox 538 1536 645 1597; x_wconf 87' lang='lat' dir='ltr'><strong>Mariae</strong></span> <span class='ocrx_word' id='word_1_109' title='bbox 667 1535 722 1596; x_wconf 88' lang='lat' dir='ltr'><strong>ait:</strong></span> <span class='ocrx_word' id='word_1_110' title='bbox 745 1535 880 1616; x_wconf 75' lang='lat' dir='ltr'><strong>Spiritus</strong></span> <span class='ocrx_word' id='word_1_111' title='bbox 902 1548 1026 1598; x_wconf 83' lang='lat' dir='ltr'><strong>sanctus</strong></span> <span class='ocrx_word' id='word_1_112' title='bbox 1050 1543 1242 1616; x_wconf 78' lang='lat' dir='ltr'><strong>superveniet</strong></span> <span class='ocrx_word' id='word_1_113' title='bbox 1263 1543 1295 1600; x_wconf 78' lang='lat' dir='ltr'><strong>ira</strong></span> <span class='ocrx_word' id='word_1_114' title='bbox 1315 1551 1351 1612; x_wconf 78' lang='lat' dir='ltr'><strong>te,</strong></span> 
     </span>
    </p>

    <p class='ocr_par' dir='ltr' id='par_1_4' title="bbox 123 1636 1436 2839">
     <span class='ocr_line' id='line_1_13' title="bbox 126 1636 1353 1719; baseline -0.006 -12"><span class='ocrx_word' id='word_1_115' title='bbox 126 1655 160 1707; x_wconf 76' lang='lat' dir='ltr'><strong>et</strong></span> <span class='ocrx_word' id='word_1_116' title='bbox 183 1646 283 1703; x_wconf 84' lang='lat' dir='ltr'><strong>virtus</strong></span> <span class='ocrx_word' id='word_1_117' title='bbox 305 1641 455 1704; x_wconf 77' lang='lat' dir='ltr'><strong>ditissimi</strong></span> <span class='ocrx_word' id='word_1_118' title='bbox 476 1639 662 1702; x_wconf 72' lang='lat' dir='ltr'><strong>obumbrabit</strong></span> <span class='ocrx_word' id='word_1_119' title='bbox 685 1639 747 1700; x_wconf 88' lang='lat' dir='ltr'><strong>tibi.</strong></span> <span class='ocrx_word' id='word_1_120' title='bbox 792 1636 865 1698; x_wconf 79' lang='lat' dir='ltr'><strong>Cum</strong></span> <span class='ocrx_word' id='word_1_121' title='bbox 893 1637 981 1715; x_wconf 92' lang='lat' dir='ltr'><strong>igitur</strong></span> <span class='ocrx_word' id='word_1_122' title='bbox 1010 1638 1181 1717; x_wconf 88' lang='lat' dir='ltr'><strong>Scripturae</strong></span> <span class='ocrx_word' id='word_1_123' title='bbox 1211 1638 1353 1719; x_wconf 87' lang='lat' dir='ltr'><strong>Spiritum</strong></span> 
     </span>
     <span class='ocr_line' id='line_1_14' title="bbox 125 1739 1352 1822; baseline -0.003 -16"><span class='ocrx_word' id='word_1_124' title='bbox 125 1743 267 1822; x_wconf 88' lang='lat' dir='ltr'><strong>angelum</strong></span> <span class='ocrx_word' id='word_1_125' title='bbox 289 1760 349 1802; x_wconf 93' lang='lat' dir='ltr'><strong>non</strong></span> <span class='ocrx_word' id='word_1_126' title='bbox 372 1741 527 1822; x_wconf 83' lang='lat' dir='ltr'><strong>appellent,</strong></span> <span class='ocrx_word' id='word_1_127' title='bbox 551 1740 620 1818; x_wconf 91' lang='lat' dir='ltr'><strong>quid</strong></span> <span class='ocrx_word' id='word_1_128' title='bbox 643 1739 840 1802; x_wconf 78' lang='lat' dir='ltr'><strong>extimationis</strong></span> <span class='ocrx_word' id='word_1_129' title='bbox 863 1739 972 1800; x_wconf 88' lang='lat' dir='ltr'><strong>habere</strong></span> <span class='ocrx_word' id='word_1_130' title='bbox 993 1740 1113 1818; x_wconf 77' lang='lat' dir='ltr'><strong>possint</strong></span> <span class='ocrx_word' id='word_1_131' title='bbox 1132 1741 1163 1800; x_wconf 93' lang='lat' dir='ltr'><strong>in</strong></span> <span class='ocrx_word' id='word_1_132' title='bbox 1182 1749 1259 1802; x_wconf 69' lang='lat' dir='ltr'><strong>muta</strong></span> <span class='ocrx_word' id='word_1_133' title='bbox 1275 1751 1352 1802; x_wconf 93' lang='lat' dir='ltr'><strong>tam-</strong></span> 
     </span>
     <span class='ocr_line' id='line_1_15' title="bbox 124 1840 1353 1926; baseline -0.001 -20"><span class='ocrx_word' id='word_1_134' title='bbox 124 1865 189 1926; x_wconf 86' lang='lat' dir='ltr'><strong>que</strong></span> <span class='ocrx_word' id='word_1_135' title='bbox 212 1844 337 1905; x_wconf 89' lang='lat' dir='ltr'><strong>absurda</strong></span> <span class='ocrx_word' id='word_1_136' title='bbox 359 1845 533 1914; x_wconf 88' lang='lat' dir='ltr'><strong>temeritate,</strong></span> <span class='ocrx_word' id='word_1_137' title='bbox 556 1843 681 1903; x_wconf 83' lang='lat' dir='ltr'><strong>maxime</strong></span> <span class='ocrx_word' id='word_1_138' title='bbox 702 1860 768 1915; x_wconf 84' lang='lat' dir='ltr'><strong>cum</strong></span> <span class='ocrx_word' id='word_1_139' title='bbox 791 1842 854 1920; x_wconf 88' lang='lat' dir='ltr'><strong>ipse</strong></span> <span class='ocrx_word' id='word_1_140' title='bbox 871 1840 1052 1917; x_wconf 83' lang='lat' dir='ltr'><strong>Valentinus,</strong></span> <span class='ocrx_word' id='word_1_141' title='bbox 1075 1844 1125 1921; x_wconf 92' lang='lat' dir='ltr'><strong>qui</strong></span> <span class='ocrx_word' id='word_1_142' title='bbox 1141 1843 1260 1923; x_wconf 89' lang='lat' dir='ltr'><strong>impiam</strong></span> <span class='ocrx_word' id='word_1_143' title='bbox 1277 1845 1353 1906; x_wconf 87' lang='lat' dir='ltr'><strong>hauc</strong></span> 
     </span>
     <span class='ocr_line' id='line_1_16' title="bbox 124 1943 1351 2029; baseline -0.003 -19"><span class='ocrx_word' id='word_1_144' title='bbox 124 1955 260 2010; x_wconf 85' lang='lat' dir='ltr'><strong>mentem</strong></span> <span class='ocrx_word' id='word_1_145' title='bbox 283 1946 341 2008; x_wconf 91' lang='lat' dir='ltr'><strong>illis</strong></span> <span class='ocrx_word' id='word_1_146' title='bbox 363 1945 497 2017; x_wconf 90' lang='lat' dir='ltr'><strong>inseruit,</strong></span> <span class='ocrx_word' id='word_1_147' title='bbox 520 1944 600 2004; x_wconf 91' lang='lat' dir='ltr'><strong>illum</strong></span> <span class='ocrx_word' id='word_1_148' title='bbox 623 1944 742 2029; x_wconf 80' lang='lat' dir='ltr'><strong>quidem</strong></span> <span class='ocrx_word' id='word_1_149' title='bbox 763 1943 948 2015; x_wconf 88' lang='lat' dir='ltr'><strong>Paraclitum,</strong></span> <span class='ocrx_word' id='word_1_150' title='bbox 971 1943 1028 2004; x_wconf 93' lang='lat' dir='ltr'><strong>hos</strong></span> <span class='ocrx_word' id='word_1_151' title='bbox 1051 1963 1121 2005; x_wconf 88' lang='lat' dir='ltr'><strong>reru</strong></span> <span class='ocrx_word' id='word_1_152' title='bbox 1143 1946 1271 2024; x_wconf 79' lang='lat' dir='ltr'><strong>Angelos</strong></span> <span class='ocrx_word' id='word_1_153' title='bbox 1292 1964 1351 2006; x_wconf 91' lang='lat' dir='ltr'><strong>uo-</strong></span> 
     </span>
     <span class='ocr_line' id='line_1_17' title="bbox 124 2045 1351 2129; baseline -0.001 -19"><span class='ocrx_word' id='word_1_154' title='bbox 124 2049 295 2129; x_wconf 84' lang='lat' dir='ltr'><strong>minaverit,</strong></span> <span class='ocrx_word' id='word_1_155' title='bbox 319 2048 388 2108; x_wconf 88' lang='lat' dir='ltr'><strong>licet</strong></span> <span class='ocrx_word' id='word_1_156' title='bbox 408 2046 485 2106; x_wconf 90' lang='lat' dir='ltr'><strong>idem</strong></span> <span class='ocrx_word' id='word_1_157' title='bbox 508 2045 700 2107; x_wconf 90' lang='lat' dir='ltr'><strong>stultissimus</strong></span> <span class='ocrx_word' id='word_1_158' title='bbox 715 2045 857 2124; x_wconf 90' lang='lat' dir='ltr'><strong>Spiritum</strong></span> <span class='ocrx_word' id='word_1_159' title='bbox 879 2046 991 2124; x_wconf 89' lang='lat' dir='ltr'><strong>augelis</strong></span> <span class='ocrx_word' id='word_1_160' title='bbox 1014 2055 1204 2109; x_wconf 86' lang='lat' dir='ltr'><strong>coaetaneum</strong></span> <span class='ocrx_word' id='word_1_161' title='bbox 1227 2049 1351 2110; x_wconf 65' lang='lat' dir='ltr'><strong>eodem-¹</strong></span> 
     </span>
     <span class='ocr_line' id='line_1_18' title="bbox 125 2146 1420 2232; baseline 0 -21"><span class='ocrx_word' id='word_1_162' title='bbox 125 2170 188 2232; x_wconf 90' lang='lat' dir='ltr'><strong>que</strong></span> <span class='ocrx_word' id='word_1_163' title='bbox 210 2150 350 2210; x_wconf 80' lang='lat' dir='ltr'><strong>duntaxat</strong></span> <span class='ocrx_word' id='word_1_164' title='bbox 372 2160 504 2228; x_wconf 90' lang='lat' dir='ltr'><strong>tempore</strong></span> <span class='ocrx_word' id='word_1_165' title='bbox 527 2168 560 2208; x_wconf 87' lang='lat' dir='ltr'><strong>ac</strong></span> <span class='ocrx_word' id='word_1_166' title='bbox 581 2148 647 2208; x_wconf 90' lang='lat' dir='ltr'><strong>illos</strong></span> <span class='ocrx_word' id='word_1_167' title='bbox 671 2147 821 2208; x_wconf 85' lang='lat' dir='ltr'><strong>exstitisse</strong></span> <span class='ocrx_word' id='word_1_168' title='bbox 844 2146 995 2208; x_wconf 77' lang='lat' dir='ltr'><strong>senserit?</strong></span> <span class='ocrx_word' id='word_1_169' title='bbox 1040 2148 1120 2221; x_wconf 85' lang='lat' dir='ltr'><strong>„Sed</strong></span> <span class='ocrx_word' id='word_1_170' title='bbox 1140 2146 1229 2222; x_wconf 81' lang='lat' dir='ltr'><strong>ecce,</strong></span> <span class='ocrx_word' id='word_1_171' title='bbox 1253 2151 1351 2229; x_wconf 91' lang='lat' dir='ltr'><strong>inqui·</strong></span> <span class='ocrx_word' id='word_1_172' title='bbox 1412 2220 1420 2229; x_wconf 19' lang='lat' dir='ltr'><strong>g</strong></span> 
     </span>
     <span class='ocr_line' id='line_1_19' title="bbox 125 2248 1351 2331; baseline -0.001 -17"><span class='ocrx_word' id='word_1_173' title='bbox 125 2261 227 2329; x_wconf 91' lang='lat' dir='ltr'><strong>„unt,</strong></span> <span class='ocrx_word' id='word_1_174' title='bbox 255 2251 332 2331; x_wconf 91' lang='lat' dir='ltr'><strong>apud</strong></span> <span class='ocrx_word' id='word_1_175' title='bbox 360 2250 538 2328; x_wconf 90' lang='lat' dir='ltr'><strong>Prophetam</strong></span> <span class='ocrx_word' id='word_1_176' title='bbox 561 2249 728 2309; x_wconf 83' lang='lat' dir='ltr'><strong>Zachariam</strong></span> <span class='ocrx_word' id='word_1_177' title='bbox 751 2250 894 2327; x_wconf 89' lang='lat' dir='ltr'><strong>scriptum</strong></span> <span class='ocrx_word' id='word_1_178' title='bbox 917 2256 976 2308; x_wconf 85' lang='lat' dir='ltr'><strong>est:</strong></span> <span class='ocrx_word' id='word_1_179' title='bbox 1008 2248 1089 2311; x_wconf 77' lang='lat' dir='ltr'><strong>Horo</strong></span> <span class='ocrx_word' id='word_1_180' title='bbox 1118 2252 1190 2312; x_wconf 81' lang='lat' dir='ltr'><strong>dicit</strong></span> <span class='ocrx_word' id='word_1_181' title='bbox 1216 2253 1351 2331; x_wconf 83' lang='lat' dir='ltr'><strong>ouqelus,</strong></span> 
     </span>
     <span class='ocr_line' id='line_1_20' title="bbox 124 2349 1436 2435; baseline 0.001 -19"><span class='ocrx_word' id='word_1_182' title='bbox 124 2359 210 2435; x_wconf 87' lang='lat' dir='ltr'><strong>„qui</strong></span> <span class='ocrx_word' id='word_1_183' title='bbox 232 2355 367 2435; x_wconf 88' lang='lat' dir='ltr'><strong>loquitur</strong></span> <span class='ocrx_word' id='word_1_184' title='bbox 382 2357 414 2413; x_wconf 83' lang='lat' dir='ltr'><strong>iu</strong></span> <span class='ocrx_word' id='word_1_185' title='bbox 435 2370 489 2411; x_wconf 85' lang='lat' dir='ltr'><strong>me.</strong></span> <span class='ocrx_word' id='word_1_186' title='bbox 533 2351 620 2430; x_wconf 78' lang='lat' dir='ltr'><strong>Atqui</strong></span> <span class='ocrx_word' id='word_1_187' title='bbox 636 2349 826 2429; x_wconf 89' lang='lat' dir='ltr'><strong>perspicuum</strong></span> <span class='ocrx_word' id='word_1_188' title='bbox 843 2358 898 2421; x_wconf 87' lang='lat' dir='ltr'><strong>est,</strong></span> <span class='ocrx_word' id='word_1_189' title='bbox 921 2349 969 2410; x_wconf 88' lang='lat' dir='ltr'><strong>hic</strong></span> <span class='ocrx_word' id='word_1_190' title='bbox 984 2350 1106 2428; x_wconf 89' lang='lat' dir='ltr'><strong>spiritus</strong></span> <span class='ocrx_word' id='word_1_191' title='bbox 1122 2354 1241 2414; x_wconf 88' lang='lat' dir='ltr'><strong>nomine</strong></span> <span class='ocrx_word' id='word_1_192' title='bbox 1258 2370 1436 2431; x_wconf 63' lang='lat' dir='ltr'><strong>ange-roto.</strong></span> 
     </span>
     <span class='ocr_line' id='line_1_21' title="bbox 125 2450 1351 2533; baseline -0.001 -16"><span class='ocrx_word' id='word_1_193' title='bbox 125 2458 218 2533; x_wconf 89' lang='lat' dir='ltr'><strong>„lum</strong></span> <span class='ocrx_word' id='word_1_194' title='bbox 246 2455 276 2515; x_wconf 94' lang='lat' dir='ltr'><strong>in</strong></span> <span class='ocrx_word' id='word_1_195' title='bbox 307 2455 374 2533; x_wconf 91' lang='lat' dir='ltr'><strong>ipso</strong></span> <span class='ocrx_word' id='word_1_196' title='bbox 396 2453 566 2532; x_wconf 88' lang='lat' dir='ltr'><strong>loquentem</strong></span> <span class='ocrx_word' id='word_1_197' title='bbox 589 2450 786 2530; x_wconf 63' lang='lat' dir='ltr'><strong>signiticari.“⁴</strong></span> <span class='ocrx_word' id='word_1_198' title='bbox 825 2451 931 2512; x_wconf 90' lang='lat' dir='ltr'><strong>Verum</strong></span> <span class='ocrx_word' id='word_1_199' title='bbox 954 2452 984 2512; x_wconf 92' lang='lat' dir='ltr'><strong>id</strong></span> <span class='ocrx_word' id='word_1_200' title='bbox 1006 2453 1126 2513; x_wconf 90' lang='lat' dir='ltr'><strong>minime</strong></span> <span class='ocrx_word' id='word_1_201' title='bbox 1149 2454 1295 2525; x_wconf 89' lang='lat' dir='ltr'><strong>dicerent,</strong></span> <span class='ocrx_word' id='word_1_202' title='bbox 1324 2458 1351 2517; x_wconf 90' lang='lat' dir='ltr'><strong>si</strong></span> 
     </span>
     <span class='ocr_line' id='line_1_22' title="bbox 124 2552 1352 2639; baseline -0.001 -20"><span class='ocrx_word' id='word_1_203' title='bbox 124 2558 209 2639; x_wconf 88' lang='lat' dir='ltr'><strong>quod</strong></span> <span class='ocrx_word' id='word_1_204' title='bbox 231 2556 331 2634; x_wconf 85' lang='lat' dir='ltr'><strong>lugunt</strong></span> <span class='ocrx_word' id='word_1_205' title='bbox 352 2555 459 2616; x_wconf 86' lang='lat' dir='ltr'><strong>vellent</strong></span> <span class='ocrx_word' id='word_1_206' title='bbox 480 2555 640 2615; x_wconf 86' lang='lat' dir='ltr'><strong>attendere.</strong></span> <span class='ocrx_word' id='word_1_207' title='bbox 696 2552 768 2613; x_wconf 90' lang='lat' dir='ltr'><strong>Nam</strong></span> <span class='ocrx_word' id='word_1_208' title='bbox 797 2552 951 2614; x_wconf 88' lang='lat' dir='ltr'><strong>Zacharias</strong></span> <span class='ocrx_word' id='word_1_209' title='bbox 981 2554 1011 2613; x_wconf 93' lang='lat' dir='ltr'><strong>iu</strong></span> <span class='ocrx_word' id='word_1_210' title='bbox 1040 2554 1206 2616; x_wconf 83' lang='lat' dir='ltr'><strong>candelabri</strong></span> <span class='ocrx_word' id='word_1_211' title='bbox 1237 2556 1352 2618; x_wconf 88' lang='lat' dir='ltr'><strong>risione</strong></span> 
     </span>
     <span class='ocr_line' id='line_1_23' title="bbox 123 2655 1352 2739; baseline -0.001 -18"><span class='ocrx_word' id='word_1_212' title='bbox 123 2661 183 2721; x_wconf 86' lang='lat' dir='ltr'><strong>ait:</strong></span> <span class='ocrx_word' id='word_1_213' title='bbox 213 2658 252 2720; x_wconf 80' lang='lat' dir='ltr'><strong>iit</strong></span> <span class='ocrx_word' id='word_1_214' title='bbox 273 2658 432 2737; x_wconf 81' lang='lat' dir='ltr'><strong>respoudit</strong></span> <span class='ocrx_word' id='word_1_215' title='bbox 453 2655 593 2735; x_wconf 79' lang='lat' dir='ltr'><strong>augelus,</strong></span> <span class='ocrx_word' id='word_1_216' title='bbox 617 2657 669 2737; x_wconf 91' lang='lat' dir='ltr'><strong>qui</strong></span> <span class='ocrx_word' id='word_1_217' title='bbox 690 2655 868 2736; x_wconf 84' lang='lat' dir='ltr'><strong>loquebatur</strong></span> <span class='ocrx_word' id='word_1_218' title='bbox 889 2659 922 2716; x_wconf 80' lang='lat' dir='ltr'><strong>iu</strong></span> <span class='ocrx_word' id='word_1_219' title='bbox 943 2665 1003 2725; x_wconf 79' lang='lat' dir='ltr'><strong>me,</strong></span> <span class='ocrx_word' id='word_1_220' title='bbox 1027 2667 1056 2716; x_wconf 87' lang='lat' dir='ltr'><strong>et</strong></span> <span class='ocrx_word' id='word_1_221' title='bbox 1078 2656 1170 2739; x_wconf 73' lang='lat' dir='ltr'><strong>dr’nit:</strong></span> <span class='ocrx_word' id='word_1_222' title='bbox 1201 2656 1352 2738; x_wconf 76' lang='lat' dir='ltr'><strong>Numquid</strong></span> 
     </span>
     <span class='ocr_line' id='line_1_24' title="bbox 123 2755 1352 2839; baseline 0 -17"><span class='ocrx_word' id='word_1_223' title='bbox 123 2764 227 2822; x_wconf 79' lang='lat' dir='ltr'><strong>nescis</strong></span> <span class='ocrx_word' id='word_1_224' title='bbox 250 2759 320 2839; x_wconf 86' lang='lat' dir='ltr'><strong>quid</strong></span> <span class='ocrx_word' id='word_1_225' title='bbox 342 2770 414 2819; x_wconf 82' lang='lat' dir='ltr'><strong>sunt</strong></span> <span class='ocrx_word' id='word_1_226' title='bbox 437 2757 545 2818; x_wconf 60' lang='lat' dir='ltr'><strong>bocci</strong></span> <span class='ocrx_word' id='word_1_227' title='bbox 574 2757 613 2818; x_wconf 83' lang='lat' dir='ltr'><strong>Et</strong></span> <span class='ocrx_word' id='word_1_228' title='bbox 634 2759 716 2818; x_wconf 80' lang='lat' dir='ltr'><strong>dici:</strong></span> <span class='ocrx_word' id='word_1_229' title='bbox 746 2755 815 2817; x_wconf 83' lang='lat' dir='ltr'><strong>Non</strong></span> <span class='ocrx_word' id='word_1_230' title='bbox 844 2758 970 2818; x_wconf 79' lang='lat' dir='ltr'><strong>domim.</strong></span> <span class='ocrx_word' id='word_1_231' title='bbox 1013 2756 1052 2819; x_wconf 84' lang='lat' dir='ltr'><strong>Et</strong></span> <span class='ocrx_word' id='word_1_232' title='bbox 1074 2759 1287 2837; x_wconf 80' lang='lat' dir='ltr'><strong>responditet</strong></span> <span class='ocrx_word' id='word_1_233' title='bbox 1308 2766 1352 2822; x_wconf 86' lang='lat' dir='ltr'><strong>uit</strong></span> 
     </span>
    </p>

    <p class='ocr_par' dir='ltr' id='par_1_5' title="bbox 122 2857 1454 3651">
     <span class='ocr_line' id='line_1_25' title="bbox 124 2857 1441 2925; baseline -0.002 0"><span class='ocrx_word' id='word_1_234' title='bbox 124 2864 167 2925; x_wconf 86' lang='lat' dir='ltr'><strong>od</strong></span> <span class='ocrx_word' id='word_1_235' title='bbox 189 2880 233 2923; x_wconf 82' lang='lat' dir='ltr'><strong>me</strong></span> <span class='ocrx_word' id='word_1_236' title='bbox 256 2862 371 2921; x_wconf 83' lang='lat' dir='ltr'><strong>dicens:</strong></span> <span class='ocrx_word' id='word_1_237' title='bbox 399 2859 464 2921; x_wconf 85' lang='lat' dir='ltr'><strong>Hoc</strong></span> <span class='ocrx_word' id='word_1_238' title='bbox 492 2870 537 2920; x_wconf 81' lang='lat' dir='ltr'><strong>est</strong></span> <span class='ocrx_word' id='word_1_239' title='bbox 558 2860 682 2920; x_wconf 85' lang='lat' dir='ltr'><strong>uerbum</strong></span> <span class='ocrx_word' id='word_1_240' title='bbox 705 2858 817 2920; x_wconf 82' lang='lat' dir='ltr'><strong>domini</strong></span> <span class='ocrx_word' id='word_1_241' title='bbox 837 2860 876 2920; x_wconf 85' lang='lat' dir='ltr'><strong>ud</strong></span> <span class='ocrx_word' id='word_1_242' title='bbox 897 2857 1063 2920; x_wconf 84' lang='lat' dir='ltr'><strong>Zorobobel</strong></span> <span class='ocrx_word' id='word_1_243' title='bbox 1084 2860 1199 2920; x_wconf 84' lang='lat' dir='ltr'><strong>diceus:</strong></span> <span class='ocrx_word' id='word_1_244' title='bbox 1228 2859 1296 2922; x_wconf 84' lang='lat' dir='ltr'><strong>Noa</strong></span> <span class='ocrx_word' id='word_1_245' title='bbox 1318 2867 1351 2923; x_wconf 82' lang='lat' dir='ltr'><strong>io</strong></span> <span class='ocrx_word' id='word_1_246' title='bbox 1435 2902 1441 2913; x_wconf 48' lang='lat'><strong>⁴</strong></span> 
     </span>
     <span class='ocr_line' id='line_1_26' title="bbox 124 2958 1454 3040; baseline -0.002 -14"><span class='ocrx_word' id='word_1_247' title='bbox 124 2969 242 3026; x_wconf 82' lang='lat' dir='ltr'><strong>uirtute</strong></span> <span class='ocrx_word' id='word_1_248' title='bbox 263 2979 372 3040; x_wconf 85' lang='lat' dir='ltr'><strong>moqrur</strong></span> <span class='ocrx_word' id='word_1_249' title='bbox 393 2978 447 3020; x_wconf 81' lang='lat' dir='ltr'><strong>nec</strong></span> <span class='ocrx_word' id='word_1_250' title='bbox 468 2964 501 3020; x_wconf 86' lang='lat' dir='ltr'><strong>iu</strong></span> <span class='ocrx_word' id='word_1_251' title='bbox 524 2961 643 3030; x_wconf 79' lang='lat' dir='ltr'><strong>robore,</strong></span> <span class='ocrx_word' id='word_1_252' title='bbox 667 2960 719 3021; x_wconf 81' lang='lat' dir='ltr'><strong>sed</strong></span> <span class='ocrx_word' id='word_1_253' title='bbox 740 2963 772 3020; x_wconf 84' lang='lat' dir='ltr'><strong>io</strong></span> <span class='ocrx_word' id='word_1_254' title='bbox 794 2958 912 3038; x_wconf 87' lang='lat' dir='ltr'><strong>Spiritu</strong></span> <span class='ocrx_word' id='word_1_255' title='bbox 934 2978 1007 3031; x_wconf 88' lang='lat' dir='ltr'><strong>meo,</strong></span> <span class='ocrx_word' id='word_1_256' title='bbox 1032 2961 1103 3023; x_wconf 86' lang='lat' dir='ltr'><strong>dicit</strong></span> <span class='ocrx_word' id='word_1_257' title='bbox 1117 2959 1263 3023; x_wconf 83' lang='lat' dir='ltr'><strong>Dominus</strong></span> <span class='ocrx_word' id='word_1_258' title='bbox 1287 2982 1351 3023; x_wconf 89' lang='lat' dir='ltr'><strong>om·</strong></span> <span class='ocrx_word' id='word_1_259' title='bbox 1450 2992 1454 3001; x_wconf 92' lang='lat'>·</span> 
     </span>
     <span class='ocr_line' id='line_1_27' title="bbox 123 3054 1351 3146; baseline -0.002 -19"><span class='ocrx_word' id='word_1_260' title='bbox 123 3070 278 3146; x_wconf 76' lang='lat' dir='ltr'><strong>otpertus.</strong></span> <span class='ocrx_word' id='word_1_261' title='bbox 322 3062 364 3123; x_wconf 84' lang='lat' dir='ltr'><strong>Ex</strong></span> <span class='ocrx_word' id='word_1_262' title='bbox 388 3054 494 3140; x_wconf 90' lang='lat' dir='ltr'><strong>quibus</strong></span> <span class='ocrx_word' id='word_1_263' title='bbox 516 3060 607 3139; x_wconf 91' lang='lat' dir='ltr'><strong>liquet</strong></span> <span class='ocrx_word' id='word_1_264' title='bbox 629 3060 779 3139; x_wconf 87' lang='lat' dir='ltr'><strong>angelum,</strong></span> <span class='ocrx_word' id='word_1_265' title='bbox 808 3060 857 3138; x_wconf 93' lang='lat' dir='ltr'><strong>qui</strong></span> <span class='ocrx_word' id='word_1_266' title='bbox 879 3061 1045 3139; x_wconf 88' lang='lat' dir='ltr'><strong>Prophetae</strong></span> <span class='ocrx_word' id='word_1_267' title='bbox 1066 3061 1257 3140; x_wconf 86' lang='lat' dir='ltr'><strong>loquebatur,</strong></span> <span class='ocrx_word' id='word_1_268' title='bbox 1290 3082 1351 3125; x_wconf 89' lang='lat' dir='ltr'><strong>uon</strong></span> 
     </span>
     <span class='ocr_line' id='line_1_28' title="bbox 122 3163 1349 3245; baseline -0.003 -15"><span class='ocrx_word' id='word_1_269' title='bbox 122 3168 221 3230; x_wconf 80' lang='lat' dir='ltr'><strong>fuisse</strong></span> <span class='ocrx_word' id='word_1_270' title='bbox 244 3166 387 3245; x_wconf 91' lang='lat' dir='ltr'><strong>Spiritum</strong></span> <span class='ocrx_word' id='word_1_271' title='bbox 410 3172 556 3235; x_wconf 89' lang='lat' dir='ltr'><strong>sanctum,</strong></span> <span class='ocrx_word' id='word_1_272' title='bbox 579 3164 632 3223; x_wconf 89' lang='lat' dir='ltr'><strong>sed</strong></span> <span class='ocrx_word' id='word_1_273' title='bbox 656 3163 737 3223; x_wconf 90' lang='lat' dir='ltr'><strong>illum</strong></span> <span class='ocrx_word' id='word_1_274' title='bbox 759 3163 877 3241; x_wconf 90' lang='lat' dir='ltr'><strong>quidem</strong></span> <span class='ocrx_word' id='word_1_275' title='bbox 901 3181 968 3224; x_wconf 87' lang='lat' dir='ltr'><strong>esse</strong></span> <span class='ocrx_word' id='word_1_276' title='bbox 990 3164 1136 3243; x_wconf 88' lang='lat' dir='ltr'><strong>angelum,</strong></span> <span class='ocrx_word' id='word_1_277' title='bbox 1160 3166 1238 3226; x_wconf 90' lang='lat' dir='ltr'><strong>huno</strong></span> <span class='ocrx_word' id='word_1_278' title='bbox 1252 3175 1349 3226; x_wconf 90' lang='lat' dir='ltr'><strong>autem</strong></span> 
     </span>
     <span class='ocr_line' id='line_1_29' title="bbox 124 3264 1349 3347; baseline -0.002 -16"><span class='ocrx_word' id='word_1_279' title='bbox 124 3288 197 3332; x_wconf 89' lang='lat' dir='ltr'><strong>esse</strong></span> <span class='ocrx_word' id='word_1_280' title='bbox 220 3268 362 3347; x_wconf 89' lang='lat' dir='ltr'><strong>Spiritum</strong></span> <span class='ocrx_word' id='word_1_281' title='bbox 385 3265 437 3325; x_wconf 87' lang='lat' dir='ltr'><strong>llei</strong></span> <span class='ocrx_word' id='word_1_282' title='bbox 461 3266 687 3343; x_wconf 88' lang='lat' dir='ltr'><strong>omnipotentis,</strong></span> <span class='ocrx_word' id='word_1_283' title='bbox 711 3264 758 3325; x_wconf 90' lang='lat' dir='ltr'><strong>cui</strong></span> <span class='ocrx_word' id='word_1_284' title='bbox 780 3275 810 3324; x_wconf 91' lang='lat' dir='ltr'><strong>et</strong></span> <span class='ocrx_word' id='word_1_285' title='bbox 831 3265 952 3343; x_wconf 89' lang='lat' dir='ltr'><strong>augelus</strong></span> <span class='ocrx_word' id='word_1_286' title='bbox 968 3266 1123 3338; x_wconf 85' lang='lat' dir='ltr'><strong>ministrat,</strong></span> <span class='ocrx_word' id='word_1_287' title='bbox 1146 3267 1255 3345; x_wconf 92' lang='lat' dir='ltr'><strong>quique</strong></span> <span class='ocrx_word' id='word_1_288' title='bbox 1270 3286 1286 3328; x_wconf 91' lang='lat' dir='ltr'><strong>a</strong></span> <span class='ocrx_word' id='word_1_289' title='bbox 1302 3268 1349 3329; x_wconf 89' lang='lat' dir='ltr'><strong>di-</strong></span> 
     </span>
     <span class='ocr_line' id='line_1_30' title="bbox 122 3366 1350 3447; baseline -0.002 -15"><span class='ocrx_word' id='word_1_290' title='bbox 122 3372 246 3433; x_wconf 79' lang='lat' dir='ltr'><strong>rinitate</strong></span> <span class='ocrx_word' id='word_1_291' title='bbox 268 3368 357 3429; x_wconf 91' lang='lat' dir='ltr'><strong>dividi</strong></span> <span class='ocrx_word' id='word_1_292' title='bbox 380 3368 491 3445; x_wconf 91' lang='lat' dir='ltr'><strong>nequit,</strong></span> <span class='ocrx_word' id='word_1_293' title='bbox 514 3386 548 3427; x_wconf 89' lang='lat' dir='ltr'><strong>ac</strong></span> <span class='ocrx_word' id='word_1_294' title='bbox 568 3366 656 3427; x_wconf 86' lang='lat' dir='ltr'><strong>Verbi</strong></span> <span class='ocrx_word' id='word_1_295' title='bbox 679 3368 820 3446; x_wconf 91' lang='lat' dir='ltr'><strong>proprius</strong></span> <span class='ocrx_word' id='word_1_296' title='bbox 844 3376 898 3427; x_wconf 90' lang='lat' dir='ltr'><strong>est.</strong></span> <span class='ocrx_word' id='word_1_297' title='bbox 944 3367 1030 3439; x_wconf 84' lang='lat' dir='ltr'><strong>Quod</strong></span> <span class='ocrx_word' id='word_1_298' title='bbox 1058 3368 1083 3428; x_wconf 91' lang='lat' dir='ltr'><strong>si</strong></span> <span class='ocrx_word' id='word_1_299' title='bbox 1106 3369 1239 3447; x_wconf 79' lang='lat' dir='ltr'><strong>Apostoli</strong></span> <span class='ocrx_word' id='word_1_300' title='bbox 1262 3369 1350 3430; x_wconf 88' lang='lat' dir='ltr'><strong>verba</strong></span> 
     </span>
     <span class='ocr_line' id='line_1_31' title="bbox 122 3467 1350 3550; baseline -0.003 -15"><span class='ocrx_word' id='word_1_301' title='bbox 122 3473 215 3535; x_wconf 87' lang='lat' dir='ltr'><strong>nohis</strong></span> <span class='ocrx_word' id='word_1_302' title='bbox 239 3470 443 3550; x_wconf 89' lang='lat' dir='ltr'><strong>opposuerint,</strong></span> <span class='ocrx_word' id='word_1_303' title='bbox 466 3470 515 3547; x_wconf 89' lang='lat' dir='ltr'><strong>qui</strong></span> <span class='ocrx_word' id='word_1_304' title='bbox 539 3469 651 3530; x_wconf 87' lang='lat' dir='ltr'><strong>scilicet</strong></span> <span class='ocrx_word' id='word_1_305' title='bbox 673 3477 743 3547; x_wconf 92' lang='lat' dir='ltr'><strong>post</strong></span> <span class='ocrx_word' id='word_1_306' title='bbox 764 3467 913 3529; x_wconf 87' lang='lat' dir='ltr'><strong>Christum</strong></span> <span class='ocrx_word' id='word_1_307' title='bbox 937 3469 1047 3530; x_wconf 87' lang='lat' dir='ltr'><strong>electos</strong></span> <span class='ocrx_word' id='word_1_308' title='bbox 1070 3471 1190 3549; x_wconf 89' lang='lat' dir='ltr'><strong>angelos</strong></span> <span class='ocrx_word' id='word_1_309' title='bbox 1213 3472 1350 3532; x_wconf 87' lang='lat' dir='ltr'><strong>uomina-</strong></span> 
     </span>
     <span class='ocr_line' id='line_1_32' title="bbox 122 3569 1351 3651; baseline -0.002 -14"><span class='ocrx_word' id='word_1_310' title='bbox 122 3579 184 3648; x_wconf 83' lang='lat' dir='ltr'><strong>rit,</strong></span> <span class='ocrx_word' id='word_1_311' title='bbox 214 3573 327 3646; x_wconf 90' lang='lat' dir='ltr'><strong>dicant,</strong></span> <span class='ocrx_word' id='word_1_312' title='bbox 356 3573 474 3651; x_wconf 90' lang='lat' dir='ltr'><strong>quinam</strong></span> <span class='ocrx_word' id='word_1_313' title='bbox 505 3591 539 3632; x_wconf 89' lang='lat' dir='ltr'><strong>ex</strong></span> <span class='ocrx_word' id='word_1_314' title='bbox 569 3572 626 3632; x_wconf 93' lang='lat' dir='ltr'><strong>illis</strong></span> <span class='ocrx_word' id='word_1_315' title='bbox 650 3569 788 3632; x_wconf 89' lang='lat' dir='ltr'><strong>omnibus</strong></span> <span class='ocrx_word' id='word_1_316' title='bbox 811 3570 946 3632; x_wconf 82' lang='lat' dir='ltr'><strong>Trinitati</strong></span> <span class='ocrx_word' id='word_1_317' title='bbox 970 3571 1173 3650; x_wconf 89' lang='lat' dir='ltr'><strong>adiungendus</strong></span> <span class='ocrx_word' id='word_1_318' title='bbox 1198 3574 1245 3635; x_wconf 90' lang='lat' dir='ltr'><strong>sit.</strong></span> <span class='ocrx_word' id='word_1_319' title='bbox 1290 3573 1351 3634; x_wconf 88' lang='lat' dir='ltr'><strong>Nec</strong></span> 
     </span>
    </p>
   </div>
   <div class='ocr_carea' id='block_1_4' title="bbox 118 3751 1456 4572">
    <p class='ocr_par' dir='ltr' id='par_1_6' title="bbox 118 3751 1456 4572">
     <span class='ocr_line' id='line_1_33' title="bbox 121 3751 1351 3821; baseline -0.001 -10"><span class='ocrx_word' id='word_1_320' title='bbox 121 3756 171 3811; x_wconf 79' lang='grc' dir='ltr'><strong>καὶ</strong></span> <span class='ocrx_word' id='word_1_321' title='bbox 190 3751 271 3811; x_wconf 76' lang='grc' dir='ltr'><em>αὐτός</em></span> <span class='ocrx_word' id='word_1_322' title='bbox 289 3775 336 3808; x_wconf 92' lang='lat' dir='ltr'><strong>uon</strong></span> <span class='ocrx_word' id='word_1_323' title='bbox 356 3760 451 3807; x_wconf 84' lang='lat' dir='ltr'><strong>habent.</strong></span> <span class='ocrx_word' id='word_1_324' title='bbox 797 3759 812 3805; x_wconf 92' lang='lat' dir='ltr'><strong>i.</strong></span> <span class='ocrx_word' id='word_1_325' title='bbox 837 3758 877 3806; x_wconf 82' lang='lat' dir='ltr'><strong>ste</strong></span> <span class='ocrx_word' id='word_1_326' title='bbox 895 3757 950 3819; x_wconf 82' lang='lat' dir='ltr'><strong>lieg.</strong></span> <span class='ocrx_word' id='word_1_327' title='bbox 971 3759 992 3807; x_wconf 87' lang='grc'><strong>1.</strong></span> <span class='ocrx_word' id='word_1_328' title='bbox 1014 3759 1113 3821; x_wconf 89' lang='lat' dir='ltr'><strong>Seguer.</strong></span> <span class='ocrx_word' id='word_1_329' title='bbox 1132 3759 1200 3810; x_wconf 86' lang='lat' dir='ltr'><strong>Gohl.</strong></span> <span class='ocrx_word' id='word_1_330' title='bbox 1218 3760 1308 3820; x_wconf 78' lang='lat' dir='ltr'><strong>huglic.</strong></span> <span class='ocrx_word' id='word_1_331' title='bbox 1327 3768 1351 3810; x_wconf 84' lang='lat' dir='ltr'><strong>ct</strong></span> 
     </span>
     <span class='ocr_line' id='line_1_34' title="bbox 159 3820 1347 3892; baseline -0.003 -13"><span class='ocrx_word' id='word_1_332' title='bbox 159 3846 181 3879; x_wconf 80' lang='lat' dir='ltr'><strong>e.</strong></span> <span class='ocrx_word' id='word_1_333' title='bbox 201 3829 297 3878; x_wconf 81' lang='lat' dir='ltr'><strong>Gobler.</strong></span> <span class='ocrx_word' id='word_1_334' title='bbox 316 3836 339 3877; x_wconf 88' lang='lat' dir='ltr'><strong>et</strong></span> <span class='ocrx_word' id='word_1_335' title='bbox 357 3827 460 3875; x_wconf 76' lang='lat' dir='ltr'><strong>belchtn.</strong></span> <span class='ocrx_word' id='word_1_336' title='bbox 479 3825 499 3873; x_wconf 93' lang='lat' dir='ltr'><strong>l.</strong></span> <span class='ocrx_word' id='word_1_337' title='bbox 519 3821 616 3891; x_wconf 80' lang='grc' dir='ltr'><strong><em>φασὶν,</em></strong></span> <span class='ocrx_word' id='word_1_338' title='bbox 635 3820 711 3892; x_wconf 81' lang='grc' dir='ltr'><em>παρὰ</em></span> <span class='ocrx_word' id='word_1_339' title='bbox 761 3825 867 3873; x_wconf 82' lang='lat' dir='ltr'><strong>Felclun.</strong></span> <span class='ocrx_word' id='word_1_340' title='bbox 880 3825 901 3873; x_wconf 86' lang='lat' dir='ltr'><strong>l.</strong></span> <span class='ocrx_word' id='word_1_341' title='bbox 937 3827 1043 3875; x_wconf 72' lang='lat' dir='ltr'><strong>Attamen</strong></span> <span class='ocrx_word' id='word_1_342' title='bbox 1063 3829 1193 3875; x_wconf 69' lang='lat' dir='ltr'><strong>(lobiensi</strong></span> <span class='ocrx_word' id='word_1_343' title='bbox 1210 3827 1347 3875; x_wconf 85' lang='lat' dir='ltr'><strong>Felchm.l.</strong></span> 
     </span>
     <span class='ocr_line' id='line_1_35' title="bbox 120 3889 1456 3962; baseline -0.005 -16"><span class='ocrx_word' id='word_1_344' title='bbox 120 3897 162 3962; x_wconf 79' lang='grc' dir='ltr'><strong>τῷ</strong></span> <span class='ocrx_word' id='word_1_345' title='bbox 183 3890 317 3960; x_wconf 81' lang='grc' dir='ltr'><em>Ζαχαρίᾳ.</em></span> <span class='ocrx_word' id='word_1_346' title='bbox 356 3894 429 3943; x_wconf 87' lang='lat' dir='ltr'><strong>iidem</strong></span> <span class='ocrx_word' id='word_1_347' title='bbox 456 3909 508 3942; x_wconf 87' lang='lat' dir='ltr'><strong>mox</strong></span> <span class='ocrx_word' id='word_1_348' title='bbox 533 3904 555 3943; x_wconf 85' lang='lat' dir='ltr'><strong>et</strong></span> <span class='ocrx_word' id='word_1_349' title='bbox 580 3896 669 3956; x_wconf 80' lang='lat' dir='ltr'><strong>[legi.</strong></span> <span class='ocrx_word' id='word_1_350' title='bbox 689 3903 712 3943; x_wconf 89' lang='lat' dir='ltr'><strong>et</strong></span> <span class='ocrx_word' id='word_1_351' title='bbox 762 3892 810 3940; x_wconf 82' lang='grc' dir='ltr'><strong>τοῦ</strong></span> <span class='ocrx_word' id='word_1_352' title='bbox 830 3893 949 3941; x_wconf 87' lang='lat' dir='ltr'><strong>omittunt.</strong></span> <span class='ocrx_word' id='word_1_353' title='bbox 984 3895 1028 3942; x_wconf 79' lang='lat' dir='ltr'><strong>Alii</strong></span> <span class='ocrx_word' id='word_1_354' title='bbox 1048 3904 1070 3942; x_wconf 86' lang='lat' dir='ltr'><strong>et</strong></span> <span class='ocrx_word' id='word_1_355' title='bbox 1088 3896 1143 3943; x_wconf 84' lang='lat' dir='ltr'><strong>editi</strong></span> <span class='ocrx_word' id='word_1_356' title='bbox 1162 3889 1348 3958; x_wconf 76' lang='lat' dir='ltr'><strong>rbdirrrsbpu</strong></span> <span class='ocrx_word' id='word_1_357' title='bbox 1450 3920 1456 3934; x_wconf 89' lang='lat'><strong>·</strong></span> 
     </span>
     <span class='ocr_line' id='line_1_36' title="bbox 120 3952 1348 4027; baseline -0.004 -13"><span class='ocrx_word' id='word_1_358' title='bbox 120 3969 225 4027; x_wconf 77' lang='lat' dir='ltr'><strong>Seguer.</strong></span> <span class='ocrx_word' id='word_1_359' title='bbox 249 3955 332 4021; x_wconf 76' lang='grc' dir='ltr'><em>δῆλόν</em></span> <span class='ocrx_word' id='word_1_360' title='bbox 348 3955 437 4016; x_wconf 79' lang='grc' dir='ltr'><em>ἔστιν,</em></span> <span class='ocrx_word' id='word_1_361' title='bbox 464 3953 513 4009; x_wconf 80' lang='grc' dir='ltr'><strong>ὅτι.</strong></span> <span class='ocrx_word' id='word_1_362' title='bbox 549 3965 670 4019; x_wconf 78' lang='lat' dir='ltr'><strong>Anglioau.</strong></span> <span class='ocrx_word' id='word_1_363' title='bbox 690 3972 714 4012; x_wconf 80' lang='lat' dir='ltr'><strong>et</strong></span> <span class='ocrx_word' id='word_1_364' title='bbox 764 3955 794 4008; x_wconf 81' lang='grc' dir='ltr'><strong>τὸ</strong></span> <span class='ocrx_word' id='word_1_365' title='bbox 814 3952 907 4023; x_wconf 77' lang='grc' dir='ltr'><strong><em>ἅγιον,</em></strong></span> <span class='ocrx_word' id='word_1_366' title='bbox 933 3953 990 4008; x_wconf 76' lang='grc' dir='ltr'><strong>ἐστὶ</strong></span> <span class='ocrx_word' id='word_1_367' title='bbox 1008 3956 1039 4008; x_wconf 82' lang='lat' dir='ltr'><strong>rb</strong></span> <span class='ocrx_word' id='word_1_368' title='bbox 1057 3961 1163 4026; x_wconf 80' lang='grc' dir='ltr'><em>πνεῦμα</em></span> <span class='ocrx_word' id='word_1_369' title='bbox 1181 3961 1229 4009; x_wconf 81' lang='grc' dir='ltr'><strong>τοῦ</strong></span> <span class='ocrx_word' id='word_1_370' title='bbox 1247 3976 1348 4009; x_wconf 78' lang='grc' dir='ltr'><em>παντο-</em></span> 
     </span>
     <span class='ocr_line' id='line_1_37' title="bbox 120 4023 905 4094; baseline -0.013 -11"><span class='ocrx_word' id='word_1_371' title='bbox 120 4026 349 4093; x_wconf 62' lang='lat' dir='ltr'><strong>{cognoscuntur</strong></span> <span class='ocrx_word' id='word_1_372' title='bbox 369 4023 418 4079; x_wconf 81' lang='lat' dir='ltr'><strong>b&#39;rt.</strong></span> <span class='ocrx_word' id='word_1_373' title='bbox 454 4032 532 4080; x_wconf 85' lang='lat' dir='ltr'><strong>Ceteri</strong></span> <span class='ocrx_word' id='word_1_374' title='bbox 551 4041 574 4079; x_wconf 86' lang='lat' dir='ltr'><strong>et</strong></span> <span class='ocrx_word' id='word_1_375' title='bbox 592 4032 648 4080; x_wconf 86' lang='lat' dir='ltr'><strong>editi</strong></span> <span class='ocrx_word' id='word_1_376' title='bbox 668 4025 712 4089; x_wconf 68' lang='lat' dir='ltr'><strong>‹tq-</strong></span> <span class='ocrx_word' id='word_1_377' title='bbox 762 4023 905 4094; x_wconf 79' lang='grc' dir='ltr'><em>κράτορος.</em></span> 
     </span>
     <span class='ocr_line' id='line_1_38' title="bbox 119 4093 1346 4158; baseline -0.002 -10"><span class='ocrx_word' id='word_1_378' title='bbox 119 4093 224 4151; x_wconf 79' lang='grc' dir='ltr'><strong><em>λονόῑι.</em></strong></span> <span class='ocrx_word' id='word_1_379' title='bbox 293 4144 303 4156; x_wconf 82' lang='grc'><strong><em>,</em></strong></span> <span class='ocrx_word' id='word_1_380' title='bbox 799 4099 820 4144; x_wconf 85' lang='lat' dir='ltr'><strong>lt.</strong></span> <span class='ocrx_word' id='word_1_381' title='bbox 839 4098 879 4145; x_wconf 83' lang='lat' dir='ltr'><strong>Sic</strong></span> <span class='ocrx_word' id='word_1_382' title='bbox 897 4098 986 4154; x_wconf 77' lang='lat' dir='ltr'><strong>liegi.</strong></span> <span class='ocrx_word' id='word_1_383' title='bbox 1006 4096 1307 4158; x_wconf 83' lang='lat' dir='ltr'><strong>SeguGohletFelcltm.</strong></span> <span class='ocrx_word' id='word_1_384' title='bbox 1324 4097 1346 4145; x_wconf 89' lang='lat' dir='ltr'><strong>l.</strong></span> 
     </span>
     <span class='ocr_line' id='line_1_39' title="bbox 158 4154 1456 4229; baseline -0.006 -12"><span class='ocrx_word' id='word_1_385' title='bbox 158 4171 176 4218; x_wconf 85' lang='lat' dir='ltr'><strong>i.</strong></span> <span class='ocrx_word' id='word_1_386' title='bbox 195 4170 251 4229; x_wconf 79' lang='lat' dir='ltr'><strong>Reg.</strong></span> <span class='ocrx_word' id='word_1_387' title='bbox 274 4168 294 4217; x_wconf 90' lang='lat' dir='ltr'><strong>l.</strong></span> <span class='ocrx_word' id='word_1_388' title='bbox 314 4175 336 4216; x_wconf 85' lang='lat' dir='ltr'><strong>et</strong></span> <span class='ocrx_word' id='word_1_389' title='bbox 354 4169 452 4226; x_wconf 84' lang='lat' dir='ltr'><strong>Seguer.</strong></span> <span class='ocrx_word' id='word_1_390' title='bbox 472 4154 540 4215; x_wconf 79' lang='grc' dir='ltr'><strong>εἶπα.</strong></span> <span class='ocrx_word' id='word_1_391' title='bbox 763 4165 840 4215; x_wconf 85' lang='lat' dir='ltr'><strong>Ceteri</strong></span> <span class='ocrx_word' id='word_1_392' title='bbox 865 4180 919 4213; x_wconf 84' lang='lat' dir='ltr'><strong>vero</strong></span> <span class='ocrx_word' id='word_1_393' title='bbox 944 4173 967 4213; x_wconf 87' lang='lat' dir='ltr'><strong>et</strong></span> <span class='ocrx_word' id='word_1_394' title='bbox 991 4167 1047 4213; x_wconf 87' lang='lat' dir='ltr'><strong>editi</strong></span> <span class='ocrx_word' id='word_1_395' title='bbox 1073 4156 1164 4229; x_wconf 75' lang='grc' dir='ltr'><em>ἰσχύος</em></span> <span class='ocrx_word' id='word_1_396' title='bbox 1188 4162 1235 4210; x_wconf 81' lang='grc' dir='ltr'><strong>τοῦ</strong></span> <span class='ocrx_word' id='word_1_397' title='bbox 1256 4157 1347 4226; x_wconf 80' lang='grc' dir='ltr'><strong><em>λόγου.</em></strong></span> <span class='ocrx_word' id='word_1_398' title='bbox 1452 4178 1456 4190; x_wconf 92' lang='grc'><strong><em>·</em></strong></span> 
     </span>
     <span class='ocr_line' id='line_1_40' title="bbox 156 4224 1347 4299; baseline -0.002 -15"><span class='ocrx_word' id='word_1_399' title='bbox 156 4252 180 4299; x_wconf 87' lang='lat' dir='ltr'><strong>g.</strong></span> <span class='ocrx_word' id='word_1_400' title='bbox 200 4237 256 4296; x_wconf 80' lang='lat' dir='ltr'><strong>lieg.</strong></span> <span class='ocrx_word' id='word_1_401' title='bbox 277 4237 297 4284; x_wconf 87' lang='lat' dir='ltr'><strong>t.</strong></span> <span class='ocrx_word' id='word_1_402' title='bbox 324 4239 423 4296; x_wconf 82' lang='lat' dir='ltr'><strong>Seguer.</strong></span> <span class='ocrx_word' id='word_1_403' title='bbox 448 4236 544 4285; x_wconf 85' lang='lat' dir='ltr'><strong>Gobler.</strong></span> <span class='ocrx_word' id='word_1_404' title='bbox 564 4244 587 4284; x_wconf 86' lang='lat' dir='ltr'><strong>et</strong></span> <span class='ocrx_word' id='word_1_405' title='bbox 604 4233 709 4283; x_wconf 73' lang='lat' dir='ltr'><strong>ielcltm.</strong></span> <span class='ocrx_word' id='word_1_406' title='bbox 761 4234 821 4282; x_wconf 89' lang='lat' dir='ltr'><strong>lbid.</strong></span> <span class='ocrx_word' id='word_1_407' title='bbox 841 4232 933 4294; x_wconf 82' lang='lat' dir='ltr'><strong>Regi.</strong></span> <span class='ocrx_word' id='word_1_408' title='bbox 960 4239 983 4280; x_wconf 84' lang='lat' dir='ltr'><strong>et</strong></span> <span class='ocrx_word' id='word_1_409' title='bbox 1009 4233 1107 4295; x_wconf 82' lang='lat' dir='ltr'><strong>Seguer.</strong></span> <span class='ocrx_word' id='word_1_410' title='bbox 1132 4226 1188 4280; x_wconf 75' lang='grc' dir='ltr'><strong>ἐπεὶ</strong></span> <span class='ocrx_word' id='word_1_411' title='bbox 1211 4224 1284 4279; x_wconf 78' lang='grc' dir='ltr'><strong>εἶτά</strong></span> <span class='ocrx_word' id='word_1_412' title='bbox 1303 4242 1347 4282; x_wconf 87' lang='lat' dir='ltr'><strong>etc.</strong></span> 
     </span>
     <span class='ocr_line' id='line_1_41' title="bbox 122 4292 1347 4362; baseline -0.007 -6"><span class='ocrx_word' id='word_1_413' title='bbox 122 4307 145 4356; x_wconf 87' lang='lat'><strong>1.</strong></span> <span class='ocrx_word' id='word_1_414' title='bbox 167 4295 222 4351; x_wconf 76' lang='grc' dir='ltr'><strong><em>ἀλλ’</em></strong></span> <span class='ocrx_word' id='word_1_415' title='bbox 243 4297 258 4362; x_wconf 75' lang='grc' dir='ltr'><em>ἢ</em></span> <span class='ocrx_word' id='word_1_416' title='bbox 276 4297 306 4352; x_wconf 80' lang='grc' dir='ltr'><strong>ἐν</strong></span> <span class='ocrx_word' id='word_1_417' title='bbox 324 4313 367 4353; x_wconf 82' lang='lat' dir='ltr'><strong>etc.</strong></span> <span class='ocrx_word' id='word_1_418' title='bbox 763 4301 860 4350; x_wconf 89' lang='lat' dir='ltr'><strong>Gobler.</strong></span> <span class='ocrx_word' id='word_1_419' title='bbox 886 4310 909 4348; x_wconf 82' lang='lat' dir='ltr'><strong>et</strong></span> <span class='ocrx_word' id='word_1_420' title='bbox 935 4301 1037 4348; x_wconf 77' lang='lat' dir='ltr'><strong>Felcltm.</strong></span> <span class='ocrx_word' id='word_1_421' title='bbox 1061 4301 1080 4348; x_wconf 91' lang='lat' dir='ltr'><strong>l.</strong></span> <span class='ocrx_word' id='word_1_422' title='bbox 1100 4292 1191 4358; x_wconf 71' lang='grc' dir='ltr'><em>ἐπειδὴ</em></span> <span class='ocrx_word' id='word_1_423' title='bbox 1210 4292 1234 4348; x_wconf 79' lang='grc' dir='ltr'><strong>εἰ</strong></span> <span class='ocrx_word' id='word_1_424' title='bbox 1254 4292 1283 4346; x_wconf 82' lang='grc' dir='ltr'><strong>τό</strong></span> <span class='ocrx_word' id='word_1_425' title='bbox 1302 4308 1347 4350; x_wconf 87' lang='lat' dir='ltr'><strong>etc.</strong></span> 
     </span>
     <span class='ocr_line' id='line_1_42' title="bbox 157 4361 1191 4434; baseline -0.004 -13"><span class='ocrx_word' id='word_1_426' title='bbox 157 4373 182 4421; x_wconf 88' lang='lat' dir='ltr'><strong>h.</strong></span> <span class='ocrx_word' id='word_1_427' title='bbox 203 4373 243 4420; x_wconf 83' lang='lat' dir='ltr'><strong>Sic</strong></span> <span class='ocrx_word' id='word_1_428' title='bbox 267 4386 435 4421; x_wconf 79' lang='lat' dir='ltr'><strong>mssomnes.</strong></span> <span class='ocrx_word' id='word_1_429' title='bbox 471 4371 548 4434; x_wconf 85' lang='lat' dir='ltr'><strong>Editio</strong></span> <span class='ocrx_word' id='word_1_430' title='bbox 568 4371 711 4419; x_wconf 80' lang='lat' dir='ltr'><strong>Commeliu.</strong></span> <span class='ocrx_word' id='word_1_431' title='bbox 762 4369 807 4417; x_wconf 79' lang='lat' dir='ltr'><strong>Alii</strong></span> <span class='ocrx_word' id='word_1_432' title='bbox 825 4378 848 4417; x_wconf 90' lang='lat' dir='ltr'><strong>ot</strong></span> <span class='ocrx_word' id='word_1_433' title='bbox 865 4369 921 4417; x_wconf 81' lang='lat' dir='ltr'><strong>editi</strong></span> <span class='ocrx_word' id='word_1_434' title='bbox 939 4361 1029 4424; x_wconf 68' lang='lat' dir='ltr'><strong>insidi</strong></span> <span class='ocrx_word' id='word_1_435' title='bbox 1049 4363 1079 4415; x_wconf 71' lang='grc' dir='ltr'><strong>δὲ</strong></span> <span class='ocrx_word' id='word_1_436' title='bbox 1096 4361 1128 4415; x_wconf 86' lang='grc' dir='ltr'><strong>τό</strong></span> <span class='ocrx_word' id='word_1_437' title='bbox 1147 4378 1191 4417; x_wconf 87' lang='lat' dir='ltr'><strong>etc.</strong></span> 
     </span>
     <span class='ocr_line' id='line_1_43' title="bbox 119 4431 1350 4500; baseline -0.005 -8"><span class='ocrx_word' id='word_1_438' title='bbox 119 4431 315 4498; x_wconf 61' lang='lat' dir='ltr'><strong>maledieto».</strong></span> <span class='ocrx_word' id='word_1_439' title='bbox 353 4440 443 4489; x_wconf 84' lang='lat' dir='ltr'><strong>ibidem</strong></span> <span class='ocrx_word' id='word_1_440' title='bbox 464 4439 551 4500; x_wconf 79' lang='lat' dir='ltr'><strong>Regi.</strong></span> <span class='ocrx_word' id='word_1_441' title='bbox 571 4448 594 4486; x_wconf 84' lang='lat' dir='ltr'><strong>et</strong></span> <span class='ocrx_word' id='word_1_442' title='bbox 611 4440 710 4499; x_wconf 84' lang='lat' dir='ltr'><strong>Seguer.</strong></span> <span class='ocrx_word' id='word_1_443' title='bbox 797 4439 812 4485; x_wconf 84' lang='lat' dir='ltr'><strong>l.</strong></span> <span class='ocrx_word' id='word_1_444' title='bbox 837 4438 950 4497; x_wconf 86' lang='lat' dir='ltr'><strong>Siolleg.</strong></span> <span class='ocrx_word' id='word_1_445' title='bbox 969 4436 990 4484; x_wconf 91' lang='lat' dir='ltr'><strong>l.</strong></span> <span class='ocrx_word' id='word_1_446' title='bbox 1009 4435 1073 4484; x_wconf 70' lang='lat' dir='ltr'><strong>eth.</strong></span> <span class='ocrx_word' id='word_1_447' title='bbox 1093 4436 1191 4498; x_wconf 81' lang='lat' dir='ltr'><strong>Seguer.</strong></span> <span class='ocrx_word' id='word_1_448' title='bbox 1210 4435 1350 4487; x_wconf 72' lang='lat' dir='ltr'><strong>(lobiensi</strong></span> 
     </span>
     <span class='ocr_line' id='line_1_44' title="bbox 118 4494 1347 4572; baseline -0.002 -15"><span class='ocrx_word' id='word_1_449' title='bbox 118 4494 174 4558; x_wconf 72' lang='lat' dir='ltr'><strong>obv</strong></span> <span class='ocrx_word' id='word_1_450' title='bbox 192 4509 313 4559; x_wconf 84' lang='lat' dir='ltr'><strong>omittunt.</strong></span> <span class='ocrx_word' id='word_1_451' title='bbox 763 4504 867 4555; x_wconf 81' lang='lat' dir='ltr'><strong>i&#39;elclm.</strong></span> <span class='ocrx_word' id='word_1_452' title='bbox 879 4505 901 4553; x_wconf 89' lang='lat'><strong>1.</strong></span> <span class='ocrx_word' id='word_1_453' title='bbox 937 4505 1015 4554; x_wconf 82' lang='lat' dir='ltr'><strong>Ceteri</strong></span> <span class='ocrx_word' id='word_1_454' title='bbox 1025 4512 1105 4554; x_wconf 78' lang='lat' dir='ltr'><strong>autem</strong></span> <span class='ocrx_word' id='word_1_455' title='bbox 1121 4512 1145 4555; x_wconf 85' lang='lat' dir='ltr'><strong>et</strong></span> <span class='ocrx_word' id='word_1_456' title='bbox 1154 4505 1211 4558; x_wconf 83' lang='lat' dir='ltr'><strong>editi</strong></span> <span class='ocrx_word' id='word_1_457' title='bbox 1220 4497 1250 4553; x_wconf 73' lang='lat' dir='ltr'><strong>ir</strong></span> <span class='ocrx_word' id='word_1_458' title='bbox 1259 4501 1292 4572; x_wconf 72' lang='grc' dir='ltr'><strong>τῇ</strong></span> <span class='ocrx_word' id='word_1_459' title='bbox 1302 4511 1347 4555; x_wconf 82' lang='lat' dir='ltr'><strong>etc.</strong></span> 
     </span>
    </p>
   </div>
   <div class='ocr_carea' id='block_1_5' title="bbox 0 0 1478 5092">
    <p class='ocr_par' dir='ltr' id='par_1_7' title="bbox 0 0 1478 5092">
     <span class='ocr_line' id='line_1_45' title="bbox 0 0 1478 5092; baseline 0 2"><span class='ocrx_word' id='word_1_460' title='bbox 0 0 1478 5092; x_wconf 95' lang='lat' dir='ltr'><strong> </strong></span> 
     </span>
    </p>
   </div>
  </div>
 </body>
</html>
