2948 5092
200 256 239 321 ld
721 269 894 314 emmeno.

196 422 319 502 reliquis
342 420 481 482 omnibus
503 421 707 500 distinguitur.
752 420 810 481 Sed
833 419 965 482 nondtun
981 418 1135 493 declaravi,
1156 437 1231 499 quas
1253 420 1285 481 in
1307 420 1430 486 delectu

195 524 378 585 instituendo
395 530 516 584 secutus
532 522 589 584 sim
604 523 737 583 rationes
749 522 793 583 vel
805 540 878 600 quas
902 520 939 581 ad
954 519 1071 600 regulis
1086 519 1227 583 iudicium
1243 521 1281 582 de
1294 522 1426 601 singulis

196 625 279 688 libris
301 625 347 686 vel
368 623 548 703 recipiendis
570 622 616 684 rel
632 641 693 687 nnn
715 623 892 702 recipiendis
912 621 1082 682 direxerim.
1125 621 1160 682 ln
1174 638 1235 701 quo
1249 621 1280 683 id
1295 622 1427 686 maxime

196 727 356 788 cavendum
380 744 446 787 esse
469 728 584 803 putari,
613 743 650 784 ne
678 743 741 785 rem
763 740 881 784 omnem
904 723 941 783 ad
963 741 1062 784 meum
1090 723 1243 784 arbitrium
1265 742 1429 787 resonasse

195 828 322 888 viderer.
386 826 549 906 Propterea
571 827 648 887 sieut
671 826 708 886 de
729 824 861 904 patribus
883 824 976 904 ipsis,
998 824 1050 903 qui
1071 824 1108 885 ad
1131 825 1232 903 operis
1253 825 1424 888 instihrtum

194 929 387 1009 pertinerent,
410 946 447 989 ex
469 929 617 988 communi
640 926 782 988 ecclesiae
803 925 949 987 sententia
970 925 1070 998 statui,
1093 925 1133 987 ita
1155 927 1244 987 etiarn
1261 926 1307 988 illa
1329 944 1424 1005 prae·

75 1108 79 1117 Ι
195 1027 281 1110 οἱμιυ
302 1029 411 1108 scripta
433 1028 694 1107 circumspicienda
717 1037 746 1088 et
768 1026 921 1107 deligenda
943 1045 1012 1089 esse
1033 1026 1169 1100 iudicari,
1190 1045 1266 1107 quae
1281 1036 1424 1106 anquam

195 1148 330 1192 normam
353 1138 435 1191 recte
457 1129 605 1191 sentiendi
628 1138 658 1190 et
679 1127 805 1190 docendi
827 1127 864 1189 ab
887 1128 1010 1190 ecclesia
1026 1129 1128 1189 eluere
1150 1127 1325 1191 doctoribus
1347 1146 1423 1208 prae

194 1230 261 1293 aliis
291 1230 415 1312 probata
444 1249 512 1293 esse
533 1230 677 1291 riderem.
731 1230 825 1292 Simul
846 1247 936 1304 vero,
966 1228 1113 1309 siquidem
1135 1229 1324 1309 propositum
1345 1229 1423 1292 mihi

194 1340 241 1393 est
268 1332 411 1393 historiae
438 1331 608 1410 dogmatum
636 1331 789 1393 studiosos
817 1330 961 1392 librorum
989 1329 1027 1391 ab
1054 1329 1154 1391 multis
1182 1329 1423 1393 desideratorem

192 1443 336 1514 apparatu
363 1450 482 1512 augere,
509 1433 546 1494 ad
568 1433 725 1495 consilium
747 1430 806 1493 boc
831 1431 977 1494 delectum
999 1431 1222 1493 accommodare
1246 1430 1349 1492 studui
1368 1431 1424 1504 ita,

193 1543 227 1595 ut
243 1552 302 1595 nnn
326 1533 505 1614 negligerem
527 1533 621 1595 libros
643 1543 770 1613 patrum,
794 1550 828 1593 ex
850 1533 960 1614 quibus
983 1532 1094 1594 oriris
1116 1533 1212 1595 doctis
1232 1531 1361 1611 plurima
1383 1533 1422 1595 ad

192 1635 386 1696 enarrandam
410 1644 439 1697 et
460 1628 665 1697 illustrandam
687 1635 858 1715 dogmatum
881 1634 1036 1696 historiam
1057 1635 1170 1696 hauriri
1190 1652 1334 1712 nossem„

276 1736 359 1798 Libri
382 1737 456 1817 ipsi,
484 1755 561 1816 quos
583 1735 628 1798 sic
658 1735 789 1797 delectos
810 1735 994 1797 Bibliotheca
1027 1735 1160 1810 exbibet,
1192 1735 1327 1815 plerique
1350 1743 1425 1797 sunt

114 1853 121 1865 ·
191 1856 227 1901 ex
249 1856 374 1899 numero
396 1847 571 1900 tractmuum
591 1838 810 1918 polemtcorom
832 1848 862 1898 et
884 1838 1129 1917 dogmaticoratm,
1151 1836 1183 1897 in
1203 1835 1312 1916 qnibus
1334 1844 1422 1897 rete-

191 1940 234 2001 ris
258 1938 399 2002 ecclesiae
421 1939 560 2001 doctores
583 1957 674 2019 quum
697 1939 914 2000 haereticorum
942 1955 1062 1999 errores
1091 1937 1234 1999 refellunt·
1255 1953 1424 2016 eorumque

190 2051 363 2120 argumenta
386 2039 555 2108 conluunt,
584 2048 646 2102 tum
675 2039 812 2119 dogmata
840 2039 1037 2101 ecclesiastica
1067 2038 1248 2100 enodant‘et
1270 2037 1424 2100 illustrant

190 2150 279 2221 atque
301 2150 359 2202 tarn
383 2142 550 2221 scripturae
572 2160 674 2203 sacrae
695 2142 875 2203 testimoniis
899 2159 987 2220 quam
1001 2148 1118 2219 patrum
1141 2138 1367 2201 auctoritatibus
1391 2150 1424 2202 et

191 2241 498 2321 argumentationibus
520 2242 682 2305 dialecticis
705 2244 890 2305 confirmant
935 2242 967 2303 Si
983 2240 1176 2304 conciliorum
1191 2249 1254 2303 acta
1276 2241 1421 2320 excipias,

190 2351 333 2406 mactatus
361 2343 508 2406 eiusmodi
538 2344 616 2406 inter
643 2345 741 2406 lentes
775 2344 942 2423 theologiae
969 2342 1131 2405 historicae
1158 2343 1287 2422 primum
1314 2349 1424 2404 tenent

190 2445 289 2506 locum
312 2455 390 2507 certe
411 2464 466 2525 per
488 2445 566 2507 illam
590 2453 726 2519 aetatem,
750 2464 806 2525 qua
829 2445 965 2524 dogmata
981 2444 1028 2504 de·
1041 2443 1136 2505 tribus
1151 2443 1254 2504 in‘deo
1276 2443 1421 2522 personis

189 2554 276 2625 atque
299 2545 335 2607 de
357 2546 466 2626 Christi
488 2565 617 2626 persona
640 2558 670 2609 et
690 2547 803 2608 naturis
825 2564 880 2625 per
893 2545 1029 2616 Arianos,
1051 2543 1285 2623 Apollinaristas,
1307 2542 1423 2606 Nesto·

189 2646 303 2721 manos,
325 2646 523 2727 Eutychianos
545 2648 678 2727 aliosque
700 2647 867 2710 haereticos
890 2647 921 2707 in
936 2646 1180 2725 disceptationem
1201 2653 1303 2706 vocata
1324 2663 1422 2724 eaque

189 2749 305 2810 ratione
327 2747 449 2811 uberius
472 2749 612 2830 explicata
631 2758 661 2811 ct
675 2750 840 2812 accuratius
865 2749 993 2809 delinita
1006 2756 1086 2808 sunt.
1131 2745 1246 2807 Nullum
1268 2753 1316 2806 cst
1338 2747 1420 2807 enim

188 2848 336 2911 librorum
357 2858 429 2911 tune
449 2869 466 2910 a
487 2850 622 2930 patribus
646 2852 884 2931 conscriptorum
907 2867 1012 2928 genus,
1034 2848 1112 2927 qnod
1135 2848 1203 2926 plus
1224 2848 1330 2907 atlerat
1349 2856 1421 2923 stu·

190 2949 284 3010 diosis
306 2949 449 3010 historiae
471 2950 657 3027 dogmatum,
691 2953 740 3030 qui
763 2970 824 3013 non
846 2950 936 3012 modo
965 2949 1146 3029 synodorum
1175 2957 1205 3008 et
1232 2946 1421 3026 singulomm

190 3049 399 3127 theologorum
422 3049 540 3110 decreta
563 3051 772 3129 formulasque,
795 3069 898 3112 rerum
914 3050 1002 3111 etiam
1018 3068 1120 3111 causas
1142 3066 1245 3110 eorum
1268 3048 1421 3110 rationes·

190 3168 257 3229 que,
280 3148 376 3227 quoad
399 3149 463 3210 lieri
484 3159 596 3229 potest,
617 3151 789 3231 perspicere
810 3153 955 3232 planeque
976 3168 1158 3231 cognoscere
1179 3150 1311 3227 cupiunt,
1333 3159 1368 3210 ut
1381 3149 1421 3212 de

189 3250 253 3330 ipsa
277 3249 446 3329 dogmatum
468 3252 593 3313 veritate
615 3261 645 3312 et
667 3253 830 3315 subtilitate
857 3252 1009 3333 explorate
1037 3251 1168 3312 iudicare
1194 3249 1323 3330 possint.
1366 3250 1422 3313 llla

190 3351 325 3413 eiusdem
346 3351 452 3412 aetatis
474 3353 582 3432 scripta
602 3354 764 3434 poletaieo,
786 3372 863 3435 quae
884 3371 964 3415 nunc
985 3351 1168 3435 apologetica
1188 3350 1289 3430 potius
1311 3351 1420 3430 appel-

190 3451 250 3512 lere
278 3449 429 3526 solemus,
462 3453 542 3515 velut
564 3455 684 3517 Eusebii
707 3455 880 3535 Evangelioa
907 3453 1093 3535 praeparatio
1116 3460 1147 3514 et
1167 3450 1340 3531 Evangelica
1363 3452 1420 3514 de-

190 3552 378 3625 monstratio,
401 3553 550 3616 Athanasii
573 3556 651 3618 liber
665 3566 766 3619 contra
782 3565 897 3636 gentes,
913 3554 1119 3635 chrysostomi
1134 3553 1277 3614 adremon
1290 3550 1421 3614 ludaeos

191 3653 341 3715 orationes
365 3662 395 3714 et
416 3654 649 3731 demonstratio,
671 3659 749 3737 quod
773 3658 910 3720 Christus
934 3657 973 3718 sit
994 3656 1084 3727 deus,
1107 3653 1204 3734 Cyrilli
1227 3652 1422 3716 Alexandrini

190 3763 292 3815 contra
324 3754 445 3834 impium
469 3756 611 3820 lulianum
643 3758 780 3832 tinniit..
803 3757 983 3820 Theodoreti
1017 3756 1195 3818 Graecarum
1227 3753 1422 3817 allectionem

190 3856 321 3928 curatio,
352 3856 388 3916 ad
420 3857 553 3918 notitiam
582 3859 752 3936 dogmatum
782 3859 1019 3937 theologicorum
1046 3875 1107 3919 non
1136 3863 1248 3918 mutum
1277 3864 1420 3933 prosunt,

189 3966 330 4036 quantum
342 3954 409 4016 libri
425 3957 646 4038 apologetarum
662 3961 848 4022 saeculorum
865 3959 988 4021 secundi
1002 3968 1032 4018 et
1046 3957 1137 4030 tertii,
1152 3975 1249 4036 neque
1263 3956 1294 4016 in
1306 3955 1421 4017 biblio·

189 4058 320 4129 thecam,
344 4056 440 4135 qualis
463 4059 536 4120 haec
556 4069 657 4122 nostra
680 4069 743 4136 est,
766 4060 922 4123 reserenda
943 4068 1026 4122 sunt:
1058 4058 1236 4138 praesertim
1257 4073 1351 4135 quum
1372 4074 1422 4130 ea,

190 4176 264 4240 quae
287 4156 406 4218 Eusebii
433 4169 505 4221 sunt
531 4170 561 4222 et
588 4162 785 4236 Theodoreti,
815 4180 910 4242 nuper
931 4178 949 4222 a
970 4159 1084 4221 Thomu
1108 4156 1262 4231 Gaislord,
1291 4156 1358 4219 viro
1381 4157 1424 4221 de

189 4258 296 4320 litteris
317 4258 431 4337 graecis
461 4261 667 4325 immortaliter
694 4264 819 4337 merito,
849 4261 1008 4342 separatim
1036 4259 1113 4322 edita
1137 4259 1206 4320 sint.
1249 4257 1331 4319 Idem
1354 4257 1422 4329 iere

188 4359 377 4422 iudicandum
399 4370 446 4420 est
467 4361 504 4423 de
526 4363 723 4442 scriptoribus
747 4364 919 4443 polemicis,
948 4362 999 4441 qui
1028 4371 1079 4422 aut
1107 4379 1212 4422 ornnes
1234 4358 1421 4422 anteceden-

189 4460 262 4523 tium
285 4469 315 4523 et
336 4459 460 4523 suorum
491 4463 630 4525 haereses
664 4474 865 4546 exposuerunt
898 4462 1045 4542 simulque
1076 4460 1197 4525 easdem
1229 4459 1363 4522 breviter
1383 4479 1424 4524 ac
