2948 5092
453 286 567 331 conant
581 289 799 334 xnoxtrntnrnx
812 290 899 334 tion
913 292 936 336 x.
986 268 992 277 '
1243 281 1305 346 893

10 430 26 471 '¹
74 458 120 514 ea,
145 448 325 520 quaegesta
349 448 425 512 sunt,
449 440 603 519 phantasia
626 459 744 520 quoque
766 442 926 504 existimari
943 442 1070 521 debent3
1094 447 1141 507 sin
1158 456 1255 509 autem
1271 448 1303 510 in
1313 460 1389 514 euax.

10 536 27 632 'f
71 543 199 603 veritate
221 542 296 603 dicta
320 542 388 613 sint,
412 543 564 621 alienaque
586 543 707 604 omnino
731 546 805 604 lacta
830 554 875 606 est
896 545 993 607 anima
1008 546 1125 610 Domini
1144 551 1300 629 aproprio

12 640 27 693 l
71 642 222 722 cogitandi
245 643 346 714 modo,
369 662 435 704 cum
457 644 521 704 rice
544 644 653 707 mentis
676 644 768 706 Deum
791 647 920 707 Verbum
943 648 1064 718 habeat,
1089 650 1300 712 immutabilem

10 743 22 795 :i
69 764 195 806 versum
226 746 319 807 luisse
348 746 378 805 in
402 745 552 818 dolorem,
581 746 756 808 anxietatem
780 756 810 808 et
831 750 1085 827 perturbationem
1107 752 1230 831 impium
1254 759 1302 813 cst

14 854 19 884 ²
69 847 215 927 cogitare.
260 847 343 908 Etsi
367 847 522 926 Evangelia
546 848 659 908 dicant:
692 848 844 913 Turbatus
867 862 913 911 est
935 852 1021 915 lesus
1045 853 1179 933 Spiritu,
1201 853 1232 913 id
1255 862 1303 914 ta-

10 952 14 987 ·’
67 967 144 1012 men
166 949 294 1010 declarat
317 948 461 1010 Dominus
484 950 521 1010 de
543 951 639 1010 anima
664 949 884 1029 intelligendum
908 971 995 1026 esse,
1019 955 1088 1015 dum
1111 955 1165 1014 ait:
1196 959 1303 1017 Anima

65 1069 138 1113 ntea
160 1051 285 1114 turbata
308 1061 361 1113 eat.
407 1051 494 1123 Quod
522 1052 548 1112 si
571 1054 642 1112 snae
664 1052 809 1114 Dominus
833 1055 946 1119 animae
971 1057 1178 1135 cogitationem
1201 1056 1300 1117 mani·

66 1155 176 1227 iestat,
205 1154 235 1214 id
263 1154 322 1232 agit
350 1161 383 1214 ut
410 1153 528 1214 animae
556 1163 679 1216 nostrae
708 1173 776 1216 sese
805 1155 1004 1235 adtemperet,
1038 1177 1097 1237 quo
1120 1158 1164 1218 sic
1186 1157 1301 1220 eteius

65 1255 271 1335 intelligamus
294 1254 466 1333 passionem
490 1263 519 1315 et
541 1274 607 1316 eum
631 1255 845 1338 impassibilem
869 1260 1070 1319 conliteamur.
1116 1259 1199 1319 Sicut
1221 1259 1299 1320 enim

67 1358 219 1436 sangnine
247 1357 343 1418 carnis
374 1375 445 1417 suae
467 1375 523 1417 nos
547 1357 691 1430 redemit,
720 1359 764 1419 sic
786 1355 963 1438 cogitatione
985 1360 1093 1421 mentis
1115 1378 1187 1420 suae
1209 1377 1299 1439 quam
1402 1415 1405 1418 ,

64 1476 128 1540 pro
151 1456 238 1520 nobis
261 1460 424 1537 reportavit
446 1458 597 1519 victoriam
620 1460 668 1520 his
690 1459 818 1521 declarat
839 1461 956 1522 verbis:
979 1461 1041 1540 Epo
1064 1464 1125 1523 uici
1142 1463 1297 1532 mundum,

65 1568 102 1624 et
130 1560 215 1621 alibi:
248 1561 311 1634 Qui
331 1562 411 1622 dedit
431 1561 518 1623 uobis
541 1565 710 1623 uictoriam.
755 1562 813 1623 Sed
838 1562 915 1623 sicut
937 1564 1059 1642 sanguis
1081 1563 1129 1624 ille
1151 1581 1208 1643 pro
1231 1561 1385 1625 vul-eota.

65 1663 133 1744 gari
162 1682 178 1724 a
205 1662 263 1743 piis
291 1662 462 1724 homiuibus
491 1681 642 1741 nunquam
664 1661 784 1725 habitus
807 1664 912 1737 luerit,
942 1665 1020 1743 quod
1044 1674 1141 1725 umen
1164 1663 1299 1726 infideles

62 1773 234 1838 antumant,
258 1764 312 1824 sed
333 1782 388 1844 pro
412 1764 532 1825 salutari
555 1765 715 1844 sangnine3
739 1766 782 1827 sic
803 1757 888 1827 mens
909 1766 957 1826 illa
980 1784 1041 1827 non
1065 1768 1190 1827 humana
1214 1764 1300 1826 infir·

62 1865 171 1928 mitate
193 1866 334 1939 induitur,
359 1867 413 1927 sed
422 1866 475 1926 Dei
498 1874 634 1928 naturam
659 1867 786 1928 exbibet.
833 1868 940 1946 Sioque
955 1867 1097 1929 dicendus
1109 1867 1200 1928 luerit
1210 1863 1298 1926 Chri·

62 1976 136 2031 stus
157 1968 307 2048 perfectus
330 1967 409 2028 Deus
433 1976 462 2028 et
483 1969 636 2047 perlectus
658 1968 766 2042 homo,
796 1987 858 2030 non
879 1969 958 2048 quod
981 1969 1078 2031 divina
1101 1968 1242 2049 perfectio
1265 1966 1296 2029 in

60 2070 227 2133 humanam
251 2069 463 2149 perlectionem
485 2078 597 2132 mutata
621 2071 670 2144 sit,
693 2071 772 2150 qnod
796 2071 918 2150 impium
941 2079 987 2132 est
1009 2072 1118 2143 dicere,
1141 2088 1197 2130 nec
1211 2068 1299 2130 etiarn

60 2171 150 2252 quod
172 2171 247 2231 duae
269 2172 469 2249 perfectiones
493 2191 508 2232 a
535 2172 715 2233 seinvicem
738 2173 851 2233 divisae
873 2172 1024 2245 dicantur,
1048 2172 1127 2251 quod
1151 2189 1166 2231 a
1188 2170 1300 2250 pietate

61 2274 196 2336 alienam
225 2279 288 2341 est,
317 2291 413 2352 neque
442 2292 497 2352 per
526 2273 741 2334 incrementum
763 2274 883 2335 virtutis
907 2283 937 2334 et
958 2274 1132 2334 accessione
1154 2272 1295 2347 iustitiae,

62 2373 163 2447 absit3
186 2373 239 2434 sed
262 2374 377 2435 ratione
401 2374 578 2435 existentiae
601 2374 809 2447 indeficientis,
835 2384 867 2435 ut
889 2385 1013 2453 utraque
1034 2392 1112 2435 uuus
1135 2374 1205 2445 sint,
1228 2390 1296 2434 om-

45 2476 140 2539 'nino
161 2476 327 2556 perlectus,
357 2476 436 2536 idem
459 2476 538 2537 Deus
571 2485 600 2537 et
622 2476 724 2537 homo.
769 2477 843 2537 Nam
865 2476 974 2536 idcirco
997 2475 1143 2537 Dominus
1166 2474 1297 2535 dicebat:

59 2577 157 2640 Nunc
178 2581 280 2639 anima
301 2596 367 2639 meo
390 2577 515 2640 turbata
542 2590 597 2641 est.
641 2577 716 2638 Dlud
739 2587 836 2638 autem
861 2597 951 2648 nunc,
975 2578 1005 2638 id
1020 2586 1067 2637 est
1082 2595 1147 2637 cum
1164 2577 1228 2656 ipse
1243 2593 1299 2636 vo-

58 2680 129 2743 luit.
174 2677 211 2739 tt
233 2688 313 2740 certe
334 2679 413 2758 quod
437 2687 500 2741 erat
521 2679 718 2758 significabat,
741 2698 805 2740 rem
828 2679 908 2740 enim
931 2698 990 2739 non
1014 2679 1189 2740 existentem
1212 2678 1296 2756 quasi

58 2787 254 2863 praesentem
277 2798 427 2861 nunquam
450 2782 648 2855 nominasset,
671 2799 727 2842 nec
749 2781 833 2868 quasi
857 2780 1017 2853 derebus,
1042 2799 1117 2860 quae
1138 2780 1201 2841 sola
1224 2796 1296 2858 spe·

59 2885 109 2947 cie
132 2882 304 2956 existerent,
327 2902 427 2944 sermo
450 2882 634 2958 habebatur3
657 2882 729 2944 haec
751 2882 830 2943 enim
846 2883 944 2943 omnia
960 2881 1132 2944 naturaliter
1147 2890 1177 2942 et
1190 2897 1294 2942 revera

60 2993 150 3066 gesta
172 2968 259 3047 sunt'

153 3091 202 3150 17.
248 3085 321 3147 Cum
344 3085 433 3165 igitur
455 3089 560 3146 natura
584 3095 614 3147 et
635 3103 697 3147 non
719 3084 839 3145 fictione
855 3084 999 3146 Dominus
1022 3085 1113 3145 homo
1136 3086 1228 3146 iactus
1244 3083 1296 3156 sit,

58 3206 162 3270 neque
191 3187 353 3249 secundum
383 3196 517 3249 naturam
549 3206 646 3267 neque
676 3187 840 3250 secundum
863 3187 1066 3266 operationem
1088 3193 1240 3266 peccatum
1263 3186 1294 3246 in

59 3297 229 3354 creatorem
252 3290 364 3350 referre
386 3309 559 3369 possumus.
605 3289 679 3351 Nam
702 3289 858 3350 innostra
881 3289 999 3367 quidem
1023 3298 1128 3350 natura
1144 3296 1173 3349 et
1188 3288 1293 3348 inven-

60 3393 156 3456 tionis
179 3409 283 3473 pugna
307 3391 393 3453 etiam
416 3409 496 3453 nunc
517 3391 731 3465 committitur,
761 3399 790 3452 et
812 3390 1069 3455 inductiseminis
1091 3398 1215 3471 propter
1235 3406 1294 3450 no-

56 3503 154 3557 stram
182 3493 411 3555 imbecillitatem
442 3495 475 3554 lit
505 3492 658 3566 accessio,
692 3493 779 3554 Verbi
808 3501 906 3554 autem
934 3491 1096 3553 incarnatio
1129 3491 1293 3553 secundum

54 3603 195 3658 naturam
218 3595 272 3656 Dei
293 3595 367 3656 sacta
390 3595 511 3674 incapax
533 3594 588 3656 init
612 3613 724 3669 rerum,
747 3613 822 3674 quae
845 3594 875 3654 in
899 3593 986 3655 nobis
1010 3613 1044 3654 ex
1067 3600 1212 3655 vetustate
1233 3590 1289 3653 ad·

54 3696 120 3758 huc
149 3695 344 3776 gerebantur3
377 3706 558 3776 quapropter
590 3697 732 3760 docemur
754 3714 862 3756 exuere
885 3702 1017 3756 veterem
1040 3702 1068 3754 et
1090 3693 1213 3754 induere
1234 3708 1292 3752 no·

54 3817 139 3859 vum.
183 3798 221 3860 Et
247 3816 297 3860 res
320 3798 394 3859 mira
417 3817 504 3872 sane,
533 3799 612 3878 quod
634 3798 713 3861 Deus
737 3798 828 3858 homo
853 3797 948 3858 iactus
972 3795 1012 3856 sit
1034 3802 1064 3855 et
1085 3794 1199 3873 absque
1220 3809 1293 3871 pec·

55 3917 158 3978 Vulgata
177 3920 216 3981 qui
234 3920 305 3967 dedit.
341 3917 393 3966 llox
404 3917 502 3978 Seguer.
516 3908 651 3965 οὐκοινὸν
702 3917 771 3966 deest
788 3914 851 3979 apud
871 3915 981 3964 Damaso.
999 3908 1047 3961 καί
1056 3922 1146 3962 tantum
1158 3914 1181 3961 in
1193 3913 1293 3973 Segnex.

55 3984 119 4037 τοῖς
136 3975 264 4047 εὐσεβέσι.
304 3986 393 4035 ibidem
405 3986 648 4049 tegumentum
702 3985 776 4034 deest
814 3984 865 4031 llox
889 3977 936 4030 καὶ
955 3974 1112 4034 αατώδανός
1129 3973 1188 4029 ἔστι
1207 3981 1294 4029 absunt

55 4068 106 4120 pro
124 4049 248 4112 νοηθείη,
702 4055 834 4113 aseguer.
860 4051 932 4099 Dasil.
952 4051 1042 4112 anglie.
1070 4061 1093 4100 et
1113 4050 1237 4110 Damasc.;
1267 4049 1291 4096 in

95 4122 112 4170 l.
137 4121 208 4183 Sego.
228 4112 276 4168 οὐκ
293 4111 474 4188 ἀνθρωπίνην
490 4111 646 4168 ἀσθένειαν.
702 4119 755 4169 aliis
776 4128 797 4167 et
817 4120 840 4168 in
860 4118 930 4168 editis
951 4118 1070 4179 leguntur.

54 4190 125 4240 lnlrx
144 4182 189 4235 καὶ
207 4179 294 4241 οὕτως
312 4180 346 4236 ἂν
363 4184 468 4253 λέγοιτο
487 4185 585 4240 τέλειος
603 4197 649 4239 ete.
737 4189 759 4236 b.
779 4188 877 4248 Segner.
897 4178 912 4245 ἢ
932 4178 969 4238 ὡς
986 4180 1042 4232 δον.
1081 4185 1191 4234 Damaso.
1203 4181 1292 4232 ibidem

55 4259 180 4308 habentur
206 4257 270 4321 apud
300 4259 424 4307 Leontium
450 4258 543 4321 Byzaut.
569 4259 610 4305 lib.
630 4255 648 4306 l.
699 4250 855 4321 γενομένων
873 4253 929 4301 τῶν
946 4250 1039 4318 λεγομ.
1090 4313 1098 4331 ¹

54 4335 144 4377 contre
167 4325 306 4375 Nestorium
333 4334 355 4375 et
379 4326 499 4388 Eutychen
525 4324 648 4389 [Gallandi
735 4326 749 4372 i.
770 4326 868 4384 Seguer.
888 4316 966 4387 ripaeis.
1005 4322 1066 4370 Editi
1085 4317 1163 4385 uptiis.

53 4393 120 4445 Bibl.
141 4393 203 4443 Patr.
223 4394 292 4442 Tom.
305 4394 353 4443 llll.
373 4408 397 4457 p.
410 4389 488 4458 669.].
736 4393 757 4441 lx.
777 4393 876 4453 Seguer.
895 4391 968 4439 basil.
984 4397 1007 4438 et
1020 4389 1087 4451 Angl.
1105 4376 1289 4469 upopaippotr.

93 4477 118 4525 g.
136 4461 201 4512 llaec
219 4462 361 4511 adferuntur
378 4461 550 4511 aDamasceuo
565 4460 649 4510 libili.
736 4460 752 4509 l.
771 4462 870 4522 Segner.
889 4458 980 4519 Anglic.
1000 4457 1099 4509 Gobler.
1114 4464 1138 4505 et
1153 4455 1256 4503 lelclxn.
1269 4454 1292 4504 l.

54 4529 91 4582 ds
108 4529 205 4581 orthod
225 4529 272 4591 tide
291 4527 394 4594 capti.
428 4528 522 4580 ibidem
537 4522 593 4595 γὰρ
606 4528 654 4577 καί
702 4518 881 4578 ἐνδύσασθαι.
918 4525 1063 4576 Editietnlii
1077 4514 1288 4576 ἐπενδύσασθαι
