2948 5092
466 279 582 323 conans
595 281 813 325 aroccrnanrorr
827 282 914 326 cmo
929 284 950 326 r.
1248 272 1309 336 901

84 433 232 494 tationem
257 440 286 492 et
307 431 560 509 participationem
583 432 730 510 perfectae
752 432 889 494 novitatis
905 433 1038 495 Christi?
1081 435 1140 496 Sed
1163 436 1235 498 nihil
1250 455 1397 499 noum.

86 534 253 596 commenti
282 532 373 604 estis,
402 541 435 592 ut
462 550 549 592 uuam
579 533 705 611 negandi
728 534 904 594 sententiam
927 536 1088 597 adornetis.
1134 536 1172 597 Et
1193 537 1312 616 quidem

22 714 35 723 .
87 635 220 696 animam
244 634 418 694 definientes
442 652 505 693 eam
528 634 617 694 modo
640 634 829 714 insipientem
852 637 1023 708 nominatis,
1046 639 1137 698 modo
1160 648 1313 717 peccatum

82 737 119 797 in
144 737 261 796 homine
285 736 465 806 subsistens,
490 736 613 796 eandem
635 736 791 815 aliquando
814 747 847 797 ut
868 739 980 815 peccati
1001 749 1152 801 auctorem
1176 740 1311 802 elimina-

84 838 148 911 tis,
179 846 208 897 et
238 855 354 897 carnem
379 856 457 898 nunc
478 837 596 916 quidem
618 838 793 908 increatam,
825 859 903 900 nunc
926 841 1101 912 caelestem,
1115 842 1214 903 *nodo
1237 860 1311 903 con·

85 937 315 1000 substantialem
338 939 446 1011 Verbo,
468 946 501 1000 ut
521 931 681 1018 perlectam
702 941 787 1001 vohis
810 930 997 1019 negationem
1020 941 1152 1004 firmetis.
1198 943 1235 1003 Ut
1257 962 1312 1004 au·

83 1047 149 1123 tem
172 1039 259 1100 hrius
287 1040 389 1120 lapsus
418 1058 434 1099 a
462 1040 520 1102 lide
548 1040 579 1103 in
610 1041 788 1111 ineffabilem
817 1051 847 1103 ct
874 1043 1059 1105 verissimam
1079 1043 1145 1104 Filii
1168 1062 1203 1104 ex
1224 1044 1313 1105 Patro

85 1141 310 1220 generationem
338 1140 507 1218 passionem
537 1150 567 1202 et
589 1143 750 1204 sectionem
774 1153 804 1204 et
825 1145 965 1205 ellluxum
987 1153 1173 1205 commentus
1196 1152 1257 1217 est,
1280 1153 1314 1206 ut

84 1261 143 1323 per
170 1242 259 1320 impia
288 1241 376 1303 verba
406 1259 474 1316 eos,
503 1237 704 1333 quintinus
724 1241 802 1309 urolt
824 1252 925 1316 aaut,
960 1247 989 1305 ln
1013 1248 1126 1305 loveam
1149 1243 1312 1322 iniquitatis

85 1344 304 1424 praecipitaret,
328 1360 395 1402 nam
419 1360 453 1403 os
474 1342 619 1406 scelerati
632 1345 728 1429 'socco
746 1344 926 1425 prospicem
947 1347 991 1407 sic
1012 1364 1133 1406 rursum
1156 1344 1312 1433 Sabellus,

85 1445 140 1524 qui
169 1445 251 1505 linxit
275 1442 378 1503 Filium
409 1442 474 1502 sine
502 1441 656 1522 hypostasi
682 1462 752 1508 esse
781 1454 811 1506 et
833 1443 977 1524 Spiritum
1000 1455 1136 1519 sanctum
1158 1447 1225 1508 sinc
1247 1426 1311 1507 exi·
1383 1458 1391 1468 ’

84 1546 215 1617 atentia,
238 1543 346 1621 alioqui
369 1541 549 1603 divisionem
566 1543 689 1605 licitalis
711 1563 745 1605 ac
764 1544 976 1624 principiorum
1001 1564 1165 1623 eorumque
1187 1561 1311 1606 enumo·
1347 1544 1349 1548 ’

84 1647 235 1709 rationem
265 1644 374 1704 induci·
393 1644 580 1716 criminatus,
613 1644 728 1707 lutlalca
759 1646 905 1707 sententia
934 1648 1077 1706 firmatur.
1122 1645 1172 1706 Sic
1194 1664 1313 1725 quoque

83 1747 274 1812 Manichacus
303 1745 498 1805 incarnationi
527 1754 556 1804 et
585 1745 756 1807 humanitati
786 1746 951 1808 allomino
974 1755 1124 1808 assumtae
1146 1748 1235 1808 tidem
1256 1765 1311 1809 ue·

84 1867 162 1930 gans
185 1847 293 1926 impius
318 1846 439 1905 omnino
463 1847 570 1919 evasit,
601 1845 683 1907 aiens
705 1846 856 1908 hominem
879 1848 996 1908 (luobus
1020 1848 1173 1908 subiacere
1196 1845 1313 1925 opillei·

83 1950 162 2023 bus,
196 1948 273 2009 malo
302 1957 332 2007 et
358 1947 449 2007 bono.
492 1947 535 2007 lta
564 1966 682 2027 quoque
708 1967 761 2009 ros
790 1948 836 2009 vel
859 1957 891 2008 ut
913 1950 1111 2029 sycophantae
1134 1948 1210 2008 duos
1233 1945 1312 2008 lilios

86 2071 146 2114 nos
169 2050 323 2112 admittere
344 2049 452 2121 dicitis,
473 2049 519 2110 vel
541 2057 600 2110 nos'
620 2048 752 2109 hominis
775 2048 905 2109 cultores
927 2050 1038 2110 vocatis
1062 2065 1178 2126 uosque
1200 2037 1311 2126 peccati

84 2151 275 2223 insimulatis,
298 2150 386 2228 idque
408 2168 469 2210 nou
491 2169 526 2210 ex
548 2146 658 2228 pictate
679 2149 782 2226 agitis,
805 2149 868 2209 sos
881 2157 914 2209 ut
935 2149 1030 2209 errori
1053 2157 1153 2208 vestro
1176 2166 1232 2227 per
1253 2149 1312 2209 ιι·-

84 2255 180 2336 prohc
202 2258 368 2314 commenta
391 2251 505 2312 felicem
528 2268 720 2331 progressum
743 2250 854 2327 paretis
877 2256 907 2309 et
927 2258 959 2308 ut
974 2249 1073 2326 impiis
1088 2249 1197 2310 restris
1213 2247 1312 2310 valtis
1399 2229 1406 2238 ’

86 2355 223 2417 infirmos
246 2354 387 2414 avertatis
410 2371 425 2413 a
448 2352 517 2413 lide.
562 2352 621 2413 Sed
644 2361 742 2412 tamen
756 2351 810 2411 llei
832 2349 1055 2410 fundamentum
1071 2349 1225 2410 immotum
1240 2366 1312 2428 pcr-

85 2465 189 2518 menet
209 2455 382 2516 huiusmodi
405 2453 501 2531 sigillo
524 2452 723 2532 obsignatum.

173 2761 225 2823 22.
270 2758 349 2827 llaec
374 2757 411 2817 ad
441 2763 468 2816 te
500 2755 624 2834 scripsi.
657 2753 765 2816 dilecte
786 2751 916 2824 (tametsi
938 2750 1010 2812 nihil
1033 2749 1161 2829 amplius
1181 2747 1315 2812 scribere

86 2879 167 2940 opus
196 2869 275 2930 erat3
304 2859 413 2919 sufficit
440 2874 567 2934 namquo
589 2854 762 2934 Evangelica
790 2853 936 2929 traditio),
966 2859 1029 2912 tum
1064 2849 1191 2928 quiade
1212 2854 1315 2911 noem

86 2962 148 3025 fide
170 2961 370 3038 interrogasti,
394 2968 456 3019 tum
479 2975 582 3018 corum
605 2974 707 3029 musa,
729 2956 779 3035 qui
801 2953 978 3017 commentis
1001 2951 1064 3014 suis
1086 2959 1236 3030 nugantur
1255 2964 1313 3011 ue·

86 3083 149 3143 que
176 3063 305 3140 cogitant
333 3080 417 3133 eum,
448 3059 498 3138 qui
526 3078 561 3120 ex
591 3057 714 3137 proprio
741 3055 874 3134 loquitur
902 3055 1019 3125 animo,
1048 3052 1201 3115 mendacia
1222 3048 1313 3129 loqui.
1323 3067 1399 3111 earo

87 3166 192 3244 Neque
220 3165 298 3224 euim
327 3163 372 3224 vel
399 3159 626 3240 pulcritudinem
654 3156 699 3218 vel
727 3157 851 3236 gloriam
875 3154 1011 3232 corporis
1033 3152 1145 3239 &set
1167 3153 1314 3215 humanas

88 3266 256 3330 intellectus
279 3264 444 3342 exprimere
466 3269 576 3340 potest,
599 3259 653 3322 sed
673 3276 750 3336 quac
771 3265 854 3336 gesta
877 3263 948 3316 sunt
968 3261 1059 3334 prout
1072 3253 1184 3333 scripta
1199 3251 1315 3320 heheu-

88 3377 140 3428 tur
168 3366 302 3427 confiteri
330 3365 421 3436 ruet,
450 3380 567 3423 necnon
595 3377 698 3421 verum
720 3358 815 3421 ileum
842 3357 892 3436 qui
922 3363 970 3417 est
991 3356 1116 3417 adorare
1138 3354 1170 3415 in
1191 3352 1316 3432 glorian

86 3477 121 3532 et
134 3467 354 3529 contessionem
369 3463 604 3526 mansuetudinis
620 3460 687 3523 eius
700 3469 732 3524 ct
745 3461 776 3520 in
793 3476 878 3538 spem
893 3457 997 3519 salutis
1012 3465 1135 3519 nostrae
1150 3455 1181 3517 in
1197 3453 1317 3516 Christo
1383 3501 1386 3508 Δ

89 3571 159 3633 lesu
180 3567 308 3630 llomino
330 3575 444 3627 nostro.
488 3569 592 3625 hmeu.

88 3751 167 3810 ttae,
188 3755 231 3803 sed
250 3756 305 3802 huic
324 3753 422 3803 lectioni
440 3753 562 3814 antiquom
582 3747 678 3812 praelo·
728 3747 819 3805 nizot.
857 3746 992 3794 Edltlrero
1011 3741 1093 3793 etalii
1112 3732 1251 3804 ἂγαιιητέ,
1276 3749 1316 3784 η-

87 3825 189 3876 tendant
215 3823 331 3869 «luximus.
369 3822 443 3868 Porro
467 3818 615 3866 orthodoxos
633 3804 679 3862 ἇν-
731 3816 792 3863 etius
811 3813 953 3861 utrltletur.

87 3883 292 3955 θρωπολάιρας
308 3896 404 3937 vocatos
422 3887 500 3935 luisse
516 3883 679 3946 autpotttm-
764 3881 788 3928 lr.
806 3881 847 3929 Sic
863 3879 934 3928 Besil.
954 3877 1042 3938 hoello.
1062 3875 1161 3934 Segucr.
1180 3869 1278 3921 Goblsr.
1295 3874 1320 3916 et

88 3962 157 4010 riuis
175 3967 277 4006 testator
295 3956 477 4015 Graphicum
496 3953 569 4015 Epist.
581 3952 611 3999 ad
623 3950 679 3999 Cle·
731 3947 873 3995 Felclrm.l.
910 3946 971 3993 Editi
997 3933 1029 3989 oei
1047 3934 1137 3995 δόξαν.
1177 3938 1318 3997 llorsegn.

87 4028 190 4077 alonium
209 4021 258 4088 [ed.
279 4024 369 4072 llorell.
388 4021 485 4069 Toml.
506 4017 626 4082 panthu
646 4041 679 4052 ·-
731 4008 859 4079 σώματος
875 4010 950 4060 θεοῦ.
989 4010 1127 4060 Gohlerian.
1146 4005 1284 4055 etl'olclro.
1297 4001 1318 4050 1.

88 4096 129 4144 etl.
149 4094 237 4141 Bened.
257 4094 325 4140 Tum.
338 4091 363 4137 ΙΙ.
384 4105 407 4152 p.
419 4088 459 4136 89.
471 4085 518 4151 El·
729 4079 798 4130 θεοῦ
815 4071 950 4145 σώματος.
989 4078 1064 4125 l'nulo
1075 4082 1129 4138 post
1137 4075 1237 4135 Seguer.
1248 4069 1319 4122 nott.

126 4163 143 4210 l.
161 4155 460 4222 Seguenhahetnoxoir.
499 4154 559 4202 Editi
577 4147 679 4205 καλαῖς,
733 4160 756 4198 et
775 4146 962 4197 lelclrmaunil.
981 4135 1047 4191 ἀλλά
1064 4155 1096 4206 γε
1112 4134 1158 4188 καὶ
1175 4133 1217 4187 τά.
1255 4133 1318 4187 tuin

88 4243 154 4291 quac
179 4229 249 4275 lectio
274 4226 360 4274 eodem
384 4224 446 4272 redit
469 4225 489 4270 sl
508 4222 599 4271 ironice
617 4220 682 4268 aeci·
733 4208 800 4264 ἀλλὰ
816 4208 871 4282 γὰρ
889 4207 934 4260 καὶ
951 4205 993 4258 τά.

92 4298 180 4360 piatur.
218 4294 269 4341 llor
295 4294 395 4352 signer.
420 4290 516 4340 Gohler.
535 4296 558 4337 ot
576 4287 681 4335 l'elchur.
767 4286 781 4332 i.
809 4285 874 4332 llaec
901 4281 930 4329 sd
949 4281 1021 4328 llnem
1043 4290 1120 4340 usque
1151 4270 1318 4324 habentus·

95 4364 118 4413 l.
137 4354 356 4425 εὐπροχώρηιον.
394 4359 457 4406 Editi
481 4365 505 4406 et
528 4356 568 4403 alii
586 4347 682 4418 εὐπρι·
734 4354 833 4414 Segoer.
852 4348 949 4400 Gohler.
969 4356 993 4395 et
1010 4345 1114 4404 Felclm.
1127 4343 1163 4404 l.‚
1182 4342 1221 4406 qui
1239 4349 1321 4389 umas

82 4425 225 4496 χείρητον.
733 4434 781 4469 nou
800 4419 889 4466 habeut
906 4407 989 4481 ἀμήν,
1009 4427 1071 4478 quac
1089 4418 1181 4461 tentum
1199 4422 1242 4458 rox
1259 4407 1322 4468 leet·

127 4511 150 4559 3.
168 4498 269 4560 Segucr.
293 4494 393 4546 Gohler.
412 4502 435 4575 ‘l
452 4490 596 4542 folchml.
614 4479 683 4553 ἄγα·
732 4484 909 4539 ornatis
951 4518 957 4526 ·
