<?xml version="1.0" encoding="UTF-8"?>
<!DOCTYPE html PUBLIC "-//W3C//DTD XHTML 1.0 Transitional//EN"
    "http://www.w3.org/TR/xhtml1/DTD/xhtml1-transitional.dtd">
<html xmlns="http://www.w3.org/1999/xhtml" xml:lang="en" lang="en">
 <head>
  <title>
</title>
<meta http-equiv="Content-Type" content="text/html;charset=utf-8" />
  <meta name='ocr-system' content='tesseract 3.04.00' />
  <meta name='ocr-capabilities' content='ocr_page ocr_carea ocr_par ocr_line ocrx_word'/>
</head>
<body>
  <div class='ocr_page' id='page_1' title='image "./sanctiathanasii02athagoog_0062.png"; bbox 0 0 2948 5092; ppageno 0'>
   <div class='ocr_carea' id='block_1_1' title="bbox 13 102 1281 299">
    <p class='ocr_par' dir='ltr' id='par_1_1' title="bbox 13 102 1281 299">
     <span class='ocr_line' id='line_1_1' title="bbox 13 102 21 161; baseline 0 0"><span class='ocrx_word' id='word_1_1' title='bbox 13 102 21 161; x_wconf 85' lang='lat' dir='ltr'><strong><em>l</em></strong></span> 
     </span>
     <span class='ocr_line' id='line_1_2' title="bbox 122 226 1281 299; baseline 0.01 -12"><span class='ocrx_word' id='word_1_2' title='bbox 122 244 147 287; x_wconf 91' lang='lat' dir='ltr'><strong><em>e.</em></strong></span> <span class='ocrx_word' id='word_1_3' title='bbox 160 240 313 287; x_wconf 74' lang='lat' dir='ltr'><strong><em>annnam</em></strong></span> <span class='ocrx_word' id='word_1_4' title='bbox 327 226 552 287; x_wconf 71' lang='lat' dir='ltr'><strong><em>eefflmscan</em></strong></span> <span class='ocrx_word' id='word_1_5' title='bbox 566 238 711 285; x_wconf 62' lang='lat' dir='ltr'><strong><em>”aaroni</em></strong></span> <span class='ocrx_word' id='word_1_6' title='bbox 726 239 765 285; x_wconf 81' lang='lat' dir='ltr'><strong><em>aa</em></strong></span> <span class='ocrx_word' id='word_1_7' title='bbox 778 240 923 286; x_wconf 77' lang='lat' dir='ltr'><strong><em>usmete</em></strong></span> <span class='ocrx_word' id='word_1_8' title='bbox 938 240 1083 285; x_wconf 69' lang='lat' dir='ltr'><strong><em>nimmia</em></strong></span> <span class='ocrx_word' id='word_1_9' title='bbox 1099 246 1216 294; x_wconf 83' lang='lat' dir='ltr'><strong><em>arnono.</em></strong></span> <span class='ocrx_word' id='word_1_10' title='bbox 1242 236 1281 299; x_wconf 79' lang='lat'><strong><em>13</em></strong></span> 
     </span>
    </p>
   </div>
   <div class='ocr_carea' id='block_1_2' title="bbox 43 390 1367 4425">
    <p class='ocr_par' dir='ltr' id='par_1_2' title="bbox 61 390 1367 1487">
     <span class='ocr_line' id='line_1_3' title="bbox 136 390 1367 467; baseline 0.001 -11"><span class='ocrx_word' id='word_1_11' title='bbox 136 394 186 456; x_wconf 94' lang='lat' dir='ltr'><strong><em>lll.</em></strong></span> <span class='ocrx_word' id='word_1_12' title='bbox 233 394 382 467; x_wconf 85' lang='lat' dir='ltr'><strong><em>Quanevis</em></strong></span> <span class='ocrx_word' id='word_1_13' title='bbox 405 404 507 456; x_wconf 89' lang='lat' dir='ltr'><strong><em>autern</em></strong></span> <span class='ocrx_word' id='word_1_14' title='bbox 529 392 671 454; x_wconf 89' lang='lat' dir='ltr'><strong><em>concedat</em></strong></span> <span class='ocrx_word' id='word_1_15' title='bbox 691 390 879 454; x_wconf 67' lang='lat' dir='ltr'><strong><em>Athanasius</em></strong></span> <span class='ocrx_word' id='word_1_16' title='bbox 901 394 1046 457; x_wconf 73' lang='lat' dir='ltr'><em>dictiones</em></span> <span class='ocrx_word' id='word_1_17' title='bbox 1062 414 1097 457; x_wconf 86' lang='lat' dir='ltr'><strong><em>cx</em></strong></span> <span class='ocrx_word' id='word_1_18' title='bbox 1114 398 1280 463; x_wconf 77' lang='lat' dir='ltr'><strong><em>susbstantia</em></strong></span> <span class='ocrx_word' id='word_1_19' title='bbox 1289 412 1367 459; x_wconf 78' lang='lat' dir='ltr'><strong><em>nans.</em></strong></span> 
     </span>
     <span class='ocr_line' id='line_1_4' title="bbox 67 492 1280 578; baseline 0.005 -21"><span class='ocrx_word' id='word_1_20' title='bbox 67 508 91 557; x_wconf 86' lang='lat' dir='ltr'><strong><em>rt</em></strong></span> <span class='ocrx_word' id='word_1_21' title='bbox 106 494 361 557; x_wconf 77' lang='lat' dir='ltr'><strong><em>wnsubstantialis</em></strong></span> <span class='ocrx_word' id='word_1_22' title='bbox 382 498 416 557; x_wconf 91' lang='lat' dir='ltr'><strong><em>in</em></strong></span> <span class='ocrx_word' id='word_1_23' title='bbox 438 492 612 573; x_wconf 86' lang='lat' dir='ltr'><strong><em>Scripturie</em></strong></span> <span class='ocrx_word' id='word_1_24' title='bbox 634 496 733 553; x_wconf 89' lang='lat' dir='ltr'><strong><em>sacris</em></strong></span> <span class='ocrx_word' id='word_1_25' title='bbox 754 510 817 555; x_wconf 90' lang='lat' dir='ltr'><strong><em>non</em></strong></span> <span class='ocrx_word' id='word_1_26' title='bbox 840 492 906 572; x_wconf 77' lang='lat' dir='ltr'><strong><em>lepi,</em></strong></span> <span class='ocrx_word' id='word_1_27' title='bbox 928 503 1028 558; x_wconf 84' lang='lat' dir='ltr'><strong><em>tanen</em></strong></span> <span class='ocrx_word' id='word_1_28' title='bbox 1050 514 1116 559; x_wconf 83' lang='lat' dir='ltr'><strong><em>rene</em></strong></span> <span class='ocrx_word' id='word_1_29' title='bbox 1136 504 1235 578; x_wconf 84' lang='lat' dir='ltr'><strong><em>ipsane</em></strong></span> <span class='ocrx_word' id='word_1_30' title='bbox 1247 505 1280 564; x_wconf 92' lang='lat' dir='ltr'><strong><em>in</em></strong></span> 
     </span>
     <span class='ocr_line' id='line_1_5' title="bbox 66 590 1281 681; baseline 0.004 -22"><span class='ocrx_word' id='word_1_31' title='bbox 66 602 99 659; x_wconf 88' lang='lat' dir='ltr'><strong><em>eis</em></strong></span> <span class='ocrx_word' id='word_1_32' title='bbox 123 601 273 661; x_wconf 72' lang='lat' dir='ltr'><strong><em>contineri</em></strong></span> <span class='ocrx_word' id='word_1_33' title='bbox 300 595 448 667; x_wconf 88' lang='lat' dir='ltr'><strong><em>ostendit,</em></strong></span> <span class='ocrx_word' id='word_1_34' title='bbox 476 612 531 656; x_wconf 90' lang='lat' dir='ltr'><strong><em>neo</em></strong></span> <span class='ocrx_word' id='word_1_35' title='bbox 558 612 609 655; x_wconf 91' lang='lat' dir='ltr'><strong><em>eas</em></strong></span> <span class='ocrx_word' id='word_1_36' title='bbox 630 612 649 655; x_wconf 93' lang='lat' dir='ltr'><strong><em>a</em></strong></span> <span class='ocrx_word' id='word_1_37' title='bbox 670 590 792 673; x_wconf 62' lang='lat' dir='ltr'><strong><em>Suenda</em></strong></span> <span class='ocrx_word' id='word_1_38' title='bbox 813 594 913 674; x_wconf 76' lang='lat' dir='ltr'><strong><em>[uisse</em></strong></span> <span class='ocrx_word' id='word_1_39' title='bbox 934 599 1090 673; x_wconf 83' lang='lat' dir='ltr'><strong><em>inuentae,</em></strong></span> <span class='ocrx_word' id='word_1_40' title='bbox 1119 602 1172 661; x_wconf 92' lang='lat' dir='ltr'><strong><em>sed</em></strong></span> <span class='ocrx_word' id='word_1_41' title='bbox 1192 600 1281 681; x_wconf 74' lang='lat' dir='ltr'><strong><em>lonae</em></strong></span> 
     </span>
     <span class='ocr_line' id='line_1_6' title="bbox 65 693 1280 779; baseline 0.005 -19"><span class='ocrx_word' id='word_1_42' title='bbox 65 712 141 763; x_wconf 87' lang='lat' dir='ltr'><strong><em>antea</em></strong></span> <span class='ocrx_word' id='word_1_43' title='bbox 166 700 203 761; x_wconf 89' lang='lat' dir='ltr'><strong><em>ab</em></strong></span> <span class='ocrx_word' id='word_1_44' title='bbox 232 696 460 779; x_wconf 76' lang='lat' dir='ltr'><strong><em>antiquioribus</em></strong></span> <span class='ocrx_word' id='word_1_45' title='bbox 487 706 677 775; x_wconf 79' lang='lat' dir='ltr'><strong><em>usurpatas,-</em></strong></span> <span class='ocrx_word' id='word_1_46' title='bbox 707 693 926 774; x_wconf 76' lang='lat' dir='ltr'><strong><em>Theoonosturn</em></strong></span> <span class='ocrx_word' id='word_1_47' title='bbox 947 702 1025 759; x_wconf 86' lang='lat' dir='ltr'><strong><em>enirn</em></strong></span> <span class='ocrx_word' id='word_1_48' title='bbox 1048 698 1119 761; x_wconf 86' lang='lat' dir='ltr'><strong><em>olr&#39;rrr</em></strong></span> <span class='ocrx_word' id='word_1_49' title='bbox 1141 701 1280 766; x_wconf 85' lang='lat' dir='ltr'><strong><em>docuisse</em></strong></span> 
     </span>
     <span class='ocr_line' id='line_1_7' title="bbox 65 792 1278 873; baseline 0.004 -12"><span class='ocrx_word' id='word_1_50' title='bbox 65 800 248 863; x_wconf 69' lang='lat' dir='ltr'><strong>substantiam</strong></span> <span class='ocrx_word' id='word_1_51' title='bbox 262 798 329 859; x_wconf 78' lang='lat' dir='ltr'><strong><em>rilii</em></strong></span> <span class='ocrx_word' id='word_1_52' title='bbox 351 816 421 859; x_wconf 87' lang='lat' dir='ltr'><strong><em>essa</em></strong></span> <span class='ocrx_word' id='word_1_53' title='bbox 442 792 480 857; x_wconf 83' lang='lat' dir='ltr'><strong><em>cx&#39;</em></strong></span> <span class='ocrx_word' id='word_1_54' title='bbox 501 795 666 857; x_wconf 87' lang='lat' dir='ltr'><strong><em>substantie</em></strong></span> <span class='ocrx_word' id='word_1_55' title='bbox 681 793 777 857; x_wconf 87' lang='lat' dir='ltr'><strong><em>Patris</em></strong></span> <span class='ocrx_word' id='word_1_56' title='bbox 800 795 912 873; x_wconf 84' lang='lat' dir='ltr'>absque</span> <span class='ocrx_word' id='word_1_57' title='bbox 933 797 991 859; x_wconf 91' lang='lat' dir='ltr'><strong><em>ulla</em></strong></span> <span class='ocrx_word' id='word_1_58' title='bbox 1008 800 1154 863; x_wconf 81' lang='lat' dir='ltr'><strong><em>divisione</em></strong></span> <span class='ocrx_word' id='word_1_59' title='bbox 1169 812 1278 865; x_wconf 88' lang='lat' dir='ltr'><strong><em>natam.</em></strong></span> 
     </span>
     <span class='ocr_line' id='line_1_8' title="bbox 64 898 1279 983; baseline 0.001 -18"><span class='ocrx_word' id='word_1_60' title='bbox 64 903 193 981; x_wconf 72' lang='lat' dir='ltr'><strong><em>Dionysii</em></strong></span> <span class='ocrx_word' id='word_1_61' title='bbox 205 918 324 983; x_wconf 73' lang='lat' dir='ltr'><strong><em>quoqne</em></strong></span> <span class='ocrx_word' id='word_1_62' title='bbox 338 898 545 960; x_wconf 72' lang='lat' dir='ltr'><strong><em>Alexandrini</em></strong></span> <span class='ocrx_word' id='word_1_63' title='bbox 556 898 649 978; x_wconf 72' lang='lat' dir='ltr'><strong><em>affert</em></strong></span> <span class='ocrx_word' id='word_1_64' title='bbox 663 902 875 959; x_wconf 83' lang='lat' dir='ltr'><strong><em>auctoritatem</em></strong></span> <span class='ocrx_word' id='word_1_65' title='bbox 890 905 1066 971; x_wconf 87' lang='lat' dir='ltr'><strong><em>asserentis,</em></strong></span> <span class='ocrx_word' id='word_1_66' title='bbox 1089 902 1195 963; x_wconf 87' lang='lat' dir='ltr'><strong><em>Filium</em></strong></span> <span class='ocrx_word' id='word_1_67' title='bbox 1210 924 1279 967; x_wconf 86' lang='lat' dir='ltr'><strong><em>csse</em></strong></span> 
     </span>
     <span class='ocr_line' id='line_1_9' title="bbox 63 996 1277 1085; baseline 0.003 -21"><span class='ocrx_word' id='word_1_68' title='bbox 63 1004 129 1063; x_wconf 84' lang='lat' dir='ltr'><strong><em>latri</em></strong></span> <span class='ocrx_word' id='word_1_69' title='bbox 150 998 447 1063; x_wconf 76' lang='lat' dir='ltr'><strong><em>consubstantialem.</em></strong></span> <span class='ocrx_word' id='word_1_70' title='bbox 492 996 567 1059; x_wconf 83' lang='lat' dir='ltr'><strong><em>Nan</em></strong></span> <span class='ocrx_word' id='word_1_71' title='bbox 591 1016 658 1059; x_wconf 86' lang='lat' dir='ltr'><strong><em>aune</em></strong></span> <span class='ocrx_word' id='word_1_72' title='bbox 679 998 878 1079; x_wconf 66' lang='lat' dir='ltr'><strong><em>arnauldum</em></strong></span> <span class='ocrx_word' id='word_1_73' title='bbox 893 1004 1133 1065; x_wconf 83' lang='lat' dir='ltr'><strong><em>criminarentur</em></strong></span> <span class='ocrx_word' id='word_1_74' title='bbox 1144 1024 1277 1085; x_wconf 78' lang='lat' dir='ltr'><strong><em>nepasse,</em></strong></span> 
     </span>
     <span class='ocr_line' id='line_1_10' title="bbox 63 1096 1277 1187; baseline 0.004 -22"><span class='ocrx_word' id='word_1_75' title='bbox 63 1104 159 1165; x_wconf 79' lang='lat' dir='ltr'><strong><em>iilinn</em></strong></span> <span class='ocrx_word' id='word_1_76' title='bbox 186 1122 252 1165; x_wconf 89' lang='lat' dir='ltr'><strong><em>esse</em></strong></span> <span class='ocrx_word' id='word_1_77' title='bbox 279 1100 372 1163; x_wconf 85' lang='lat' dir='ltr'><strong><em>Patri</em></strong></span> <span class='ocrx_word' id='word_1_78' title='bbox 396 1096 694 1172; x_wconf 75' lang='lat' dir='ltr'><strong><em>consubstantialem,</em></strong></span> <span class='ocrx_word' id='word_1_79' title='bbox 723 1104 789 1179; x_wconf 88' lang='lat' dir='ltr'><strong><em>ipse</em></strong></span> <span class='ocrx_word' id='word_1_80' title='bbox 815 1098 965 1181; x_wconf 77' lang='lat' dir='ltr'><strong><em>Dionysio</em></strong></span> <span class='ocrx_word' id='word_1_81' title='bbox 987 1100 1098 1165; x_wconf 84' lang='lat' dir='ltr'><strong><em>haaaae</em></strong></span> <span class='ocrx_word' id='word_1_82' title='bbox 1127 1110 1277 1187; x_wconf 88' lang='lat' dir='ltr'><strong><em>episcopo,</em></strong></span> 
     </span>
     <span class='ocr_line' id='line_1_11' title="bbox 64 1200 1277 1285; baseline 0.004 -20"><span class='ocrx_word' id='word_1_83' title='bbox 64 1210 105 1267; x_wconf 84' lang='lat' dir='ltr'><strong><em>cui</em></strong></span> <span class='ocrx_word' id='word_1_84' title='bbox 122 1224 152 1267; x_wconf 93' lang='lat' dir='ltr'><strong><em>se</em></strong></span> <span class='ocrx_word' id='word_1_85' title='bbox 170 1212 297 1284; x_wconf 75' lang='lat' dir='ltr'><strong><em>puroet,</em></strong></span> <span class='ocrx_word' id='word_1_86' title='bbox 319 1202 428 1264; x_wconf 87' lang='lat' dir='ltr'><strong><em>scribit</em></strong></span> <span class='ocrx_word' id='word_1_87' title='bbox 449 1219 481 1262; x_wconf 90' lang='lat' dir='ltr'><strong><em>se</em></strong></span> <span class='ocrx_word' id='word_1_88' title='bbox 503 1208 620 1262; x_wconf 82' lang='lat' dir='ltr'><strong><em>tantuna</em></strong></span> <span class='ocrx_word' id='word_1_89' title='bbox 642 1200 764 1271; x_wconf 79' lang='lat' dir='ltr'><strong><em>dioiese,</em></strong></span> <span class='ocrx_word' id='word_1_90' title='bbox 787 1200 947 1263; x_wconf 88' lang='lat' dir='ltr'><strong><em>dictionern</em></strong></span> <span class='ocrx_word' id='word_1_91' title='bbox 960 1200 1046 1263; x_wconf 89' lang='lat' dir='ltr'><strong><em>illarn</em></strong></span> <span class='ocrx_word' id='word_1_92' title='bbox 1059 1222 1209 1285; x_wconf 80' lang='lat' dir='ltr'><strong><em>nusquam</em></strong></span> <span class='ocrx_word' id='word_1_93' title='bbox 1225 1228 1277 1270; x_wconf 90' lang='lat' dir='ltr'><strong><em>re-</em></strong></span> 
     </span>
     <span class='ocr_line' id='line_1_12' title="bbox 61 1302 1277 1387; baseline 0.004 -20"><span class='ocrx_word' id='word_1_94' title='bbox 61 1310 149 1386; x_wconf 89' lang='lat' dir='ltr'><strong><em>periri</em></strong></span> <span class='ocrx_word' id='word_1_95' title='bbox 168 1309 199 1365; x_wconf 91' lang='lat' dir='ltr'><strong><em>in</em></strong></span> <span class='ocrx_word' id='word_1_96' title='bbox 215 1310 315 1366; x_wconf 89' lang='lat' dir='ltr'><strong><em>sacris</em></strong></span> <span class='ocrx_word' id='word_1_97' title='bbox 330 1302 514 1381; x_wconf 75' lang='lat' dir='ltr'><strong><em>Scripturis,</em></strong></span> <span class='ocrx_word' id='word_1_98' title='bbox 530 1318 593 1363; x_wconf 92' lang='lat' dir='ltr'><strong><em>non</em></strong></span> <span class='ocrx_word' id='word_1_99' title='bbox 606 1312 707 1365; x_wconf 87' lang='lat' dir='ltr'><strong><em>autern</em></strong></span> <span class='ocrx_word' id='word_1_100' title='bbox 722 1318 786 1363; x_wconf 85' lang='lat' dir='ltr'><strong><em>rens</em></strong></span> <span class='ocrx_word' id='word_1_101' title='bbox 801 1306 898 1383; x_wconf 81' lang='lat' dir='ltr'><strong><em>ipsane</em></strong></span> <span class='ocrx_word' id='word_1_102' title='bbox 912 1304 1089 1382; x_wconf 86' lang='lat' dir='ltr'><strong><em>reprobare,</em></strong></span> <span class='ocrx_word' id='word_1_103' title='bbox 1107 1308 1160 1368; x_wconf 94' lang='lat' dir='ltr'><strong><em>eed</em></strong></span> <span class='ocrx_word' id='word_1_104' title='bbox 1170 1312 1277 1387; x_wconf 89' lang='lat' dir='ltr'><strong><em>potius</em></strong></span> 
     </span>
     <span class='ocr_line' id='line_1_13' title="bbox 63 1390 1275 1487; baseline 0.004 -20"><span class='ocrx_word' id='word_1_105' title='bbox 63 1407 198 1487; x_wconf 82' lang='lat' dir='ltr'><strong><em>inplesti.</em></strong></span> <span class='ocrx_word' id='word_1_106' title='bbox 232 1405 324 1478; x_wconf 86' lang='lat' dir='ltr'><strong><em>Quod</em></strong></span> <span class='ocrx_word' id='word_1_107' title='bbox 346 1421 420 1465; x_wconf 90' lang='lat' dir='ltr'><strong><em>sane</em></strong></span> <span class='ocrx_word' id='word_1_108' title='bbox 441 1390 574 1464; x_wconf 86' lang='lat' dir='ltr'><strong><em>illustre¹</em></strong></span> <span class='ocrx_word' id='word_1_109' title='bbox 584 1412 795 1483; x_wconf 69' lang='lat' dir='ltr'><strong><em>ornamentum</em></strong></span> <span class='ocrx_word' id='word_1_110' title='bbox 810 1413 856 1465; x_wconf 91' lang='lat' dir='ltr'><strong><em>est</em></strong></span> <span class='ocrx_word' id='word_1_111' title='bbox 872 1404 961 1465; x_wconf 89' lang='lat' dir='ltr'><strong><em>huius</em></strong></span> <span class='ocrx_word' id='word_1_112' title='bbox 977 1410 1060 1467; x_wconf 84' lang='lat' dir='ltr'><strong><em>nocie</em></strong></span> <span class='ocrx_word' id='word_1_113' title='bbox 1075 1412 1275 1487; x_wconf 81' lang='lat' dir='ltr'><strong><em>antiquitatis.</em></strong></span> 
     </span>
    </p>

    <p class='ocr_par' dir='ltr' id='par_1_3' title="bbox 63 1504 1279 2292">
     <span class='ocr_line' id='line_1_14' title="bbox 133 1504 1276 1587; baseline 0.004 -19"><span class='ocrx_word' id='word_1_114' title='bbox 133 1508 180 1568; x_wconf 82' lang='lat' dir='ltr'><strong><em>lb‘.</em></strong></span> <span class='ocrx_word' id='word_1_115' title='bbox 224 1506 349 1586; x_wconf 73' lang='lat' dir='ltr'><strong><em>lnsipne</em></strong></span> <span class='ocrx_word' id='word_1_116' title='bbox 369 1506 461 1568; x_wconf 86' lang='lat' dir='ltr'><strong><em>otiam</em></strong></span> <span class='ocrx_word' id='word_1_117' title='bbox 481 1504 587 1565; x_wconf 81' lang='lat' dir='ltr'><strong><em>ibidem</em></strong></span> <span class='ocrx_word' id='word_1_118' title='bbox 608 1516 833 1567; x_wconf 86' lang='lat' dir='ltr'><strong><em>monumentum</em></strong></span> <span class='ocrx_word' id='word_1_119' title='bbox 855 1504 1020 1569; x_wconf 83' lang='lat' dir='ltr'><strong><em>catholicae</em></strong></span> <span class='ocrx_word' id='word_1_120' title='bbox 1040 1507 1114 1587; x_wconf 73' lang='lat' dir='ltr'><strong><em>fidei</em></strong></span> <span class='ocrx_word' id='word_1_121' title='bbox 1126 1513 1209 1571; x_wconf 87' lang='lat' dir='ltr'><strong><em>circa</em></strong></span> <span class='ocrx_word' id='word_1_122' title='bbox 1219 1510 1276 1573; x_wconf 85' lang='lat' dir='ltr'><strong><em>SS.</em></strong></span> 
     </span>
     <span class='ocr_line' id='line_1_15' title="bbox 66 1605 1277 1693; baseline 0.005 -24"><span class='ocrx_word' id='word_1_123' title='bbox 66 1606 229 1670; x_wconf 73' lang='lat' dir='ltr'><strong><em>Trinitatem</em></strong></span> <span class='ocrx_word' id='word_1_124' title='bbox 257 1608 404 1677; x_wconf 67' lang='lat' dir='ltr'><strong><em>adduxit,</em></strong></span> <span class='ocrx_word' id='word_1_125' title='bbox 431 1605 637 1684; x_wconf 66' lang='lat' dir='ltr'><strong><em>fraenenturn</em></strong></span> <span class='ocrx_word' id='word_1_126' title='bbox 665 1606 802 1668; x_wconf 85' lang='lat' dir='ltr'><strong><em>videlicet</em></strong></span> <span class='ocrx_word' id='word_1_127' title='bbox 825 1605 899 1667; x_wconf 87' lang='lat' dir='ltr'><strong><em>libri</em></strong></span> <span class='ocrx_word' id='word_1_128' title='bbox 917 1606 1060 1685; x_wconf 79' lang='lat' dir='ltr'><strong><em>Dionysii</em></strong></span> <span class='ocrx_word' id='word_1_129' title='bbox 1080 1608 1191 1673; x_wconf 81' lang='lat' dir='ltr'><strong><em>hornae</em></strong></span> <span class='ocrx_word' id='word_1_130' title='bbox 1214 1617 1277 1693; x_wconf 87' lang='lat' dir='ltr'><strong><em>epi-</em></strong></span> 
     </span>
     <span class='ocr_line' id='line_1_16' title="bbox 65 1706 1279 1789; baseline 0.005 -20"><span class='ocrx_word' id='word_1_131' title='bbox 65 1714 136 1789; x_wconf 87' lang='lat' dir='ltr'><strong><em>scopi</em></strong></span> <span class='ocrx_word' id='word_1_132' title='bbox 154 1712 305 1771; x_wconf 77' lang='lat' dir='ltr'><strong><em>aduersus</em></strong></span> <span class='ocrx_word' id='word_1_133' title='bbox 317 1706 518 1769; x_wconf 81' lang='lat' dir='ltr'><strong><em>sabellianos.</em></strong></span> <span class='ocrx_word' id='word_1_134' title='bbox 546 1706 646 1768; x_wconf 77' lang='lat' dir='ltr'><strong><em>Erarut</em></strong></span> <span class='ocrx_word' id='word_1_135' title='bbox 669 1711 748 1769; x_wconf 87' lang='lat' dir='ltr'><strong><em>enirn</em></strong></span> <span class='ocrx_word' id='word_1_136' title='bbox 768 1707 858 1769; x_wconf 78' lang='lat' dir='ltr'><strong><em>huius</em></strong></span> <span class='ocrx_word' id='word_1_137' title='bbox 873 1718 970 1770; x_wconf 92' lang='lat' dir='ltr'><strong><em>aetate</em></strong></span> <span class='ocrx_word' id='word_1_138' title='bbox 984 1713 1044 1789; x_wconf 79' lang='lat' dir='ltr'><strong><em>oui,</em></strong></span> <span class='ocrx_word' id='word_1_139' title='bbox 1066 1722 1101 1771; x_wconf 89' lang='lat' dir='ltr'><strong><em>nt</em></strong></span> <span class='ocrx_word' id='word_1_140' title='bbox 1113 1710 1279 1775; x_wconf 87' lang='lat' dir='ltr'><strong><em>Sabelliurn</em></strong></span> 
     </span>
     <span class='ocr_line' id='line_1_17' title="bbox 66 1806 1278 1889; baseline 0.006 -19"><span class='ocrx_word' id='word_1_141' title='bbox 66 1810 242 1889; x_wconf 71' lang='lat' dir='ltr'><strong><em>resciissent,</em></strong></span> <span class='ocrx_word' id='word_1_142' title='bbox 271 1809 418 1871; x_wconf 91' lang='lat' dir='ltr'><strong><em>docebant</em></strong></span> <span class='ocrx_word' id='word_1_143' title='bbox 447 1818 509 1869; x_wconf 92' lang='lat' dir='ltr'><strong><em>tres</em></strong></span> <span class='ocrx_word' id='word_1_144' title='bbox 531 1806 564 1867; x_wconf 92' lang='lat' dir='ltr'><strong><em>S.</em></strong></span> <span class='ocrx_word' id='word_1_145' title='bbox 591 1806 749 1870; x_wconf 79' lang='lat' dir='ltr'><strong><em>Trinitatis</em></strong></span> <span class='ocrx_word' id='word_1_146' title='bbox 772 1808 948 1888; x_wconf 75' lang='lat' dir='ltr'><strong><em>hypostases</em></strong></span> <span class='ocrx_word' id='word_1_147' title='bbox 973 1828 1036 1871; x_wconf 90' lang='lat' dir='ltr'><strong><em>esse</em></strong></span> <span class='ocrx_word' id='word_1_148' title='bbox 1058 1828 1075 1871; x_wconf 91' lang='lat' dir='ltr'><strong><em>a</em></strong></span> <span class='ocrx_word' id='word_1_149' title='bbox 1098 1831 1130 1873; x_wconf 91' lang='lat' dir='ltr'><strong><em>ee</em></strong></span> <span class='ocrx_word' id='word_1_150' title='bbox 1151 1817 1278 1877; x_wconf 81' lang='lat' dir='ltr'><strong><em>inuisere</em></strong></span> 
     </span>
     <span class='ocr_line' id='line_1_18' title="bbox 65 1909 1276 1991; baseline 0.007 -22"><span class='ocrx_word' id='word_1_151' title='bbox 65 1912 196 1986; x_wconf 76' lang='lat' dir='ltr'><strong><em>diuersae,</em></strong></span> <span class='ocrx_word' id='word_1_152' title='bbox 219 1930 256 1972; x_wconf 91' lang='lat' dir='ltr'><strong><em>oc</em></strong></span> <span class='ocrx_word' id='word_1_153' title='bbox 273 1910 408 1991; x_wconf 79' lang='lat' dir='ltr'><strong><em>proinde</em></strong></span> <span class='ocrx_word' id='word_1_154' title='bbox 429 1918 500 1981; x_wconf 49' lang='lat' dir='ltr'><strong><em>tres,</em></strong></span> <span class='ocrx_word' id='word_1_155' title='bbox 515 1909 692 1989; x_wconf 79' lang='lat' dir='ltr'><strong><em>quasilleoe</em></strong></span> <span class='ocrx_word' id='word_1_156' title='bbox 712 1911 947 1989; x_wconf 81' lang='lat' dir='ltr'><strong><em>praedicabant:</em></strong></span> <span class='ocrx_word' id='word_1_157' title='bbox 971 1910 1276 1988; x_wconf 87' lang='lat' dir='ltr'><strong><em>aliiauternaiebont,</em></strong></span> 
     </span>
     <span class='ocr_line' id='line_1_19' title="bbox 68 2010 1276 2093; baseline 0.005 -25"><span class='ocrx_word' id='word_1_158' title='bbox 68 2010 178 2073; x_wconf 84' lang='lat' dir='ltr'><strong><em>l&#39;erbune</em></strong></span> <span class='ocrx_word' id='word_1_159' title='bbox 200 2032 279 2093; x_wconf 91' lang='lat' dir='ltr'><strong><em>opus</em></strong></span> <span class='ocrx_word' id='word_1_160' title='bbox 302 2023 331 2072; x_wconf 91' lang='lat' dir='ltr'><strong><em>et</em></strong></span> <span class='ocrx_word' id='word_1_161' title='bbox 352 2028 415 2071; x_wconf 88' lang='lat' dir='ltr'><strong><em>rern</em></strong></span> <span class='ocrx_word' id='word_1_162' title='bbox 436 2012 551 2089; x_wconf 76' lang='lat' dir='ltr'><strong><em>[aotam</em></strong></span> <span class='ocrx_word' id='word_1_163' title='bbox 573 2028 646 2072; x_wconf 88' lang='lat' dir='ltr'><strong><em>esse.</em></strong></span> <span class='ocrx_word' id='word_1_164' title='bbox 695 2010 843 2091; x_wconf 77' lang='lat' dir='ltr'><strong><em>Utrosoue</em></strong></span> <span class='ocrx_word' id='word_1_165' title='bbox 865 2014 934 2073; x_wconf 90' lang='lat' dir='ltr'><strong><em>inre</em></strong></span> <span class='ocrx_word' id='word_1_166' title='bbox 956 2017 1093 2091; x_wconf 74' lang='lat' dir='ltr'><strong><em>coarpuit</em></strong></span> <span class='ocrx_word' id='word_1_167' title='bbox 1108 2010 1276 2089; x_wconf 80' lang='lat' dir='ltr'><strong><em>Dionysius</em></strong></span> 
     </span>
     <span class='ocr_line' id='line_1_20' title="bbox 65 2110 1276 2195; baseline 0.002 -22"><span class='ocrx_word' id='word_1_168' title='bbox 65 2114 189 2195; x_wconf 76' lang='lat' dir='ltr'><strong><em>docetque</em></strong></span> <span class='ocrx_word' id='word_1_169' title='bbox 212 2125 321 2175; x_wconf 89' lang='lat' dir='ltr'><strong><em>contra</em></strong></span> <span class='ocrx_word' id='word_1_170' title='bbox 343 2111 425 2183; x_wconf 91' lang='lat' dir='ltr'><strong><em>illos,</em></strong></span> <span class='ocrx_word' id='word_1_171' title='bbox 448 2123 510 2173; x_wconf 90' lang='lat' dir='ltr'><strong><em>tres</em></strong></span> <span class='ocrx_word' id='word_1_172' title='bbox 533 2110 589 2172; x_wconf 85' lang='lat' dir='ltr'><strong><em>SS.</em></strong></span> <span class='ocrx_word' id='word_1_173' title='bbox 615 2110 772 2173; x_wconf 78' lang='lat' dir='ltr'><strong><em>Trinitatis</em></strong></span> <span class='ocrx_word' id='word_1_174' title='bbox 795 2112 970 2191; x_wconf 79' lang='lat' dir='ltr'><strong><em>hypostases</em></strong></span> <span class='ocrx_word' id='word_1_175' title='bbox 992 2130 1053 2174; x_wconf 90' lang='lat' dir='ltr'><strong><em>non</em></strong></span> <span class='ocrx_word' id='word_1_176' title='bbox 1077 2132 1139 2175; x_wconf 90' lang='lat' dir='ltr'><strong><em>esse</em></strong></span> <span class='ocrx_word' id='word_1_177' title='bbox 1162 2114 1276 2175; x_wconf 91' lang='lat' dir='ltr'><strong><em>dioisas</em></strong></span> 
     </span>
     <span class='ocr_line' id='line_1_21' title="bbox 63 2210 959 2292; baseline 0 -19"><span class='ocrx_word' id='word_1_178' title='bbox 63 2234 123 2277; x_wconf 93' lang='lat' dir='ltr'><strong><em>ase</em></strong></span> <span class='ocrx_word' id='word_1_179' title='bbox 142 2220 278 2285; x_wconf 80' lang='lat' dir='ltr'><strong><em>inricem,</em></strong></span> <span class='ocrx_word' id='word_1_180' title='bbox 303 2233 356 2276; x_wconf 89' lang='lat' dir='ltr'><strong><em>nea</em></strong></span> <span class='ocrx_word' id='word_1_181' title='bbox 379 2210 490 2275; x_wconf 79' lang='lat' dir='ltr'><strong><em>Filium</em></strong></span> <span class='ocrx_word' id='word_1_182' title='bbox 511 2230 575 2275; x_wconf 90' lang='lat' dir='ltr'><strong><em>esse</em></strong></span> <span class='ocrx_word' id='word_1_183' title='bbox 596 2213 722 2291; x_wconf 82' lang='lat' dir='ltr'><strong><em>saotrrrn,</em></strong></span> <span class='ocrx_word' id='word_1_184' title='bbox 746 2214 798 2275; x_wconf 88' lang='lat' dir='ltr'><strong><em>sed</em></strong></span> <span class='ocrx_word' id='word_1_185' title='bbox 817 2218 959 2292; x_wconf 75' lang='lat' dir='ltr'><strong><em>penitiora.</em></strong></span> 
     </span>
    </p>

    <p class='ocr_par' dir='ltr' id='par_1_4' title="bbox 43 2315 1277 3809">
     <span class='ocr_line' id='line_1_22' title="bbox 132 2315 1274 2397; baseline 0.004 -24"><span class='ocrx_word' id='word_1_186' title='bbox 132 2316 165 2377; x_wconf 88' lang='lat' dir='ltr'><strong><em>l&#39;.</em></strong></span> <span class='ocrx_word' id='word_1_187' title='bbox 195 2318 355 2397; x_wconf 73' lang='lat' dir='ltr'><strong><em>¹Orioereis</em></strong></span> <span class='ocrx_word' id='word_1_188' title='bbox 378 2332 493 2397; x_wconf 74' lang='lat' dir='ltr'><strong><em>quoqne</em></strong></span> <span class='ocrx_word' id='word_1_189' title='bbox 514 2318 685 2376; x_wconf 85' lang='lat' dir='ltr'><strong><em>testimonio</em></strong></span> <span class='ocrx_word' id='word_1_190' title='bbox 707 2318 809 2375; x_wconf 87' lang='lat' dir='ltr'><strong><em>utitur</em></strong></span> <span class='ocrx_word' id='word_1_191' title='bbox 826 2315 1010 2377; x_wconf 76' lang='lat' dir='ltr'><strong><em>Athanasius</em></strong></span> <span class='ocrx_word' id='word_1_192' title='bbox 1033 2316 1177 2391; x_wconf 87' lang='lat' dir='ltr'><strong><em>docentis,</em></strong></span> <span class='ocrx_word' id='word_1_193' title='bbox 1200 2316 1274 2377; x_wconf 85' lang='lat' dir='ltr'><strong><em>Ver·</em></strong></span> 
     </span>
     <span class='ocr_line' id='line_1_23' title="bbox 62 2414 1277 2498; baseline 0.003 -21"><span class='ocrx_word' id='word_1_194' title='bbox 62 2416 119 2477; x_wconf 84' lang='lat' dir='ltr'><strong><em>lun</em></strong></span> <span class='ocrx_word' id='word_1_195' title='bbox 139 2428 295 2478; x_wconf 80' lang='lat' dir='ltr'><strong><em>arternum</em></strong></span> <span class='ocrx_word' id='word_1_196' title='bbox 317 2434 386 2479; x_wconf 88' lang='lat' dir='ltr'><strong><em>csse</em></strong></span> <span class='ocrx_word' id='word_1_197' title='bbox 408 2416 601 2495; x_wconf 81' lang='lat' dir='ltr'><strong><em>eiusdemque</em></strong></span> <span class='ocrx_word' id='word_1_198' title='bbox 623 2434 657 2475; x_wconf 88' lang='lat' dir='ltr'><strong><em>oc</em></strong></span> <span class='ocrx_word' id='word_1_199' title='bbox 670 2414 787 2477; x_wconf 79' lang='lat' dir='ltr'><strong><em>Patroni</em></strong></span> <span class='ocrx_word' id='word_1_200' title='bbox 810 2416 1003 2477; x_wconf 83' lang='lat' dir='ltr'><strong><em>substantiae.</em></strong></span> <span class='ocrx_word' id='word_1_201' title='bbox 1048 2416 1126 2479; x_wconf 84' lang='lat' dir='ltr'><strong><em>ll&#39;arn</em></strong></span> <span class='ocrx_word' id='word_1_202' title='bbox 1147 2423 1277 2498; x_wconf 78' lang='lat' dir='ltr'><strong><em>quaein</em></strong></span> 
     </span>
     <span class='ocr_line' id='line_1_24' title="bbox 61 2516 1275 2599; baseline 0.004 -22"><span class='ocrx_word' id='word_1_203' title='bbox 61 2522 113 2579; x_wconf 85' lang='lat' dir='ltr'><strong><em>eins</em></strong></span> <span class='ocrx_word' id='word_1_204' title='bbox 140 2520 285 2599; x_wconf 75' lang='lat' dir='ltr'><strong><em>operibns</em></strong></span> <span class='ocrx_word' id='word_1_205' title='bbox 315 2518 458 2579; x_wconf 86' lang='lat' dir='ltr'><strong><em>ridentur</em></strong></span> <span class='ocrx_word' id='word_1_206' title='bbox 481 2518 549 2579; x_wconf 87' lang='lat' dir='ltr'><strong><em>huic</em></strong></span> <span class='ocrx_word' id='word_1_207' title='bbox 571 2516 734 2578; x_wconf 88' lang='lat' dir='ltr'><strong><em>catholicae</em></strong></span> <span class='ocrx_word' id='word_1_208' title='bbox 756 2522 921 2580; x_wconf 75' lang='lat' dir='ltr'><strong><em>concientiae</em></strong></span> <span class='ocrx_word' id='word_1_209' title='bbox 943 2537 1006 2579; x_wconf 88' lang='lat' dir='ltr'><strong><em>esse</em></strong></span> <span class='ocrx_word' id='word_1_210' title='bbox 1030 2525 1202 2591; x_wconf 89' lang='lat' dir='ltr'><strong><em>contraria,</em></strong></span> <span class='ocrx_word' id='word_1_211' title='bbox 1231 2524 1275 2582; x_wconf 90' lang='lat' dir='ltr'><strong><em>ait</em></strong></span> 
     </span>
     <span class='ocr_line' id='line_1_25' title="bbox 61 2618 1275 2699; baseline 0.001 -19"><span class='ocrx_word' id='word_1_212' title='bbox 61 2622 232 2682; x_wconf 71' lang='lat' dir='ltr'><strong><em>Athanasius</em></strong></span> <span class='ocrx_word' id='word_1_213' title='bbox 260 2618 350 2681; x_wconf 87' lang='lat' dir='ltr'><strong><em>illurn</em></strong></span> <span class='ocrx_word' id='word_1_214' title='bbox 378 2640 440 2681; x_wconf 87' lang='lat' dir='ltr'><strong><em>non</em></strong></span> <span class='ocrx_word' id='word_1_215' title='bbox 468 2638 507 2679; x_wconf 79' lang='lat' dir='ltr'><strong><em>en</em></strong></span> <span class='ocrx_word' id='word_1_216' title='bbox 531 2622 663 2699; x_wconf 85' lang='lat' dir='ltr'><strong><em>propria</em></strong></span> <span class='ocrx_word' id='word_1_217' title='bbox 689 2628 787 2679; x_wconf 84' lang='lat' dir='ltr'><strong><em>rnerrte</em></strong></span> <span class='ocrx_word' id='word_1_218' title='bbox 805 2636 995 2699; x_wconf 79' lang='lat' dir='ltr'><strong><em>proponere,</em></strong></span> <span class='ocrx_word' id='word_1_219' title='bbox 1024 2622 1077 2681; x_wconf 88' lang='lat' dir='ltr'><strong><em>sed</em></strong></span> <span class='ocrx_word' id='word_1_220' title='bbox 1099 2640 1138 2682; x_wconf 80' lang='lat' dir='ltr'><strong><em>aa</em></strong></span> <span class='ocrx_word' id='word_1_221' title='bbox 1160 2639 1275 2691; x_wconf 88' lang='lat' dir='ltr'><strong><em>eorum,</em></strong></span> 
     </span>
     <span class='ocr_line' id='line_1_26' title="bbox 43 2718 1274 2801; baseline -0.002 -18"><span class='ocrx_word' id='word_1_222' title='bbox 43 2724 223 2801; x_wconf 66' lang='lat' dir='ltr'><strong><em>‘quibuscum</em></strong></span> <span class='ocrx_word' id='word_1_223' title='bbox 253 2721 439 2799; x_wconf 90' lang='lat' dir='ltr'><strong><em>disputabat.</em></strong></span> <span class='ocrx_word' id='word_1_224' title='bbox 483 2718 544 2781; x_wconf 87' lang='lat' dir='ltr'><strong><em>ll&#39;ec</em></strong></span> <span class='ocrx_word' id='word_1_225' title='bbox 570 2737 644 2781; x_wconf 86' lang='lat' dir='ltr'><strong><em>vero</em></strong></span> <span class='ocrx_word' id='word_1_226' title='bbox 674 2718 824 2798; x_wconf 79' lang='lat' dir='ltr'><strong><em>aliquibus</em></strong></span> <span class='ocrx_word' id='word_1_227' title='bbox 845 2724 958 2781; x_wconf 88' lang='lat' dir='ltr'><strong><em>rnirurn</em></strong></span> <span class='ocrx_word' id='word_1_228' title='bbox 979 2724 1079 2783; x_wconf 85' lang='lat' dir='ltr'><strong><em>videri</em></strong></span> <span class='ocrx_word' id='word_1_229' title='bbox 1100 2722 1198 2796; x_wconf 87' lang='lat' dir='ltr'><strong><em>debet,</em></strong></span> <span class='ocrx_word' id='word_1_230' title='bbox 1228 2740 1274 2791; x_wconf 92' lang='lat' dir='ltr'><strong><em>ea,</em></strong></span> 
     </span>
     <span class='ocr_line' id='line_1_27' title="bbox 58 2820 1274 2903; baseline 0.002 -22"><span class='ocrx_word' id='word_1_231' title='bbox 58 2842 121 2901; x_wconf 78' lang='lat' dir='ltr'><strong><em>quae</em></strong></span> <span class='ocrx_word' id='word_1_232' title='bbox 138 2822 337 2903; x_wconf 82' lang='lat' dir='ltr'><strong><em>postmodnm</em></strong></span> <span class='ocrx_word' id='word_1_233' title='bbox 359 2822 536 2883; x_wconf 87' lang='lat' dir='ltr'><strong><em>dictitabant</em></strong></span> <span class='ocrx_word' id='word_1_234' title='bbox 549 2824 665 2891; x_wconf 77' lang='lat' dir='ltr'><strong><em>Ariani,</em></strong></span> <span class='ocrx_word' id='word_1_235' title='bbox 689 2820 736 2881; x_wconf 89' lang='lat' dir='ltr'><strong><em>hic</em></strong></span> <span class='ocrx_word' id='word_1_236' title='bbox 757 2822 795 2883; x_wconf 90' lang='lat' dir='ltr'><strong><em>ab</em></strong></span> <span class='ocrx_word' id='word_1_237' title='bbox 809 2820 938 2901; x_wconf 75' lang='lat' dir='ltr'><strong><em>Oripene</em></strong></span> <span class='ocrx_word' id='word_1_238' title='bbox 956 2824 1274 2901; x_wconf 86' lang='lat' dir='ltr'><strong><em>apertecondernuari,</em></strong></span> 
     </span>
     <span class='ocr_line' id='line_1_28' title="bbox 59 2920 1276 3003; baseline 0.002 -20"><span class='ocrx_word' id='word_1_239' title='bbox 59 2922 117 2985; x_wconf 87' lang='lat' dir='ltr'><strong><em>laec</em></strong></span> <span class='ocrx_word' id='word_1_240' title='bbox 139 2927 288 2985; x_wconf 84' lang='lat' dir='ltr'><strong><em>nimirum</em></strong></span> <span class='ocrx_word' id='word_1_241' title='bbox 312 2922 421 2983; x_wconf 87' lang='lat' dir='ltr'><strong><em>rerba:</em></strong></span> <span class='ocrx_word' id='word_1_242' title='bbox 443 2922 510 2983; x_wconf 89' lang='lat' dir='ltr'><strong><em>Fuit</em></strong></span> <span class='ocrx_word' id='word_1_243' title='bbox 532 2922 699 3000; x_wconf 84' lang='lat' dir='ltr'><strong><em>aliqnando,</em></strong></span> <span class='ocrx_word' id='word_1_244' title='bbox 723 2940 789 2983; x_wconf 85' lang='lat' dir='ltr'><strong><em>cum</em></strong></span> <span class='ocrx_word' id='word_1_245' title='bbox 811 2940 874 2983; x_wconf 91' lang='lat' dir='ltr'><strong><em>uon</em></strong></span> <span class='ocrx_word' id='word_1_246' title='bbox 896 2930 979 2983; x_wconf 84' lang='lat' dir='ltr'><strong><em>assat</em></strong></span> <span class='ocrx_word' id='word_1_247' title='bbox 999 2920 1108 2995; x_wconf 78' lang='lat' dir='ltr'><strong><em>Flllus3</em></strong></span> <span class='ocrx_word' id='word_1_248' title='bbox 1130 2925 1276 3003; x_wconf 78' lang='lat' dir='ltr'><strong><em>sr&#39;ouideno</em></strong></span> 
     </span>
     <span class='ocr_line' id='line_1_29' title="bbox 58 3022 1276 3106; baseline 0.007 -27"><span class='ocrx_word' id='word_1_249' title='bbox 58 3026 83 3083; x_wconf 88' lang='lat' dir='ltr'><strong><em>ii</em></strong></span> <span class='ocrx_word' id='word_1_250' title='bbox 104 3028 280 3087; x_wconf 80' lang='lat' dir='ltr'><strong><em>necessario</em></strong></span> <span class='ocrx_word' id='word_1_251' title='bbox 304 3028 442 3104; x_wconf 77' lang='lat' dir='ltr'><strong><em>seqnitur</em></strong></span> <span class='ocrx_word' id='word_1_252' title='bbox 463 3040 502 3085; x_wconf 77' lang='lat' dir='ltr'><strong><em>erc</em></strong></span> <span class='ocrx_word' id='word_1_253' title='bbox 525 3024 651 3085; x_wconf 83' lang='lat' dir='ltr'><strong><em>illorum</em></strong></span> <span class='ocrx_word' id='word_1_254' title='bbox 673 3029 838 3094; x_wconf 76' lang='lat' dir='ltr'><strong><em>seruientia,</em></strong></span> <span class='ocrx_word' id='word_1_255' title='bbox 866 3028 921 3105; x_wconf 77' lang='lat' dir='ltr'><strong><em>oeci</em></strong></span> <span class='ocrx_word' id='word_1_256' title='bbox 939 3022 1051 3085; x_wconf 86' lang='lat' dir='ltr'><strong><em>Filium</em></strong></span> <span class='ocrx_word' id='word_1_257' title='bbox 1071 3043 1134 3087; x_wconf 90' lang='lat' dir='ltr'><strong><em>non</em></strong></span> <span class='ocrx_word' id='word_1_258' title='bbox 1157 3043 1276 3106; x_wconf 84' lang='lat' dir='ltr'><strong><em>seraper</em></strong></span> 
     </span>
     <span class='ocr_line' id='line_1_30' title="bbox 57 3124 1277 3203; baseline 0.005 -20"><span class='ocrx_word' id='word_1_259' title='bbox 57 3126 140 3197; x_wconf 73' lang='lat' dir='ltr'><strong><em>{uisse</em></strong></span> <span class='ocrx_word' id='word_1_260' title='bbox 168 3125 416 3187; x_wconf 86' lang='lat' dir='ltr'><strong><em>arbitrabantur.</em></strong></span> <span class='ocrx_word' id='word_1_261' title='bbox 461 3124 539 3187; x_wconf 90' lang='lat' dir='ltr'><strong><em>llinc</em></strong></span> <span class='ocrx_word' id='word_1_262' title='bbox 561 3124 725 3203; x_wconf 73' lang='lat' dir='ltr'><strong><em>Dionysius</em></strong></span> <span class='ocrx_word' id='word_1_263' title='bbox 747 3124 902 3187; x_wconf 86' lang='lat' dir='ltr'><strong><em>llomarrus</em></strong></span> <span class='ocrx_word' id='word_1_264' title='bbox 930 3128 963 3185; x_wconf 91' lang='lat' dir='ltr'><strong><em>in</em></strong></span> <span class='ocrx_word' id='word_1_265' title='bbox 991 3124 1072 3196; x_wconf 89' lang='lat' dir='ltr'><strong><em>loco,</em></strong></span> <span class='ocrx_word' id='word_1_266' title='bbox 1096 3132 1181 3189; x_wconf 75' lang='lat' dir='ltr'><strong><em>cuites</em></strong></span> <span class='ocrx_word' id='word_1_267' title='bbox 1203 3146 1277 3189; x_wconf 84' lang='lat' dir='ltr'><strong><em>ntoar</em></strong></span> 
     </span>
     <span class='ocr_line' id='line_1_31' title="bbox 57 3223 1274 3307; baseline 0.003 -22"><span class='ocrx_word' id='word_1_268' title='bbox 57 3232 245 3295; x_wconf 84' lang='lat' dir='ltr'><strong><em>neninrmus,</em></strong></span> <span class='ocrx_word' id='word_1_269' title='bbox 268 3228 312 3287; x_wconf 85' lang='lat' dir='ltr'><strong><em>sic</em></strong></span> <span class='ocrx_word' id='word_1_270' title='bbox 335 3226 487 3307; x_wconf 79' lang='lat' dir='ltr'><strong><em>loqraitur:</em></strong></span> <span class='ocrx_word' id='word_1_271' title='bbox 509 3223 542 3285; x_wconf 84' lang='lat' dir='ltr'><strong><em>si</em></strong></span> <span class='ocrx_word' id='word_1_272' title='bbox 564 3226 658 3285; x_wconf 67' lang='lat' dir='ltr'><strong><em>sanctus</em></strong></span> <span class='ocrx_word' id='word_1_273' title='bbox 681 3234 726 3285; x_wconf 82' lang='lat' dir='ltr'><strong><em>cst</em></strong></span> <span class='ocrx_word' id='word_1_274' title='bbox 740 3224 844 3297; x_wconf 79' lang='lat' dir='ltr'><strong><em>Filius,</em></strong></span> <span class='ocrx_word' id='word_1_275' title='bbox 867 3224 922 3285; x_wconf 86' lang='lat' dir='ltr'><strong><em>luit</em></strong></span> <span class='ocrx_word' id='word_1_276' title='bbox 943 3226 1101 3305; x_wconf 82' lang='lat' dir='ltr'><strong><em>aliquanda</em></strong></span> <span class='ocrx_word' id='word_1_277' title='bbox 1123 3246 1189 3289; x_wconf 88' lang='lat' dir='ltr'><strong><em>cum</em></strong></span> <span class='ocrx_word' id='word_1_278' title='bbox 1212 3246 1274 3289; x_wconf 90' lang='lat' dir='ltr'><strong><em>uun</em></strong></span> 
     </span>
     <span class='ocr_line' id='line_1_32' title="bbox 57 3326 1276 3409; baseline 0.005 -24"><span class='ocrx_word' id='word_1_279' title='bbox 57 3340 143 3395; x_wconf 67' lang='lat' dir='ltr'><strong><em>naseu</em></strong></span> <span class='ocrx_word' id='word_1_280' title='bbox 166 3346 257 3409; x_wconf 75' lang='lat' dir='ltr'><strong><em>orcam</em></strong></span> <span class='ocrx_word' id='word_1_281' title='bbox 281 3330 461 3407; x_wconf 87' lang='lat' dir='ltr'><strong><em>irnpietatern</em></strong></span> <span class='ocrx_word' id='word_1_282' title='bbox 479 3326 625 3405; x_wconf 76' lang='lat' dir='ltr'><strong><em>Oripenes</em></strong></span> <span class='ocrx_word' id='word_1_283' title='bbox 649 3326 749 3388; x_wconf 85' lang='lat' dir='ltr'><strong><em>eodem</em></strong></span> <span class='ocrx_word' id='word_1_284' title='bbox 768 3328 861 3389; x_wconf 87' lang='lat' dir='ltr'><strong><em>modo</em></strong></span> <span class='ocrx_word' id='word_1_285' title='bbox 873 3346 908 3387; x_wconf 95' lang='lat' dir='ltr'><strong><em>ac</em></strong></span> <span class='ocrx_word' id='word_1_286' title='bbox 923 3326 975 3389; x_wconf 86' lang='lat' dir='ltr'><strong><em>ille</em></strong></span> <span class='ocrx_word' id='word_1_287' title='bbox 990 3332 1155 3408; x_wconf 78' lang='lat' dir='ltr'><strong><em>irnpnpnat.</em></strong></span> <span class='ocrx_word' id='word_1_288' title='bbox 1188 3330 1276 3402; x_wconf 84' lang='lat' dir='ltr'><strong><em>Qua-</em></strong></span> 
     </span>
     <span class='ocr_line' id='line_1_33' title="bbox 54 3428 1276 3511; baseline 0.003 -24"><span class='ocrx_word' id='word_1_289' title='bbox 54 3438 176 3511; x_wconf 86' lang='lat' dir='ltr'><strong><em>propter</em></strong></span> <span class='ocrx_word' id='word_1_290' title='bbox 206 3446 273 3490; x_wconf 86' lang='lat' dir='ltr'><strong><em>cnnr</em></strong></span> <span class='ocrx_word' id='word_1_291' title='bbox 299 3428 438 3507; x_wconf 75' lang='lat' dir='ltr'><strong><em>Oripenis</em></strong></span> <span class='ocrx_word' id='word_1_292' title='bbox 467 3428 650 3509; x_wconf 87' lang='lat' dir='ltr'><strong><em>temporibus</em></strong></span> <span class='ocrx_word' id='word_1_293' title='bbox 678 3438 796 3499; x_wconf 85' lang='lat' dir='ltr'><strong><em>essent,</em></strong></span> <span class='ocrx_word' id='word_1_294' title='bbox 810 3431 877 3507; x_wconf 63' lang='lat' dir='ltr'><strong><em>arai</em></strong></span> <span class='ocrx_word' id='word_1_295' title='bbox 902 3430 979 3489; x_wconf 87' lang='lat' dir='ltr'><strong><em>idem</em></strong></span> <span class='ocrx_word' id='word_1_296' title='bbox 1001 3433 1165 3499; x_wconf 87' lang='lat' dir='ltr'><strong><em>sentirent,</em></strong></span> <span class='ocrx_word' id='word_1_297' title='bbox 1196 3432 1276 3510; x_wconf 75' lang='lat' dir='ltr'><strong><em>quood</em></strong></span> 
     </span>
     <span class='ocr_line' id='line_1_34' title="bbox 54 3528 1273 3611; baseline 0 -20"><span class='ocrx_word' id='word_1_298' title='bbox 54 3542 149 3607; x_wconf 81' lang='lat' dir='ltr'><strong><em>pratea</em></strong></span> <span class='ocrx_word' id='word_1_299' title='bbox 167 3532 295 3599; x_wconf 89' lang='lat' dir='ltr'><strong><em>Ariani,</em></strong></span> <span class='ocrx_word' id='word_1_300' title='bbox 319 3528 364 3589; x_wconf 90' lang='lat' dir='ltr'><strong><em>nil</em></strong></span> <span class='ocrx_word' id='word_1_301' title='bbox 382 3530 523 3607; x_wconf 76' lang='lat' dir='ltr'><strong><em>profecto</em></strong></span> <span class='ocrx_word' id='word_1_302' title='bbox 546 3532 667 3601; x_wconf 87' lang='lat' dir='ltr'><strong><em>rnirurn,</em></strong></span> <span class='ocrx_word' id='word_1_303' title='bbox 690 3532 720 3589; x_wconf 90' lang='lat' dir='ltr'><strong><em>ei</em></strong></span> <span class='ocrx_word' id='word_1_304' title='bbox 740 3528 856 3591; x_wconf 87' lang='lat' dir='ltr'><strong><em>eosdem</em></strong></span> <span class='ocrx_word' id='word_1_305' title='bbox 878 3548 993 3611; x_wconf 69' lang='lat' dir='ltr'><strong><em>ottoniae</em></strong></span> <span class='ocrx_word' id='word_1_306' title='bbox 1016 3530 1158 3609; x_wconf 82' lang='lat' dir='ltr'><strong><em>loquendi</em></strong></span> <span class='ocrx_word' id='word_1_307' title='bbox 1170 3532 1273 3593; x_wconf 83' lang='lat' dir='ltr'><strong><em>modos</em></strong></span> 
     </span>
     <span class='ocr_line' id='line_1_35' title="bbox 54 3629 1274 3711; baseline 0.003 -22"><span class='ocrx_word' id='word_1_308' title='bbox 54 3632 234 3693; x_wconf 87' lang='lat' dir='ltr'><strong><em>adhiberent.</em></strong></span> <span class='ocrx_word' id='word_1_309' title='bbox 290 3630 350 3691; x_wconf 81' lang='lat' dir='ltr'><strong><em>Sed</em></strong></span> <span class='ocrx_word' id='word_1_310' title='bbox 381 3648 420 3689; x_wconf 82' lang='lat' dir='ltr'><strong><em>ea</em></strong></span> <span class='ocrx_word' id='word_1_311' title='bbox 448 3630 492 3691; x_wconf 90' lang='lat' dir='ltr'><strong><em>his</em></strong></span> <span class='ocrx_word' id='word_1_312' title='bbox 519 3634 596 3693; x_wconf 91' lang='lat' dir='ltr'><strong><em>satie</em></strong></span> <span class='ocrx_word' id='word_1_313' title='bbox 622 3629 722 3709; x_wconf 78' lang='lat' dir='ltr'><strong><em>suerit</em></strong></span> <span class='ocrx_word' id='word_1_314' title='bbox 751 3630 929 3699; x_wconf 80' lang='lat' dir='ltr'><strong><em>obsera-ore,</em></strong></span> <span class='ocrx_word' id='word_1_315' title='bbox 962 3631 1060 3708; x_wconf 76' lang='lat' dir='ltr'><strong><em>fuisse</em></strong></span> <span class='ocrx_word' id='word_1_316' title='bbox 1090 3632 1175 3711; x_wconf 74' lang='lat' dir='ltr'><strong><em>lonae</em></strong></span> <span class='ocrx_word' id='word_1_317' title='bbox 1204 3646 1274 3693; x_wconf 90' lang='lat' dir='ltr'><strong><em>ante</em></strong></span> 
     </span>
     <span class='ocr_line' id='line_1_36' title="bbox 54 3734 747 3809; baseline 0 -18"><span class='ocrx_word' id='word_1_318' title='bbox 54 3738 151 3795; x_wconf 76' lang='lat' dir='ltr'><strong><em>,trebiae</em></strong></span> <span class='ocrx_word' id='word_1_319' title='bbox 175 3736 310 3793; x_wconf 88' lang='lat' dir='ltr'><strong><em>Arianae</em></strong></span> <span class='ocrx_word' id='word_1_320' title='bbox 331 3734 494 3809; x_wconf 87' lang='lat' dir='ltr'><strong><em>inpietatis</em></strong></span> <span class='ocrx_word' id='word_1_321' title='bbox 512 3750 747 3809; x_wconf 85' lang='lat' dir='ltr'><strong><em>praecursores.</em></strong></span> 
     </span>
    </p>

    <p class='ocr_par' dir='ltr' id='par_1_5' title="bbox 54 3823 1358 4425">
     <span class='ocr_line' id='line_1_37' title="bbox 127 3823 1274 3915; baseline 0.005 -24"><span class='ocrx_word' id='word_1_322' title='bbox 127 3834 177 3895; x_wconf 83' lang='lat' dir='ltr'><strong><em>l&#39;l.</em></strong></span> <span class='ocrx_word' id='word_1_323' title='bbox 224 3830 384 3896; x_wconf 80' lang='lat' dir='ltr'><strong><em>Postremo</em></strong></span> <span class='ocrx_word' id='word_1_324' title='bbox 405 3828 439 3893; x_wconf 86' lang='lat' dir='ltr'><strong><em>S.</em></strong></span> <span class='ocrx_word' id='word_1_325' title='bbox 460 3832 649 3895; x_wconf 88' lang='lat' dir='ltr'><strong><em>Athanasius</em></strong></span> <span class='ocrx_word' id='word_1_326' title='bbox 671 3834 707 3895; x_wconf 89' lang='lat' dir='ltr'><strong><em>de</em></strong></span> <span class='ocrx_word' id='word_1_327' title='bbox 729 3851 800 3894; x_wconf 87' lang='lat' dir='ltr'><strong><em>ooce</em></strong></span> <span class='ocrx_word' id='word_1_328' title='bbox 823 3823 978 3915; x_wconf 64' lang='lat' dir='ltr'><strong><em>elysrrjror</em></strong></span> <span class='ocrx_word' id='word_1_329' title='bbox 1001 3834 1145 3911; x_wconf 87' lang='lat' dir='ltr'><strong><em>disputat.</em></strong></span> <span class='ocrx_word' id='word_1_330' title='bbox 1186 3832 1274 3897; x_wconf 78' lang='lat' dir='ltr'><strong><em>llario</em></strong></span> 
     </span>
     <span class='ocr_line' id='line_1_38' title="bbox 54 3934 1273 4013; baseline 0.002 -20"><span class='ocrx_word' id='word_1_331' title='bbox 54 3942 177 3999; x_wconf 79' lang='lat' dir='ltr'><strong><em>,trienos</em></strong></span> <span class='ocrx_word' id='word_1_332' title='bbox 248 3936 396 4013; x_wconf 72' lang='lat' dir='ltr'><strong><em>profanis</em></strong></span> <span class='ocrx_word' id='word_1_333' title='bbox 425 3934 604 3995; x_wconf 88' lang='lat' dir='ltr'><strong><em>auctoribus</em></strong></span> <span class='ocrx_word' id='word_1_334' title='bbox 625 3944 783 3997; x_wconf 89' lang='lat' dir='ltr'><strong><em>mutuatos</em></strong></span> <span class='ocrx_word' id='word_1_335' title='bbox 807 3954 871 3995; x_wconf 86' lang='lat' dir='ltr'><strong><em>esse</em></strong></span> <span class='ocrx_word' id='word_1_336' title='bbox 893 3939 952 4003; x_wconf 88' lang='lat' dir='ltr'><strong><em>ait,</em></strong></span> <span class='ocrx_word' id='word_1_337' title='bbox 984 3946 1018 3993; x_wconf 88' lang='lat' dir='ltr'><strong><em>ut</em></strong></span> <span class='ocrx_word' id='word_1_338' title='bbox 1037 3947 1109 4013; x_wconf 86' lang='lat' dir='ltr'><strong><em>post</em></strong></span> <span class='ocrx_word' id='word_1_339' title='bbox 1131 3934 1273 4013; x_wconf 78' lang='lat' dir='ltr'><strong><em>copiosas</em></strong></span> 
     </span>
     <span class='ocr_line' id='line_1_39' title="bbox 54 4035 1272 4115; baseline 0.002 -22"><span class='ocrx_word' id='word_1_340' title='bbox 54 4036 122 4099; x_wconf 81' lang='lat' dir='ltr'><strong><em>olias</em></strong></span> <span class='ocrx_word' id='word_1_341' title='bbox 152 4054 259 4099; x_wconf 88' lang='lat' dir='ltr'><strong><em>eornm</em></strong></span> <span class='ocrx_word' id='word_1_342' title='bbox 289 4035 416 4099; x_wconf 77' lang='lat' dir='ltr'><strong><em>ronulas</em></strong></span> <span class='ocrx_word' id='word_1_343' title='bbox 444 4052 532 4095; x_wconf 81' lang='lat' dir='ltr'><strong><em>esrom</em></strong></span> <span class='ocrx_word' id='word_1_344' title='bbox 559 4038 741 4115; x_wconf 82' lang='lat' dir='ltr'><strong><em>impietatem</em></strong></span> <span class='ocrx_word' id='word_1_345' title='bbox 767 4052 848 4098; x_wconf 82' lang='lat' dir='ltr'><strong><em>storo</em></strong></span> <span class='ocrx_word' id='word_1_346' title='bbox 877 4036 933 4098; x_wconf 89' lang='lat' dir='ltr'><strong><em>hoo</em></strong></span> <span class='ocrx_word' id='word_1_347' title='bbox 960 4036 1105 4097; x_wconf 87' lang='lat' dir='ltr'><strong><em>vocabulo</em></strong></span> <span class='ocrx_word' id='word_1_348' title='bbox 1129 4047 1272 4115; x_wconf 77' lang='lat' dir='ltr'><strong><em>reperent.</em></strong></span> 
     </span>
     <span class='ocr_line' id='line_1_40' title="bbox 54 4126 1273 4219; baseline -0.002 -21"><span class='ocrx_word' id='word_1_349' title='bbox 54 4134 120 4199; x_wconf 83' lang='lat' dir='ltr'><strong><em>b&#39;an</em></strong></span> <span class='ocrx_word' id='word_1_350' title='bbox 154 4158 223 4201; x_wconf 87' lang='lat' dir='ltr'><strong><em>curn</em></strong></span> <span class='ocrx_word' id='word_1_351' title='bbox 254 4138 355 4201; x_wconf 89' lang='lat' dir='ltr'><strong><em>solnm</em></strong></span> <span class='ocrx_word' id='word_1_352' title='bbox 379 4134 500 4197; x_wconf 82' lang='lat' dir='ltr'><strong><em>Patren</em></strong></span> <span class='ocrx_word' id='word_1_353' title='bbox 532 4126 687 4219; x_wconf 73' lang='grc' dir='ltr'><strong><em>ἀγένητον</em></strong></span> <span class='ocrx_word' id='word_1_354' title='bbox 715 4138 903 4197; x_wconf 88' lang='lat' dir='ltr'><strong><em>non-lactum</em></strong></span> <span class='ocrx_word' id='word_1_355' title='bbox 933 4137 1089 4199; x_wconf 86' lang='lat' dir='ltr'><strong><em>dicendum</em></strong></span> <span class='ocrx_word' id='word_1_356' title='bbox 1117 4156 1181 4198; x_wconf 87' lang='lat' dir='ltr'><strong><em>asse</em></strong></span> <span class='ocrx_word' id='word_1_357' title='bbox 1208 4136 1273 4197; x_wconf 86' lang='lat' dir='ltr'><strong><em>oel-</em></strong></span> 
     </span>
     <span class='ocr_line' id='line_1_41' title="bbox 54 4232 1358 4321; baseline 0.002 -24"><span class='ocrx_word' id='word_1_358' title='bbox 54 4238 117 4311; x_wconf 82' lang='lat' dir='ltr'><strong><em>lent,</em></strong></span> <span class='ocrx_word' id='word_1_359' title='bbox 149 4240 368 4303; x_wconf 85' lang='lat' dir='ltr'><strong><em>concludebant</em></strong></span> <span class='ocrx_word' id='word_1_360' title='bbox 393 4234 500 4299; x_wconf 75' lang='lat' dir='ltr'><strong><em>bilicem</em></strong></span> <span class='ocrx_word' id='word_1_361' title='bbox 522 4232 656 4321; x_wconf 75' lang='grc' dir='ltr'><strong><em>γενητόν</em></strong></span> <span class='ocrx_word' id='word_1_362' title='bbox 679 4240 786 4299; x_wconf 82' lang='lat' dir='ltr'><strong><em>l&#39;actttm</em></strong></span> <span class='ocrx_word' id='word_1_363' title='bbox 809 4238 914 4299; x_wconf 89' lang='lat' dir='ltr'><strong><em>debere</em></strong></span> <span class='ocrx_word' id='word_1_364' title='bbox 936 4240 1004 4299; x_wconf 91' lang='lat' dir='ltr'><strong><em>dici.</em></strong></span> <span class='ocrx_word' id='word_1_365' title='bbox 1051 4238 1358 4315; x_wconf 71' lang='lat' dir='ltr'><strong><em>l&#39;erumsr·an—1·,nn‚</em></strong></span> 
     </span>
     <span class='ocr_line' id='line_1_42' title="bbox 54 4338 1272 4425; baseline -0.002 -26"><span class='ocrx_word' id='word_1_366' title='bbox 54 4340 105 4401; x_wconf 86' lang='lat' dir='ltr'><strong><em>den</em></strong></span> <span class='ocrx_word' id='word_1_367' title='bbox 127 4348 215 4405; x_wconf 79' lang='lat' dir='ltr'><strong><em>istane</em></strong></span> <span class='ocrx_word' id='word_1_368' title='bbox 238 4347 340 4425; x_wconf 89' lang='lat' dir='ltr'><strong><em>aperit</em></strong></span> <span class='ocrx_word' id='word_1_369' title='bbox 365 4352 395 4401; x_wconf 87' lang='lat' dir='ltr'><strong><em>ei</em></strong></span> <span class='ocrx_word' id='word_1_370' title='bbox 420 4338 539 4417; x_wconf 84' lang='lat' dir='ltr'><strong><em>repellit</em></strong></span> <span class='ocrx_word' id='word_1_371' title='bbox 562 4340 763 4412; x_wconf 87' lang='lat' dir='ltr'><strong><em>Athanasius,</em></strong></span> <span class='ocrx_word' id='word_1_372' title='bbox 791 4343 931 4420; x_wconf 79' lang='lat' dir='ltr'><strong><em>‹locetoue</em></strong></span> <span class='ocrx_word' id='word_1_373' title='bbox 955 4340 1047 4399; x_wconf 82' lang='lat' dir='ltr'><strong><em>lleiem</em></strong></span> <span class='ocrx_word' id='word_1_374' title='bbox 1071 4340 1272 4399; x_wconf 80' lang='lat' dir='ltr'><strong><em>non-tactum</em></strong></span> 
     </span>
    </p>
   </div>
   <div class='ocr_carea' id='block_1_3' title="bbox 53 4438 1276 4529">
    <p class='ocr_par' dir='ltr' id='par_1_6' title="bbox 53 4438 1276 4529">
     <span class='ocr_line' id='line_1_43' title="bbox 53 4438 1276 4529; baseline -0.005 -22"><span class='ocrx_word' id='word_1_375' title='bbox 53 4444 199 4525; x_wconf 83' lang='lat' dir='ltr'><strong><em>appellari,</em></strong></span> <span class='ocrx_word' id='word_1_376' title='bbox 221 4458 378 4529; x_wconf 60' lang='lat' dir='ltr'><strong><em>paterius</em></strong></span> <span class='ocrx_word' id='word_1_377' title='bbox 402 4446 474 4515; x_wconf 74' lang='grc' dir='ltr'><em>τοῖς</em></span> <span class='ocrx_word' id='word_1_378' title='bbox 492 4448 641 4525; x_wconf 72' lang='grc' dir='ltr'><strong><em>γενητοῖς</em></strong></span> <span class='ocrx_word' id='word_1_379' title='bbox 660 4438 752 4503; x_wconf 86' lang='lat' dir='ltr'><strong><em>rebus</em></strong></span> <span class='ocrx_word' id='word_1_380' title='bbox 766 4440 851 4503; x_wconf 87' lang='lat' dir='ltr'><strong><em>lactis</em></strong></span> <span class='ocrx_word' id='word_1_381' title='bbox 864 4446 1037 4521; x_wconf 86' lang='lat' dir='ltr'><strong><em>opponitur,</em></strong></span> <span class='ocrx_word' id='word_1_382' title='bbox 1060 4440 1112 4501; x_wconf 88' lang='lat' dir='ltr'><strong><em>sed</em></strong></span> <span class='ocrx_word' id='word_1_383' title='bbox 1122 4438 1276 4518; x_wconf 83' lang='lat' dir='ltr'><strong><em>appellari</em></strong></span> 
     </span>
    </p>
   </div>
   <div class='ocr_carea' id='block_1_4' title="bbox 0 0 1478 5092">
    <p class='ocr_par' dir='ltr' id='par_1_7' title="bbox 0 0 1478 5092">
     <span class='ocr_line' id='line_1_44' title="bbox 0 0 1478 5092; baseline 0 2"><span class='ocrx_word' id='word_1_384' title='bbox 0 0 1478 5092; x_wconf 95' lang='lat' dir='ltr'><strong><em> </em></strong></span> 
     </span>
    </p>
   </div>
  </div>
 </body>
</html>
