2948 5092
105 262 167 328 134
504 273 531 317 ι.
546 269 700 317 εταίιιιειι
715 271 941 315 nemmem

16 445 94 490 ενοι.
103 431 235 510 τρέπει,
269 425 323 490 καί
357 415 548 510 ἀμφοτέρας
579 419 639 498 τὰς
666 417 809 503 αἱρέσεις
837 419 913 497 ἰ’σας
935 417 969 484 ἒν
991 413 1128 507 ἀσεβείᾳ
1152 420 1332 489 δείκνυσιν·

104 524 181 594 αότε
202 524 264 612 γὰρ
285 522 383 610 λόγος
405 522 494 590 ίστίν
517 517 535 586 ό
557 522 616 586 τοῦ
639 519 738 604 λόγου
760 517 879 605 πατήρ,
904 517 980 586 οὔτε
1001 521 1132 608 ποίημά
1154 521 1280 589 ἔστιτὸ
1296 522 1331 590 έκ

101 631 162 695 τοῦ
185 624 328 712 πατρός,
353 619 437 691 ἀλλὰ
459 623 548 689 ’ίδιον
569 624 627 708 τῆς
649 614 765 699 οὐσίας
787 614 888 687 αότοδ
909 625 1065 707 γέννημα,
1088 621 1193 689 πόλιν
1215 647 1252 690 τε
1274 618 1332 690 οὐκ

103 729 176 799 ἔστι
203 727 314 816 πατὴρ
342 722 361 791 ό
390 721 570 811 προελθών
592 722 705 808 λόγος,
735 717 935 794 οὖδὲπάλιν
957 720 992 788 ἐκ
1013 723 1148 790 πολλῶν
1171 719 1219 803 είς
1241 723 1333 791 ἐστιν

104 819 204 909 οὗτος
225 829 332 914 λόγος,
358 823 442 894 ἀλλὰ
463 825 565 911 μόνος
586 822 657 891 ἐστί
679 825 738 890 τοῦ
760 822 887 909 πατρὸς
908 821 988 903 υίός,
1012 817 1173 911 ἀληθινός
1195 830 1250 892 καί
1267 826 1333 914 φό-

103 954 156 1001 σει
177 929 319 1018 γνήσιος,
345 923 363 993 ό
384 929 438 994 καί
462 929 518 994 νῦν
540 919 604 992 ’ῶν
627 924 662 992 ίν
682 919 772 1010 αὐτῷ
793 927 847 990 καί
871 918 1054 1003 ἀῑδίωςιιαί
1071 920 1269 1011 ἀδιαιρέτως
1285 923 1334 995 ῶν

104 1031 141 1114 ἕξ
161 1026 272 1110 αότυῦ.
318 1024 405 1096 οότω
435 1029 489 1095 καί
512 1032 618 1114 σοφία
639 1027 692 1092 καί
716 1019 860 1114 ἀλήθειά
882 1024 971 1092 ἐστιν
995 1020 1012 1090 ό
1035 1024 1161 1111 κύριος,
1194 1029 1249 1094 καί
1273 1023 1333 1097 οόκ

104 1134 195 1204 ἔστιν
225 1130 325 1221 ἀλλης
353 1134 476 1218 σοφίας
498 1127 661 1212 δεύτερος,
693 1119 778 1193 ἀλλὰ
797 1126 899 1211 μόνος
920 1115 1017 1204 οὗτός
1038 1125 1125 1208 ἔστι,
1154 1122 1202 1194 δι’
1228 1117 1269 1195 οὗ
1289 1130 1334 1197 τό

4 1312 11 1323 ,
103 1233 216 1305 πάντα
238 1238 420 1320 πεποίηκεν
442 1224 460 1294 ό
483 1227 601 1315 πατήρ,
625 1228 678 1292 καί
702 1224 736 1293 έν
758 1221 847 1314 αὐτῶ
870 1227 1090 1314 συνεστήσατο
1106 1231 1172 1294 τῶν
1187 1234 1333 1318 γενητῶν

101 1336 164 1416 τὰς
184 1334 340 1410 ποικίλας
362 1326 485 1407 οὐσίας,
510 1323 558 1394 δι’
583 1324 685 1393 αὐτοῦ
706 1353 743 1395 τε
764 1328 955 1415 γνωρίζεται
977 1323 1029 1407 οἷς
1049 1323 1090 1395 ἀν
1112 1329 1259 1411 ὓέθέλυι,
1275 1330 1331 1399 καί

103 1436 138 1505 ίν
160 1431 249 1521 αὐτῷ
271 1431 329 1520 τὴν
351 1433 418 1496 τῶν
440 1427 575 1495 πάντων
596 1427 760 1515 πρόνοιαν
781 1441 932 1497 ποιεῖται
946 1432 1001 1495 καί
1017 1429 1192 1516 ἐργάζεται.
1227 1431 1332 1515 μόνον

101 1536 163 1624 γὰρ
185 1537 302 1601 τοῦτον
326 1525 397 1597 οίδε
417 1533 476 1595 τοῦ
499 1533 583 1596 θεοῦ
606 1528 702 1616 λόγον
724 1532 779 1597 καί
801 1529 989 1610 Διονύσιος.
1020 1527 1101 1619 αὕτη
1124 1535 1183 1598 τοῦ
1206 1539 1332 1600 Διονυ-

103 1641 178 1705 σίου
211 1630 231 1722 ἦ
264 1638 395 1720 πίστις·
431 1625 526 1715 ὀλίγα
557 1630 619 1716 γὰρ
647 1631 682 1698 ἐκ
709 1634 775 1697 τῶν
805 1630 992 1698 ἐπιστολῶν
1015 1628 1116 1698 αότσῦ
1138 1635 1329 1722 συναγαγών

103 1736 242 1824 ίγραψα,
267 1730 431 1815 δυνάμενα
453 1742 636 1817 παρασχεῖν
659 1733 712 1797 σοί
729 1733 790 1816 μέν
802 1726 956 1820 ἀφορμὴν
967 1733 1015 1812 είς
1025 1731 1064 1799 τὸ
1075 1735 1215 1801 πλείονα
1227 1761 1333 1822 προς·

101 1841 251 1914 τιθέναι,
280 1837 352 1911 τοῖς
374 1833 410 1899 δὲ
429 1826 615 1917 Ἀρειανοῒς
634 1829 790 1919 μεγίστην
813 1834 968 1922 αἰσχύνην
991 1833 1048 1902 διά
1067 1834 1126 1924 τὴν
1147 1836 1249 1903 οκατόι
1269 1841 1328 1904 τοῦ

102 1935 289 2006 ίπισκόπου
322 1939 557 2021 συκοφαντίαν.
600 1933 634 2001 έν
664 1937 752 2001 πᾶσι
778 1933 840 2020 γὰρ
868 1934 924 2003 καὶ
951 1930 1027 2001 καθ
1051 1936 1188 2004 ἕκαστον
1211 1935 1257 2004 δι’
1283 1930 1331 2006 ὧν

101 2039 261 2127 ίγραψεν,
284 2026 421 2122 ἤλεγξεν
437 2032 544 2101 αὗτῶν
566 2034 624 2121 τὴν
646 2035 893 2123 κακοφροσάνην
914 2038 969 2103 καί
990 2037 1049 2123 τὴν
1070 2037 1197 2124 αίρεσιν
1221 2035 1331 2107 αὐτῶν

101 2137 336 2226 ίστηλίτευσεν.

186 2245 236 2307 26.
286 2231 412 2305 Οὐκοῦν
435 2233 504 2303 ἀπὸ
526 2237 652 2304 τούτων
675 2228 839 2304 δείκνυται
857 2238 912 2305 καί
927 2233 948 2326 ἡ
963 2235 1260 2330 πρόςΕάφράνορα
1274 2247 1331 2310 καί

78 2335 288 2428 1’Ἀμμώνιον
310 2338 471 2425 ἐπιστολὴ
494 2340 647 2425 ’διανοίᾳ
669 2335 752 2425 ἀλλη
775 2332 843 2404 κατ’
861 2336 1052 2424 οίκυνσμίαν
1066 2353 1234 2429 γραφεῖσα
1247 2339 1327 2430 παρ’

101 2437 218 2512 αότσῦ·
240 2443 339 2506 τοῦτο
360 2438 421 2525 γὰρ
444 2442 498 2505 καί
520 2435 540 2528 ἦ
564 2435 731 2524 ἀπολογία
753 2434 853 2505 αὐτοῦ
877 2440 1029 2508 δείκνυσι.
1060 2445 1112 2509 καί
1137 2443 1227 2510 ἔστιν
1249 2439 1332 2533 ἀλη·

99 2546 175 2623 θῶς
195 2541 301 2620 τύπος
323 2531 421 2619 οὗτος
442 2540 591 2618 πιθανός
613 2538 699 2626 πρὸς
722 2535 912 2626 ἀνατροπὴν
929 2546 987 2628 τῆς
1001 2545 1182 2629 Σαβελλίου
1196 2555 1328 2629 μανίας,

100 2641 182 2724 ῶςτε
202 2641 261 2708 τὸν
281 2640 483 2728 βουλόμενον
506 2647 630 2725 ταχέως
645 2641 820 2726 διελέγχειν
836 2639 914 2720 τοὺς
928 2641 1101 2723 τοιούτους
1114 2645 1159 2734 μὴ
1176 2640 1246 2712 ἀπὸ
1261 2650 1332 2714 τῶν

100 2742 327 2835 σημαινόντων
362 2741 421 2830 τὴν
450 2742 596 2828 θεότητα
624 2744 683 2807 τοῦ
712 2741 810 2827 λόγου
839 2749 1021 2810 ποιεῖσθαι
1046 2744 1104 2832 τὴν
1133 2740 1234 2834 ἀρχήν
1262 2744 1329 2827 (ότι

99 2845 197 2934 λόγος
219 2846 272 2911 καί
296 2850 402 2932 σοφία
423 2847 476 2910 καί
501 2843 638 2929 δύναμίς
660 2842 750 2909 ἐστιν
773 2839 792 2908 ό
815 2843 895 2923 υίός,
918 2847 973 2911 καί
996 2840 1049 2912 ότι
1070 2845 1134 2932 ἐγὼ
1155 2850 1210 2915 καί
1227 2844 1245 2913 ό
1260 2875 1332 2915 πα-

98 2946 158 3036 τηρ
181 2947 215 3016 ἕν
237 2946 374 3030 έσμενί),
398 2945 455 3011 ίνα
476 2944 521 3030 μὴ
543 2942 586 3010 τὰ
606 2944 715 3023 καλῶς
737 2943 890 3031 εἰρημένα
912 2945 1193 3034 παρεξηγοόμενοι
1208 2948 1333 3017 ἐκείνου

97 3047 272 3136 πρόφασιν
299 3049 357 3134 τῆς
384 3042 602 3130 ἀναισχύντου
633 3043 838 3134 φιλονεικίας
859 3046 984 3114 ἑαυτῶν
1006 3047 1207 3116 τὰτοιαῦτα
1228 3058 1329 3137 πορί-

99 3173 239 3230 σωνται,
274 3142 463 3229 ἀκούοντες,
487 3144 561 3213 ’ότι
582 3145 645 3233 ἐγὼ
668 3149 722 3214 καί
746 3142 763 3218 ό,
786 3148 897 3237 πατὴρ
920 3144 1091 3233 ἕν’ἒσμεν,
1120 3157 1191 3217 καί·
1224 3147 1329 3219 όὲω-

97 3249 205 3339 ρακῶς
227 3249 299 3334 ἐμέ,
324 3248 447 3336 ἕῶρακε
468 3249 525 3317 τὸν
548 3252 734 3336 πατέραίί),
757 3246 843 3316 ἀλλά
862 3249 905 3316 τὰ
927 3246 1153 3337 ἀνθρωπίνως
1174 3253 1331 3340 είρημένα

95 3354 174 3445 περὶ
197 3353 256 3417 τοῦ
279 3352 427 3437 στατῆρας
448 3350 665 3437 προβάλλειν,
689 3346 800 3438 ῶςπερ
823 3346 922 3430 αὐτὸς
942 3359 1140 3441 πεποίηκεν,
1176 3349 1213 3420 οἶ
1223 3353 1231 3374 ’
1255 3354 1329 3422 ἔστι

95 3451 135 3520 τό
166 3453 321 3540 Ιπεινᾷν,
358 3451 398 3523 τὸ
425 3455 548 3540 κοπιᾷν
574 3455 634 3519 καί
652 3448 707 3519 ότι
728 3449 879 3537 ἀμπελος
899 3455 953 3519 καί
975 3451 1090 3540 ἤυχετο
1112 3457 1167 3522 καί
1197 3461 1327 3522 πέπον-

94 3559 168 3622 θεν.
208 3549 276 3640 όσῳ
304 3552 366 3639 γάρ
388 3556 493 3620 ταῦτα
518 3552 663 3621 ταπεινὰ
683 3554 829 3639 λέγεται,
862 3553 1030 3642 ’τοσούτῳ
1053 3556 1219 3624 δείκνυται
1238 3551 1327 3643 μὴό

94 3653 206 3741 πατὴρ
237 3654 410 3740 γενόμενος
444 3653 637 3743 ἀνθρωπος.
680 3647 800 3742 ἀνάγκη
832 3654 894 3742 γάρ
927 3659 981 3724 καί
1009 3653 1160 3742 ἀμπέλου
1192 3658 1329 3745 λεγομέ·

95 3779 153 3824 νου
186 3758 245 3822 τοῦ
278 3764 391 3843 κυρίου
425 3751 509 3825 είναι
543 3760 598 3825 καί
631 3756 789 3844 γεωργόν,
823 3753 884 3823 καί
906 3752 1080 3841 εὐχομένου
1109 3753 1211 3825 αότοῦ
1240 3753 1328 3826 εἶναι

93 3855 152 3924 τόν
184 3857 427 3940 λίπακοόοντα,
461 3859 721 3949 καί-αἰτοῦντος
754 3852 855 3926 αότοῦ
885 3852 972 3926 εἶναι
1002 3859 1060 3926 τόν
1094 3859 1239 3926 διδόντα.
1284 3861 1330 3928 τὰ

94 3957 132 4026 δὲ
161 3962 300 4027 τοιαῦτα
330 3963 456 4046 μᾶλλον
489 3956 708 4048 εάκολῶτερον
739 3959 798 4050 τὴν
837 3962 904 4026 τῶν
936 3961 1167 4046 Σαβελλιανῶν
1205 3967 1327 4046 μανίαν

93 4058 273 4128 δείκνυσιν
297 4057 349 4128 ότι
372 4062 481 4148 ἕτερος
505 4057 523 4130 ό
546 4056 726 4151 εὐχόμενος,
752 4063 861 4148 ἕτερος
884 4056 902 4128 ό
922 4062 1120 4144 ἰἐπακούων,
1147 4061 1204 4130 καί
1224 4060 1329 4142 ἀλλος

163 4233 393 4296 lmmAQm
463 4234 676 4297 ἳΗωΛλθ

130 4343 427 4404 ιῶὼωωὼῶ
771 4346 1323 4414 τωώὼωωῶώμῶωηω

128 4418 153 4469 b.
172 4419 212 4470 Sic
231 4421 287 4484 Ιίις.
306 4421 405 4472 Tauria.
420 4420 585 4472 cothurnos.
620 4421 681 4473 editi
736 4423 793 4485 Βις.
807 4421 904 4472 Tauria.
923 4421 992 4472 Colb.
1012 4421 1058 4472 ίεε.
1076 4421 1115 4472 Fr.
1128 4421 1148 4471 Ι.
1166 4427 1190 4470 ιι
1204 4419 1325 4470 triennio

96 4500 154 4538 vero
171 4478 259 4554 ίθίλχ.
735 4487 794 4541 αλιι
811 4488 902 4543 Mn
920 4497 965 4540 ιιι.
