2948 5092
194 263 258 330 268
596 275 622 320 ε.
637 272 1031 319 εεσεαεευκεεειεειεεοη

111 425 279 513 ο.ια.·ίγῶ
302 425 443 514 σήμερον
464 420 635 511 γεγέννηκά
657 423 718 504 σε,·’
743 423 798 488 καί
819 420 905 506 πρὸς
925 423 985 506 μέν
1006 421 1083 500 τοῦς
1105 416 1260 508 ἀγγέλους
1275 424 1381 510 λέγει·
1406 416 1425 488 ό
1463 396 1466 401 ’

195 531 306 597 ποιῶν
327 526 405 606 τοὺς
427 520 582 612 ἀγγέλους
604 517 705 590 αὐτοῦ
727 521 901 608 πνεύματα
921 522 1075 602 καὶτοὺς
1097 523 1305 611 λειτουργοὺς
1320 519 1425 591 αῦτοῦ

196 629 325 717 Ι’κισσὸς
347 626 492 716 φίύναλ·
1134 680 1140 687 -

281 736 332 799 58.
363 723 443 795 Ἰδοῦ
465 730 531 795 τῶν
552 727 613 813 μὲν
633 729 776 814 γενητῶν
797 724 837 791 τό
854 731 1044 807 ποιεῖσθαι,
1060 724 1234 793 καὶταῦτα
1248 727 1428 815 ποιήματα

197 827 285 902 εἶναι
305 832 408 917 λέγει·
436 828 523 915 πρὸς
544 829 581 895 δέ
602 826 661 894 τόν
682 825 755 895 υἱόν
776 821 817 893 οῦ
838 832 976 914 ποίησιν
998 821 1075 894 οῦδὲ
1096 827 1135 894 τό
1156 835 1316 914 γενέσθαι
1338 825 1427 897 ἀλλὰ

196 933 236 1001 τὸ
259 928 368 1001 ἀΐδιον
390 933 446 998 καὶ
467 929 523 997 οτὸ
544 931 686 1015 βασιλέα
706 931 761 995 καί
782 927 821 996 τό
843 923 930 996 εἶναι
951 929 1148 1017 δημιουργόν
1162 941 1358 1020 προςφωνεῖ
1373 933 1428 998 λέ-

196 1056 279 1122 γων·
303 1029 321 1100 ό
344 1031 469 1118 θρόνος
491 1054 561 1111 σου,
587 1025 604 1095 ό
626 1029 717 1108 θεός,
742 1029 789 1108 εἰς
809 1027 867 1102 τὸν
889 1030 994 1097 αἰῶνα
1008 1034 1067 1097 τοῦ
1082 1030 1211 1111 αἰῶνος,
1228 1033 1282 1098 καὶ
1299 1031 1339 1098 σὺ
1354 1026 1425 1099 κατ’

198 1131 308 1224 ἀρχάς,
330 1133 430 1219 κύριε,
454 1130 512 1218 τὴν
533 1134 592 1217 γῆν
615 1130 849 1215 ἐθεμελίωσας,
873 1129 928 1197 καί
951 1131 1028 1218 ἐ’ργα
1048 1135 1114 1198 τῶν
1129 1136 1248 1218 χειρῶν
1264 1155 1324 1199 σου
1341 1132 1427 1199 είσλν

196 1239 231 1305 οί
253 1231 403 1323 οὐρανοί
426 1227 521 1301 αὐτοὶ
544 1227 758 1312 ἀπολοῦνται,
783 1230 823 1298 σὺ
845 1232 882 1300 δέ
904 1233 1129 1316 ίδιαμένειςη.
1164 1233 1200 1314 ἐξ
1221 1222 1266 1301 ῶν
1288 1235 1345 1301 καί
1367 1229 1428 1300 αύ-

195 1341 249 1406 τοί
264 1337 410 1406 συνιδεῖν
425 1330 595 1424 ἠδύναντο,
620 1335 714 1419 ε’ίπερ
737 1332 871 1421 ἤθελον,
896 1329 949 1400 ὅτι
970 1331 1071 1415 ἀλλος
1091 1341 1152 1421 μέν
1174 1335 1264 1404 ἐστιν
1287 1330 1306 1401 ό
1326 1336 1428 1423 δημι·

174 1443 338 1527 ·ουργῶν,
363 1435 448 1504 ἀλλα
471 1435 570 1504 δὲτὰ
592 1434 877 1525 δημιουργήματα,
907 1439 962 1502 καὶ
985 1432 1003 1503 ό
1024 1439 1084 1523 μέν
1106 1437 1189 1518 θεός
1209 1437 1296 1518 ἐστι,
1323 1435 1369 1504 τά
1391 1438 1428 1505 δὲ

197 1539 333 1629 ’γενητά
362 1538 452 1606 ἔστιν
485 1537 521 1618 ἐξ
552 1534 610 1605 ούκ
637 1535 743 1605 όντων
770 1543 990 1625 πεποιημένα.
1027 1536 1067 1605 τὸ
1088 1538 1149 1625 γάρ
1171 1538 1347 1625 λεγόμενον
1369 1540 1427 1607 νῦν

196 1637 311 1708 ῐαότοί
342 1635 549 1707 ἀπολοῦνται
580 1634 638 1723 ούχ
672 1635 717 1718 ῶς
745 1639 792 1718 είς
819 1634 991 1707 ἀπώλειαν
1019 1633 1176 1729 ίσομίνης
1202 1644 1261 1728 τῆς
1287 1640 1427 1719 κτίσειύς

198 1765 318 1831 φησιν,
353 1736 422 1808 ἀλλ’
445 1741 502 1808 ίνα
529 1736 600 1809 ἀπὸ
629 1744 689 1809 τοῦ
711 1743 825 1821 τέλους
845 1740 927 1828 ιτὴν
948 1744 1014 1808 τῶν
1036 1745 1178 1831 γενητῶν
1199 1743 1290 1830 δείξῃ
1313 1741 1426 1830 φύσιν.

196 1844 240 1913 τὰ
260 1842 322 1930 γάρ
345 1841 509 1927 δυνάμενα
529 1836 734 1922 ἀπολέσθαι,
757 1837 817 1930 κάν
838 1842 883 1931 μὴ
907 1838 1083 1932 ἀπῶληται
1105 1844 1162 1911 διὰ
1183 1843 1241 1933 τὴν
1256 1844 1353 1932 χάριν
1368 1844 1427 1909 τοῦ

197 1943 423 2032 πεποιηκότος
450 1947 570 2023 ταῦτα,
601 1941 692 2029 ὅμως
721 1945 757 2025 ἐξ
776 1941 835 2012 ούκ
857 1942 963 2014 όντων
983 1951 1107 2032 γέγονε,
1137 1944 1251 2013 καὶτὸ
1273 1945 1318 2033 μὴ
1342 1940 1429 2012 εἶναί

197 2070 282 2114 ποτε
304 2041 388 2112 αύτά
408 2056 633 2132 μαρτυρεῖται.
668 2046 725 2114 διά
745 2051 844 2114 τοῦτο
859 2052 948 2132 γοῦν,
964 2044 1010 2127 ῶς
1023 2048 1149 2115 τούτων
1164 2046 1320 2135 τοιαύτην
1336 2046 1428 2130 ἐχόν·

196 2175 263 2217 των
283 2147 342 2236 τὴν
365 2147 476 2236 φύσιν,
501 2149 629 2234 λέγεται
651 2148 708 2217 ἐπὶ
730 2152 789 2215 τοῦ
811 2149 885 2216 υίοῦ
906 2149 946 2216 τὸ
969 2148 1009 2216 σὺ
1032 2152 1068 2217 δέ
1090 2151 1286 2234 Ιιδιαμένεις,
1310 2148 1368 2214 ἵνα
1388 2146 1428 2214 τὸ

197 2244 307 2317 ἀίδιον
329 2244 430 2315 αύτοῦ
454 2250 587 2337 δειχθῇ·
611 2245 649 2316 ού
671 2249 732 2337 γάρ
756 2252 837 2335 έχων
851 2251 890 2317 τό
906 2250 1073 2320 δύνασθαι
1088 2249 1291 2331 ἀπολέσθαι,
1316 2245 1427 2335 ῶςπερ

198 2351 265 2434 ἔχει
285 2350 327 2418 τὰ
348 2350 475 2438 γενητά,
499 2350 581 2434 έχων
603 2352 639 2418 δὲ
661 2350 700 2417 τό
723 2353 890 2437 διαμένειν
912 2349 974 2433 ἀεί,
998 2348 1171 2440 ἀλλότριον
1185 2358 1245 2437 μέν
1261 2352 1354 2419 ἐστιν
1369 2346 1429 2417 αύ-

197 2455 256 2518 τοῦ
278 2452 317 2518 τὸ
339 2453 499 2537 λέγεσθαι
521 2447 578 2519 οόκ
600 2443 639 2539 ἦν
661 2456 740 2538 πρὶν
762 2458 923 2542 γεννηθῇ,
953 2455 1041 2522 ’ίδιον
1069 2454 1166 2522 δὲτὸ
1189 2449 1242 2522 ἀεὶ
1264 2448 1429 2521 εἶναικαὶ

196 2555 437 2639 ῑσυνδιαμένειν
468 2553 527 2622 σύν
555 2557 602 2642 τῷ
625 2561 738 2641 πατρί.
785 2555 815 2623 εί
835 2557 896 2641 μέν
918 2546 976 2622 οῦν
997 2556 1043 2645 μὴ
1065 2558 1170 2622 ταῦτα
1189 2554 1325 2642 γράψας
1346 2545 1428 2641 ῇνό

197 2652 386 2735 ἀπόστολος
408 2656 442 2724 ἐν
463 2660 504 2744 τῇ
525 2656 612 2743 πρὸς
630 2653 799 2744 Ἑβραίους
821 2657 991 2746 ἐπιστολῇ,
1015 2654 1074 2746 κᾷν
1097 2657 1131 2725 ἐκ
1144 2661 1211 2724 τῶν
1227 2655 1336 2725 ἀλλων
1352 2656 1429 2725 έπι-

197 2759 325 2825 στολῶν
338 2753 507 2825 αὐτοῦκαὶ
520 2758 632 2848 πάσης
646 2756 725 2845 11τῇς
738 2762 867 2848 γραφῆς
878 2755 1016 2845 ἀληθῶς
1031 2759 1212 2827 ἐκωλύοντό
1224 2784 1259 2825 τι
1273 2763 1428 2826 τοιοῦτον

197 2858 429 2947 φαντάζεσθαι
447 2863 598 2946 περὶτοῦ
614 2861 721 2947 λόγου.
746 2860 861 2949 ίπειδὴ
879 2864 915 2929 δέ
930 2856 1029 2940 αῦτός
1044 2886 1080 2929 τε
1095 2861 1220 2948 ἔγραψε
1233 2859 1290 2927 καί
1305 2860 1340 2928 ἐν
1355 2871 1429 2939 τοῖς

197 2960 391 3048 ἔμπροσθεν
407 2962 571 3029 δέδεικται
585 2966 593 3002 ¹
599 2968 742 3051 γέννημα
755 2966 814 3050 τῆς
827 2966 887 3029 τοῦ
902 2963 1030 3050 πατρὸς
1045 2958 1161 3042 οὐσίας
1176 2956 1221 3028 ῶν
1242 2958 1260 3027 ό
1275 2960 1357 3042 υἱός,
1373 2964 1429 3029 καί

197 3059 296 3141 αὐτὸς
317 3064 377 3147 μὲν
394 3062 598 3150 δημιουργός,
621 3063 664 3130 τὰ
686 3065 723 3131 δὲ
746 3065 993 3152 δημιουργεῖται
1006 3059 1091 3150 παρ’
1115 3060 1225 3144 αύτοῦ,
1249 3066 1304 3130 καί
1328 3058 1430 3143 αὐτὸς

195 3165 256 3249 μέν
272 3159 476 3250 ἀπαύγασμα
488 3168 542 3232 καί
560 3164 657 3250 λόγος
675 3169 728 3233 καὶ
749 3165 843 3234 είκῶν
857 3169 912 3233 καί
928 3163 1034 3254 σοφία
1048 3169 1107 3232 τοῦ
1129 3162 1258 3250 πατρός
1281 3164 1363 3244 ἐστι,
1387 3164 1429 3231 τὰ

197 3265 234 3332 δὲ
255 3263 372 3352 γενητὰ
392 3264 481 3332 κάτω
502 3291 570 3333 που
592 3271 652 3356 τῆς
673 3270 809 3354 τριάδος
829 3267 930 3336 ΙΙΙέστί
951 3267 1207 3357 παραστήκοντα
1221 3268 1276 3332 καί
1292 3265 1430 3333 δουλεύ-

196 3387 293 3433 οντα·
321 3366 507 3456 ἕτερογενὴς
534 3366 599 3453 ἀρα
626 3373 681 3437 καί
709 3368 918 3457 έτεροοόσιός
940 3369 1030 3437 ἐστιν
1053 3366 1071 3435 ό
1094 3369 1165 3448 υίὸς
1184 3370 1251 3435 τῶν
1273 3369 1428 3454 γενητῶν,

197 3467 253 3535 καί
279 3470 405 3552 μᾶλλον
432 3472 491 3556 τῇς
517 3473 576 3536 τοῦ
606 3471 735 3558 πατρὸς
764 3467 881 3551 οὐσίας
908 3472 996 3550 ’ίδιος
1017 3474 1072 3538 καί
1095 3466 1245 3558 όμοφυὴς
1265 3467 1427 3554 τυγχάνει.

196 3569 254 3637 διὰ
274 3573 373 3638 τοῦτο
394 3570 457 3659 γὰρ
479 3575 534 3639 καί
557 3566 656 3653 αύτός
678 3570 696 3639 ό
719 3573 792 3653 υίὸς
812 3568 871 3641 οῦκ
889 3575 1030 3669 ε’ίρηκεν·
1054 3568 1197 3659 όπατήρ
1211 3594 1276 3654 μου
1298 3577 1429 3656 Ι’κρείτ

266 3760 290 3821 1)
308 3760 381 3809 Hebr.
402 3762 425 3822 1,
443 3762 468 3811 5.
487 3762 510 3811 7.
580 3761 606 3824 2)
625 3764 697 3814 Hebr.
718 3764 741 3825 1,
760 3763 785 3814 8.
806 3764 844 3814 10.
865 3764 906 3814 11.

228 3909 250 3944 ε.
268 3896 369 3958 Seguer.
387 3896 485 3946 Gobler.
504 3903 527 3945 et
545 3897 681 3947 Felckman.
702 3898 723 3947 l.
743 3898 787 3947 ad·
871 3914 893 3948 ε.
913 3896 1017 3947 Felckm.
1034 3887 1160 3962 γεννητά.

84 4025 87 4028 ⁴
194 3963 255 4015 dunt
277 3953 331 4027 ίγῶ
356 3956 476 4030 σήμερον
498 3959 595 4028 γεγένν
628 3958 701 4014 άσε.
737 3966 786 4017 Sed
871 3967 888 4015 ί.
906 3966 947 4015 Sic
964 3965 1064 4027 Seguer.
1082 3963 1155 4014 ΒετίΙ.
1173 3962 1267 4026 Anglie.
1282 3960 1428 4011 etfelckm.

57 4061 61 4072 =
195 4031 441 4085 Gobler.etFelckm.
454 4032 475 4082 1.
494 4033 584 4082 habent
606 4028 726 4097 γίννησά
744 4044 782 4082 σε.
836 4033 860 4084 5.
896 4035 924 4083 At
942 4033 999 4083 editi
1017 4023 1085 4080 αῦτό
1104 4031 1228 4081 mendose.
1255 4029 1360 4080 Ihm&
1378 4043 1429 4079 αττ.

193 4100 228 4150 En
246 4107 326 4149 aulem
345 4098 375 4148 ab
393 4098 448 4148 εΙῦε
466 4105 489 4148 et
507 4100 577 4150 εδίιίε
595 4102 691 4150 desunt.
835 4102 892 4163 λος.
913 4100 998 4151 ΒιείΙ.
1011 4109 1036 4150 ει
1058 4099 1150 4162 Angue.
1174 4088 1225 4164 οάχ
1243 4089 1280 4151 ῶτ
1296 4088 1336 4161 τίς
1395 4089 1429 4144 νί·

227 4168 252 4218 b.
269 4168 370 4230 Seguer.
387 4165 442 4235 πῦρ
461 4161 573 4232 φλέγεν.
607 4167 660 4218 Μαι
678 4168 784 4220 Felckm.
834 4163 917 4218 λείαν.
951 4169 1014 4218 Editi
1036 4175 1059 4217 et
1083 4168 1123 4216 alii
1148 4157 1197 4214 οῦκ
1220 4158 1258 4219 τίς
1282 4156 1429 4214 Wiener.

194 4234 219 4286 5.
235 4232 383 4300 γεννητῶν,
538 4250 544 4264 ¹
837 4236 959 4286 Μοιιαεε.
976 4231 1088 4288 κείστιίτ
1106 4246 1200 4300 φησιν.
1235 4233 1298 4283 editi
1315 4227 1430 4285 trium

229 4318 249 4353 τ.
269 4304 368 4366 Seguer.
395 4301 494 4354 Gobler.
519 4309 543 4353 τι
565 4301 673 4353 Folckm.
693 4302 714 4353 l.
739 4297 786 4352 καί
837 4296 924 4371 φύσιν
941 4304 1069 4353 mendose.

193 4365 315 4434 βασιλέα.
870 4387 893 4434 ρ.
911 4372 1011 4434 δεςυεε.
1036 4369 1134 4422 Gobler.
1152 4378 1177 4419 ιι
1193 4368 1299 4419 Felekm.
1319 4367 1343 4418 1.
1362 4374 1389 4417 ut
1406 4373 1431 4417 ετ

228 4438 251 4487 δ.
270 4440 371 4502 Seguor.
389 4433 533 4506 διαμενεῖε.
567 4437 598 4489 λι
620 4436 661 4490 alii
684 4446 708 4490 et
726 4437 785 4491 editi
835 4439 930 4503 λυςΙίε.
947 4437 973 4489 in
986 4430 1157 4499 ωετχίοετὴν
1173 4426 1263 4503 ἀρχὴν
1279 4433 1340 4484 τείν
1417 4456 1430 4470 ·

194 4496 338 4571 διαμένεις.
835 4503 895 4557 τείν
910 4499 991 4571 δείξγ.
1026 4505 1101 4556 Paulo
1127 4511 1185 4569 ροσε
1201 4505 1304 4568 sugunt.
1388 4492 1428 4570 με’
