2948 5092
469 263 576 309 ourro
592 263 629 306 m.
647 261 767 307 eonrru
781 262 916 307 munos.
1017 236 1029 257 ”
1228 249 1289 313 ost

59 423 133 500 ipse
154 419 230 498 feeit
253 434 355 496 opero.
403 415 520 479 Credite
542 415 631 487 mibi,
658 412 738 496 quod
765 432 816 492 eoo
839 417 871 475 iu
892 413 985 475 Putre
1007 433 1074 477 eum
1095 425 1124 477 et
1144 414 1238 478 Potor
1259 420 1375 479 turm.

63 541 122 584 me.
165 518 306 599 Alioquin
330 528 463 597 propter
491 534 583 596 opero
609 518 679 597 ipso
706 514 816 577 erudite
845 515 927 577 mibi.
971 515 1090 587 Amen,
1109 535 1195 580 omen
1226 518 1290 580 dieo

62 622 162 694 vobis,
185 625 238 701 qui
259 620 353 681 credit
376 623 408 678 tn
428 637 483 689 me,
507 635 610 698 opero,
632 634 708 699 quoe
729 633 780 697 eoo
802 618 894 695 socio,
917 628 946 679 et
966 620 1030 697 ipse
1051 619 1152 696 foetet,
1176 628 1204 681 et
1225 637 1292 681 mo-

61 729 139 787 ioro
162 723 206 784 bis
230 723 335 799 societ,
358 723 428 801 quin
452 737 502 798 eoo
525 719 565 781 od
584 718 708 781 Petrus
728 717 815 779 uodo.
859 717 897 777 Et
919 719 1121 801 quodcumque
1139 723 1291 800 petieritis

64 831 99 888 iu
122 828 242 886 nomine
264 839 338 891 meo,
363 821 416 882 boo
438 822 558 899 sociem,
580 829 615 881 ut
635 816 826 899 omifloetur
847 819 941 882 Potor
963 824 995 880 iu
1017 819 1104 881 rotro.
1149 820 1250 900 {tuque
1264 821 1291 884 si

62 925 209 988 Peterin
232 922 306 983 Filio
328 921 523 1000 glorificetur,
552 920 643 982 Filius
665 920 730 982 sine
752 919 841 980 dubio
870 920 972 993 inierit,
1007 921 1056 1000 qui
1083 922 1139 982 uit:
1173 922 1235 1002 Eoo
1257 928 1292 986 irs

63 1029 162 1090 Putre
184 1037 211 1088 et
234 1025 326 1086 Potor
348 1029 380 1084 iu
401 1043 446 1084 me
469 1036 521 1093 est,
550 1032 579 1083 et
605 1023 667 1095 Qut
686 1042 731 1083 me
754 1023 837 1093 uidit,
860 1024 935 1084 vidit
957 1022 1085 1086 Putrem.
1131 1023 1189 1096 Qui
1211 1024 1290 1085 enim

63 1130 142 1190 bueo
161 1126 306 1207 loquitur,
335 1125 472 1204 seipsum*
488 1125 592 1186 Filium
616 1144 684 1186 esse
705 1123 825 1204 probat,
857 1142 921 1186 oum
945 1122 1026 1189 addit
1045 1136 1080 1188 ut
1101 1125 1290 1206 glorificetur

63 1230 163 1295 Potor
184 1234 218 1291 in
239 1228 325 1290 Fr’b'o.
1275 1213 1279 1220 ’

154 1335 205 1396 20.
250 1330 281 1390 Si
303 1329 391 1408 igitur
414 1328 603 1402 contendunt,
626 1326 788 1401 bominem,
810 1346 898 1406 quem
921 1328 1215 1406 gestauit‘erbum,
1237 1329 1289 1391 Fi·

62 1436 141 1497 lium
162 1434 215 1496 Dei
238 1421 421 1510 unigenitum
445 1451 528 1502 esse,
552 1449 613 1490 non
636 1437 733 1492 summ
757 1430 900 1502 Verbum,
930 1431 1064 1510 sequitur
1086 1439 1119 1493 ut
1138 1432 1229 1493 bomo
1252 1431 1290 1492 sit

62 1537 137 1609 ibe,
159 1536 209 1615 qui
231 1536 261 1596 in
284 1535 371 1596 Putre
394 1543 440 1594 est
461 1544 491 1595 et
511 1534 542 1593 iu
565 1550 623 1611 quo
644 1531 732 1594 Pater
755 1541 815 1606 est,
839 1532 928 1594 bomo
951 1533 1021 1595 item
1043 1532 1091 1594 ille
1114 1533 1218 1606 fuerit,
1240 1532 1291 1612 qui

62 1657 161 1701 uuum
183 1639 247 1718 ipse
270 1646 299 1697 et
319 1635 405 1697 Pater
434 1644 494 1707 est,
528 1633 635 1713 quique
657 1634 687 1696 in
710 1634 778 1696 sinu
800 1645 847 1696 est
868 1635 980 1709 Patris,
1009 1646 1037 1697 et
1063 1635 1113 1697 iux
1141 1654 1209 1696 vero
1233 1643 1290 1696 est.

61 1742 145 1805 Hine
165 1739 250 1801 deteri
273 1747 425 1818 cogentur,
448 1736 589 1797 mundum
612 1754 667 1816 per
687 1735 838 1798 bominem
861 1737 967 1798 iactum
990 1756 1067 1810 esse,
1092 1745 1121 1798 et
1140 1736 1290 1799 bominem

63 1862 139 1906 eum
159 1860 237 1915 esse,
261 1841 310 1919 qui
332 1839 412 1901 venit
434 1857 494 1900 non
517 1847 549 1899 ut
571 1838 723 1914 iudicaret,
747 1839 800 1900 sed
824 1839 1018 1900 otmundum
1040 1839 1151 1900 salsum
1173 1840 1319 1913 iaceret*

62 1946 167 2025 ipsum
194 1942 320 2021 denique
353 1961 421 2002 esse
451 1941 620 2020 priusquam
642 1939 788 2002 Abrabam
815 1941 909 2002 fieret.
953 1941 1038 2004 Iesus
1061 1941 1155 2010 euim,
1186 1939 1291 2019 inquit,

63 2048 147 2110 dimo
168 2045 247 2107 utto:
277 2046 383 2114 Amen,
412 2062 497 2104 omen
527 2045 590 2105 dieo
614 2043 713 2115 uobis,
744 2053 903 2125 antequam
926 2044 1075 2106 Abrabam
1102 2045 1207 2124 fieret,
1237 2062 1289 2124 eoo

23 2224 26 2229 Ι
63 2168 147 2211 mm.
190 2147 234 2207 dn
257 2163 317 2205 non
345 2160 415 2205 vero
445 2144 660 2221 perabsurdum
682 2143 761 2205 dictu
785 2154 848 2219 est,
883 2164 949 2206 eum
979 2146 1106 2208 existere
1134 2155 1290 2226 antequam

14 2301 19 2307 .
62 2252 154 2310 fieret
175 2247 331 2319 Abraham,
353 2266 440 2325 quem
463 2265 497 2306 ex
520 2245 634 2306 semine
654 2245 789 2327 Abrahae
811 2257 879 2324 post
900 2247 1092 2325 quadraginta
1115 2248 1188 2309 dues
1206 2255 1289 2311 uetu-

63 2360 113 2412 tes
138 2358 238 2410 nutum
261 2368 329 2410 esse
350 2347 477 2409 uolunt?
522 2347 554 2408 Si
576 2347 648 2409 item
669 2366 754 2416 euro,
778 2367 865 2427 quum
887 2348 1014 2410 Verbum
1037 2350 1174 2427 gestarit,
1197 2349 1290 2411 Filius

63 2459 131 2523 est,
160 2469 197 2511 un
226 2468 285 2509 non
320 2449 510 2511 vehementer
538 2457 683 2528 repugnet
710 2449 905 2521 contendere,
934 2449 1010 2510 bane
1038 2450 1133 2528 ipsam
1161 2470 1290 2524 curnem,

63 2571 157 2633 quarn
179 2571 214 2612 ex
234 2551 326 2612 biania
347 2550 468 2629 aceepit,
493 2568 561 2610 esse
584 2568 639 2629 per
661 2567 748 2630 quam
769 2551 896 2611 mundns
912 2552 1005 2611 suetus
1027 2560 1082 2611 est.
1127 2551 1203 2623 Quid
1219 2571 1290 2615 vero

63 2655 104 2716 de
128 2653 176 2714 bis
199 2651 296 2713 verbis
320 2651 426 2712 dicturi
449 2660 533 2713 sunt:
557 2651 595 2713 bo
616 2652 727 2714 mundo
750 2650 841 2715 eret?
883 2652 1015 2730 Namque
1036 2652 1236 2731 Euangelistu,
1259 2663 1291 2715 ut

63 2755 248 2834 significaret
274 2754 421 2816 exstitisse
443 2752 548 2814 Filium
577 2752 749 2833 priusquam
777 2754 937 2814 seeundum
969 2771 1086 2814 earnem
1108 2763 1290 2828 nasceretur,
1331 2764 1334 2769 '

63 2859 142 2919 baec
163 2855 289 2917 subiecit
309 2855 412 2916 verbu:
442 2855 613 2917 tumendo
637 2863 714 2917 erut.
757 2855 851 2915 Porro
881 2854 904 2916 si
939 2875 1000 2916 non
1021 2855 1147 2917 Verbum
1171 2865 1218 2917 est
1238 2853 1289 2917 Fi-

63 2958 137 3031 lius,
159 2957 210 3018 sed
234 2958 324 3017 homo
348 2967 394 3018 est
409 2957 512 3030 Filius,
536 2956 685 3045 quomodo
707 2955 849 3017 mundum
871 2958 1111 3036 possusumus,
1135 2956 1290 3036 cumipse

64 3078 187 3138 quoque
211 3058 249 3119 sit
272 3078 306 3119 ox
328 3058 462 3120 mundo?
507 3059 594 3131 Quod
617 3059 644 3121 si
665 3078 722 3121 neo
742 3059 788 3120 his
803 3058 969 3121 rationibus
985 3078 1087 3121 eorum
1110 3058 1286 3138 comprime-

64 3172 117 3223 tur
139 3160 330 3238 impudentia,
354 3161 562 3240 respondeant,
586 3159 704 3223 ubinam
727 3161 856 3222 futurum
880 3162 919 3222 sit
933 3161 1071 3236 Verbum,
1095 3161 1120 3222 si
1138 3162 1228 3222 homo
1244 3168 1291 3222 est

63 3263 98 3325 iu
120 3260 233 3322 Putre?
278 3262 406 3332 Quotum
430 3272 527 3323 nutem
550 3260 679 3325 Verbum
699 3262 757 3325 erit
778 3282 845 3324 cum
866 3264 963 3337 Patre,
987 3283 1053 3325 cum
1068 3265 1158 3324 homo
1181 3272 1211 3324 et
1230 3262 1289 3326 Pu·

66 3376 114 3426 ter
137 3381 227 3423 unum
251 3361 335 3423 sint?
379 3362 465 3435 Quod
496 3364 522 3424 si
550 3348 830 3449 &immineniibus
852 3372 915 3441 est,
943 3374 1067 3445 quotum
1099 3385 1212 3445 quaeso
1235 3365 1292 3427 erit

65 3463 220 3527 Verbum?
264 3463 314 3525 Vel
337 3467 415 3525 euim
439 3465 602 3529 seeundum
623 3456 693 3529 esse
712 3466 907 3547 respondebit
927 3467 1051 3549 aliquis,
1083 3467 1129 3528 vel
1152 3467 1179 3529 si
1200 3485 1292 3545 supro

65 3565 252 3644 unigenitum
280 3574 342 3639 est,
371 3566 434 3646 ipse
463 3576 544 3629 'eerte
569 3568 664 3679 Patr*
683 3568 783 3663 suerit
829 3567 1085 3641 Quemadmodum
1113 3568 1191 3630 enim
1213 3586 1292 3629 uuus

66 3676 114 3730 est
137 3667 235 3740 Peter,
258 3667 297 3728 ite
319 3667 488 3746 unigenitus
513 3688 546 3731 ex
571 3688 606 3732 eo
626 3664 713 3735 nutris
734 3689 812 3733 unus
834 3678 890 3731 est.
935 3669 1014 3745 Quid
1037 3677 1192 3750 praeterea
1214 3670 1290 3730 Ver·
1388 3734 1397 3751 ,

65 3771 141 3831 bum
160 3766 282 3830 homine
305 3769 430 3849 amplius
453 3770 551 3845 habet,
574 3770 601 3831 si
617 3771 745 3834 Verbum
759 3772 851 3832 Filius
875 3789 936 3831 non
958 3752 1032 3833 siot',
1062 3770 1202 3832 uundum
1221 3769 1290 3848 qui-

66 3872 137 3932 dem
159 3887 215 3949 per
234 3866 340 3931 Filium
363 3880 392 3932 et
406 3871 534 3932 Verbum
556 3873 664 3935 suetum
686 3892 753 3935 esse
775 3874 918 3953 seriptum
940 3881 994 3945 est,
1016 3890 1230 3949 communeque
1246 3880 1291 3933 est

67 3971 167 4033 Verbo
191 3979 221 4032 et
241 3970 316 4032 Filio
339 3972 481 4034 mundum
503 3992 620 4049 creare,
650 3984 680 4036 et
700 3976 816 4036 Patrem
837 3993 899 4035 uon
921 3993 938 4035 a
959 3973 1073 4047 Verbo,
1101 3972 1156 4035 sed
1179 3991 1194 4031 a
1216 3971 1290 4062 Filio

103 4244 125 4276 e.
143 4226 215 4276 besil.
235 4235 260 4275 et
276 4226 365 4286 bngtie.
378 4219 532 4291 γενόμενον,
569 4228 655 4290 Regius
740 4241 765 4291 o,
780 4226 877 4281 Gobler.
896 4230 976 4278 hicet
994 4242 1047 4276 mox
1064 4219 1155 4278 πόσος.

67 4303 92 4346 et
110 4296 184 4358 Sego.
201 4287 355 4358 λεγόμενον.
393 4296 656 4358 Aliieditiqueutrum·
981 4350 983 4356 ¹

66 4374 117 4429 qne
135 4365 256 4413 omittunt.
378 4362 382 4371 “
740 4365 758 4413 ι.
775 4363 816 4413 Sic
839 4364 897 4427 fleg.
920 4365 1018 4427 Seguer.
1036 4361 1107 4411 anit.
1127 4371 1150 4412 et
1168 4359 1290 4424 Anguem.

102 4428 128 4483 d.
144 4431 186 4488 Sic
211 4432 267 4492 fleg.
292 4439 316 4479 et
338 4429 436 4489 Sesuer.
461 4439 485 4479 ut
510 4439 533 4480 et
550 4431 656 4480 Nunnius
707 4432 733 4481 bt
751 4432 775 4482 iu
792 4432 847 4482 eliis
864 4439 889 4483 et
906 4433 976 4483 editis
994 4431 1062 4495 deest
1078 4421 1108 4479 ei.

65 4498 136 4563 legit.
168 4498 215 4549 utu
235 4507 258 4549 et
276 4498 333 4549 editi
349 4489 400 4557 εἴη,
422 4498 545 4549 mendose.
576 4542 583 4555 ,
1055 4500 1058 4505 “
