2948 5092
463 268 572 315 enarro
591 269 622 313 u.
639 236 929 316 couraarmanoss
1062 240 1065 245 ⁴
1152 312 1153 316 ,
1224 259 1288 322 345

52 444 116 488 esse
138 433 171 485 et
193 439 285 484 unam
307 439 325 482 e
347 420 430 482 lactis
458 420 566 493 rebus,
596 420 650 481 sed
679 429 771 481 artem
802 423 918 484 creandi
941 432 1077 501 tanquam
1101 443 1117 485 a
1140 425 1282 504 magistro
1296 438 1375 484 rm

52 537 79 589 at
97 525 216 588 artifice
238 523 397 594 didicisse,
426 531 513 601 atque
535 522 574 583 ita
597 522 655 601 ipsi
677 522 754 596 Deo,
778 524 866 603 quem
890 526 1064 604 magistrum
1088 525 1204 599 hahuit,
1227 526 1287 587 mi·

53 628 212 690 nistrasse.
273 624 353 686 Haec
386 623 464 685 enim
497 624 632 685 Asterius
666 624 826 704 sophista,
860 634 963 704 utpote
996 626 1147 687 Christum
1181 626 1288 689 dootm

53 747 171 808 negare,
196 746 287 789 ausus
310 734 357 787 est
379 725 522 799 scrihere,
546 725 668 786 minime
689 724 726 786 ad
751 744 784 786 en
804 744 880 805 quae
895 727 964 788 inde
979 735 1146 806 sequuntur
1160 727 1289 790 ahsurda

55 829 224 892 cumidem.
268 827 341 889 Nam
366 827 391 889 si
413 846 464 889 ars
487 827 605 889 creandi
628 836 728 906 potest
749 827 860 900 doceri,
883 828 1061 890 rideamne
1083 831 1288 908 ipsumetiant

55 933 148 994 heum
177 948 241 991 non
270 938 375 991 natura
403 928 456 991 sed
485 938 549 990 arte
578 929 713 1008 opificem
744 948 814 990 esse
836 929 951 1003 dicant,
980 930 1021 991 ita
1042 938 1077 991 ut
1097 948 1131 991 aa
1152 931 1289 994 facultate

54 1033 161 1114 primri
184 1031 296 1112 possit
340 1030 468 1104 Deinde,
499 1031 525 1091 si
554 1030 607 1092 Dei
635 1031 786 1111 Sapientia
813 1031 982 1096 ¹facultatem
1004 1033 1124 1093 creandi
1147 1033 1288 1096 discendo
1370 1012 1376 1021 ⁶

55 1134 249 1215 comparavit,
272 1133 423 1213 manando
447 1133 592 1212 sapientia
609 1133 749 1213 appellari
766 1142 873 1212 potest,
894 1151 970 1212 quae
983 1133 1120 1196 doctrina
1135 1133 1289 1213 indigeat?
1359 1190 1363 1197 .

56 1237 133 1311 Quid
156 1255 232 1298 vero
255 1235 321 1315 ipsa
344 1243 405 1295 erat
428 1244 584 1313 antequam
606 1233 758 1297 disceret?
780 1234 841 1296 Nec
855 1235 934 1295 enim
951 1235 1096 1315 sapientia
1120 1246 1191 1306 erat,
1214 1253 1290 1314 quae

55 1338 192 1400 doctrina
221 1355 299 1416 opus
327 1335 438 1397 habuit.
482 1337 582 1397 ianuis
612 1354 719 1416 nempe
749 1347 778 1398 et
804 1355 894 1397 vacua
921 1354 972 1399 res
1000 1336 1096 1416 aliqua
1124 1338 1194 1409 luit,
1228 1355 1290 1399 uon

21 1478 25 1487 ·
57 1449 154 1501 autam
178 1436 386 1500 substantialis
409 1437 570 1516 sapientia,
602 1438 655 1499 sed
687 1438 849 1517 sapientiae
870 1457 980 1499 nomen
1002 1439 1185 1519 proficiendo
1208 1438 1289 1503 obtiv

57 1542 136 1615 unit,
160 1557 239 1618 quae
263 1539 373 1602 mmdiu
394 1541 492 1601 lutura
514 1548 560 1601 est
583 1541 744 1619 sapientia,
777 1540 915 1619 quamdiu
938 1540 1016 1619 quod
1040 1539 1141 1609 didicit
1162 1558 1289 1601 conser-

57 1652 157 1704 vatnra
189 1648 248 1702 est,
291 1641 364 1703 Nam
393 1640 474 1720 quod
497 1641 603 1720 aliquis
626 1660 687 1702 non
709 1646 814 1704 natura
836 1642 888 1703 sed
911 1643 1009 1704 studio
1032 1651 1211 1705 consecutus
1233 1649 1289 1716 cst,

57 1743 81 1805 id
103 1742 270 1822 aliqnando
290 1751 393 1822 potest
411 1743 574 1807 dediscere.
619 1743 700 1804 Haec
720 1753 818 1830 autem
842 1744 878 1806 de
899 1744 953 1806 Ilei
977 1744 1072 1806 Verbo
1095 1745 1205 1817 dicere,
1227 1760 1290 1806 non

57 1848 192 1924 prolecto
217 1844 455 1906 Christianorum
477 1846 531 1906 sed
552 1844 712 1907 Gentilium
736 1855 792 1907 est.

140 2049 197 2111 29.
241 2046 359 2107 Etenim
386 2047 413 2107 si
441 2045 563 2109 facultas
593 2047 712 2108 creandi
735 2048 867 2109 doctrina
890 2048 1054 2127 comparari
1077 2057 1181 2127 queat,
1210 2042 1289 2109 in'ri·

59 2150 133 2212 diam
152 2149 200 2210 rel
218 2148 306 2210 etiam
325 2148 553 2210 imbecillitatem
569 2149 659 2211 stulte
673 2150 703 2208 in
719 2149 812 2209 Deum
828 2149 981 2223 inducunt,
1004 2149 1143 2211 invidiam
1160 2149 1289 2228 quidem,

60 2253 123 2333 pria
148 2270 212 2312 non
236 2251 344 2312 multos
366 2250 503 2312 docuerit
524 2250 643 2311 creandi
665 2259 769 2323 artem,
793 2259 825 2312 ut
847 2249 1094 2329 quemadmodum
1116 2252 1199 2313 multi
1214 2251 1291 2312 circa

60 2354 138 2416 illum
162 2360 237 2415 sunt
257 2352 431 2431 Archangeli
452 2361 482 2415 et
496 2352 610 2431 Angeii,
633 2352 673 2414 ita
695 2353 829 2413 etmulti
851 2361 952 2415 essent
973 2362 1133 2427 creatores,
1156 2355 1291 2416 imhecil·
1330 2356 1335 2367 '

61 2456 171 2518 litatem
195 2473 283 2526 rero,
308 2453 457 2532 quianon
481 2454 565 2514 solus
589 2471 639 2514 res
661 2454 794 2534 potuerit
814 2456 929 2528 lacero,
953 2454 1007 2515 sed
1029 2455 1164 2516 adiutore
1186 2463 1216 2516 et
1237 2454 1292 2516 ad·
1317 2489 1318 2493 =

60 2557 200 2619 ministro
228 2574 305 2635 opus
334 2555 487 2629 habuerit3
521 2574 697 2634 quamquam
725 2556 831 2617 laetam
859 2564 994 2617 naturam
1017 2575 1033 2616 a
1056 2556 1121 2617 solo
1143 2557 1205 2617 lieo
1228 2557 1293 2620 lieri

61 2678 151 2739 posse
173 2667 332 2719 ostensum
355 2657 412 2718 iam
432 2667 488 2731 est,
510 2657 748 2737 quandoquidem
764 2657 867 2730 Filius,
890 2658 939 2737 qui
958 2667 990 2719 ut
1004 2666 1110 2736 putant
1124 2664 1173 2718 est
1187 2659 1292 2731 lactus,

63 2761 163 2824 reolo
179 2759 244 2821 Deo
266 2760 364 2839 potuit
386 2759 460 2820 lieri.
505 2760 612 2820 Verum
636 2760 713 2821 nulla
736 2779 770 2820 re
792 2769 871 2821 certe
888 2778 965 2837 opus
981 2758 1071 2819 hahet
1085 2759 1182 2828 Deris3
1205 2757 1292 2821 absit.
1348 2776 1352 2781 ·
1397 2799 1398 2802 =

63 2863 126 2945 lpse
149 2863 231 2925 enim
255 2862 341 2924 dixit:
375 2861 488 2924 Plenus
511 2881 587 2923 aum.
633 2862 695 2923 Nec
721 2862 791 2923 item
815 2862 942 2922 l'erhum
965 2860 1107 2922 discendo
1130 2861 1224 2922 iactus
1248 2867 1296 2921 est

64 2973 194 3039 mentor,
224 2964 278 3025 sed
307 2983 374 3025 carm
402 2965 441 3024 sit
471 2965 567 3042 imago
591 2973 622 3025 et
643 2963 786 3042 sapientia
808 2963 923 3037 Patris,
952 2983 986 3024 ea
1009 2981 1084 3041 quae
1107 2970 1177 3024 sunt
1198 2960 1382 3023 Patris-raet.
1422 3004 1427 3011 .

65 3069 158 3129 allicit.
206 3065 268 3126 Nec
290 3065 376 3127 etiam
400 3065 504 3127 Filium
527 3066 637 3127 creavit
657 3085 757 3127 rerum
781 3067 923 3126 luctarum
947 3064 1167 3126 efficiendarum
1189 3080 1295 3138 causa,

65 3186 188 3248 namque
210 3168 345 3246 quamvis
366 3168 475 3228 existat
496 3168 605 3239 Filiae,
628 3169 716 3229 Pater
738 3166 930 3229 nihilominus
953 3168 1022 3246 agit,
1045 3174 1080 3227 ut
1102 3167 1166 3245 ipse
1188 3163 1292 3226 Domi·

66 3288 118 3331 nus
139 3269 190 3331 his
213 3269 312 3339 verbis
329 3269 431 3330 docet:
456 3270 550 3333 Pater
565 3290 646 3331 meus
661 3289 756 3350 aspare
771 3273 857 3332 modo
875 3280 1033 3350 operatur,
1058 3279 1087 3330 et
1101 3286 1152 3347 epo
1169 3268 1295 3347 operor.'

67 3372 150 3444 Quod
174 3371 229 3443 si„
246 3379 280 3431 ut
300 3372 428 3449 putatis,
452 3371 562 3432 idcirco
584 3371 678 3432 Filius
699 3373 793 3432 lactus
817 3362 878 3443 est,
901 3379 935 3432 ut
956 3390 1000 3442 ea,
1023 3388 1097 3448 quae
1118 3368 1292 3448 pastillum

66 3474 203 3545 existunt,
227 3472 416 3551 produceret,
441 3481 471 3533 et
493 3474 557 3552 ipse
580 3481 678 3534 tamen
699 3473 787 3534 Pater
809 3482 878 3551 post
895 3473 1006 3534 editum
1020 3471 1127 3532 Filium
1143 3478 1316 3557 operatur,-

66 3592 245 3654 superracua
268 3592 339 3634 sane
362 3581 409 3634 est
431 3574 602 3635 huiusmodi
620 3574 685 3635 Filii
708 3575 887 3653 procreatio.
932 3575 1090 3634 Praeterea
1106 3590 1158 3632 cur
1173 3587 1295 3649 quaeso,

67 3695 127 3737 cnm
158 3694 217 3736 nos
246 3693 347 3737 creare
375 3676 476 3749 vellet,
513 3676 722 3736 intermedium
751 3677 876 3755 aliquem
905 3674 1053 3754 quaesivit
1079 3673 1297 3745 administrum,

68 3777 147 3857 quasi
172 3777 286 3838 scilicet
307 3796 368 3838 non
390 3779 540 3839 sufficeret
563 3778 627 3838 eius
650 3778 786 3839 voluutas
809 3777 845 3838 ad
876 3795 909 3837 ea
938 3775 1106 3847 allicienda,
1138 3792 1215 3858 quae¹
1234 3772 1298 3852 ipse

67 3876 217 3940 noluerit?
240 3877 371 3939 Clamant
393 3879 502 3959 quippe
519 3879 706 3958 Scripturas:
733 3880 842 3941 Omnia
863 3896 1064 3961 quaecumque
1091 3875 1190 3937 uoluit
1211 3877 1294 3953 scuit,

68 4033 161 4082 Gnhler.
189 4030 296 4080 Frlclrm.
318 4032 339 4080 1.
359 4041 382 4081 et
400 4032 423 4081 4.
441 4026 536 4079 πολλοὶ
555 4022 657 4097 ἆρχάγ-
744 4048 766 4094 g.
785 4033 884 4092 Seguer.
902 4026 1015 4095 γέγονεν
1032 4023 1098 4083 υἱός.

66 4096 135 4164 palor
152 4093 200 4147 καὶ
218 4089 337 4162 ἄγγελοι.
372 4101 417 4149 llil
437 4110 460 4150 ct
479 4100 551 4150 aditio
564 4104 657 4149 domm.
744 4101 768 4148 h.
787 4093 922 4148 ulodabost
934 4101 962 4147 ab
977 4100 1066 4155 huolic.
1095 4097 1145 4145 lior
1158 4095 1263 4145 Felchm.
1276 4093 1300 4143 l.

67 4163 158 4216 πολλοὶ
177 4160 298 4230 ἄγγελοι.
711 4176 734 4216 ot
752 4171 851 4227 seorim.
871 4163 960 4214 θέλων
983 4159 1054 4231 ἡμᾶς
1076 4159 1176 4212 κτίσαι.
1214 4162 1259 4211 Alii
1278 4169 1302 4210 et

98 4253 117 4285 a.
137 4240 239 4296 Segnior.
267 4237 322 4295 lieo.
348 4234 446 4285 Gobler.
466 4235 572 4283 Felclm.
594 4236 615 4285 l.
635 4235 658 4284 l.
711 4235 768 4284 editi
786 4230 984 4283 atturniam

67 4299 273 4369 uerrucam.
304 4304 383 4352 Ceteri
403 4313 426 4351 et
445 4305 501 4352 editi
519 4298 658 4366 γενέσθαι.
746 4306 760 4353 i.
787 4305 886 4361 Seouer.
913 4303 968 4362 llcg.
995 4300 1092 4351 Golrler.
1112 4305 1136 4346 et
1152 4297 1257 4346 Frlrlrm.
1278 4297 1300 4346 l.

68 4372 137 4420 l'aulo
164 4380 222 4435 post
239 4375 340 4428 sepner.
360 4373 457 4420 Goirler.
477 4381 501 4419 et
520 4372 658 4420 turchot.
712 4362 748 4418 ἂν
765 4361 847 4434 αὐτῷ,
884 4369 1030 4418 Erlitictalii
1048 4359 1098 4414 hta
1115 4357 1197 4429 αὐτῷ.
1226 4365 1301 4414 l'aulo

67 4431 146 4493 αὐτὸς
162 4434 219 4508 γὰρ
238 4427 303 4488 sine.
331 4440 375 4487 ath
392 4448 414 4488 et
426 4440 482 4487 ualui
494 4429 577 4491 αὐτὸς
594 4427 658 4489 εἰπε.
729 4448 766 4489 nst
786 4443 885 4501 Separor.
905 4429 1029 4494 tuerere·
1047 4428 1092 4481 καὶ
1111 4432 1149 4497 τῷ
1167 4427 1222 4497 γὰρ
1240 4433 1302 4495 βου-

95 4510 113 4560 l.
130 4511 235 4572 sepner.
254 4516 279 4559 et
296 4507 403 4557 Felclrm.
423 4499 599 4566 tetrachae.
735 4499 819 4573 'paru
848 4505 1060 4573 Gohlcr.l·‘elchm.
1074 4504 1095 4552 l.
1106 4501 1164 4552 etl.
1176 4493 1301 4561 iaciunt·
