2934 5078
337 242 487 287 urrerem
501 244 539 287 ar
553 244 698 290 rannerus
713 246 856 309 nicaenas
872 248 991 294 srnour.
1237 210 1278 302 dl

63 394 114 455 ten
131 392 205 454 baud
226 392 331 453 multo
354 402 427 473 post
448 394 578 455 loturum
601 401 656 467 est,
679 404 713 457 ut
733 394 823 459 iidem
844 398 881 461 ad
903 399 1025 463 inituias
1048 420 1081 462 se
1104 419 1137 463 se
1152 421 1279 465 conver·
1287 415 1366 465 rm.

61 504 122 569 unt;
148 493 322 574 deindeque
350 494 506 557 eohortem
528 503 558 557 et
580 495 730 560 tribunum
752 498 841 561 nobis
861 500 1089 565 minitabantur:
1119 503 1166 565 his
1196 506 1277 569 euim

61 605 110 657 tota
128 596 264 659 innititur
286 614 433 676 perversa
452 597 570 659 illorum
592 598 736 661 doctrina.
779 599 892 682 Nempe
906 614 1065 683 postquam
1080 604 1133 665 Dei
1149 604 1279 670 Verbum

60 697 110 759 aire
135 698 284 759 rationem
305 696 490 772 reiecerunt,
520 698 712 761 meritissimo
736 701 818 763 omni
838 720 964 782 prorsus
984 704 1101 767 ratione
1122 717 1192 769 sunt
1212 707 1278 787 pri-

60 799 115 861 rati
157 800 243 873 Quae
265 798 387 879 quidem
409 816 477 861 cum
498 799 570 861 mibi
592 800 712 879 penitus
734 812 836 865 essunt
857 812 1023 883 perspecta,
1046 805 1120 868 nihil
1141 809 1276 887 prolecto

60 898 106 961 illis
131 900 372 981 respondissem.
416 900 523 963 rerum
551 902 621 982 quia
642 910 691 965 tua
713 902 825 967 Caritas
848 923 897 977 ea,
921 924 994 985 quae
1017 907 1048 968 in
1069 908 1189 987 synodo
1211 917 1361 971 actaeae.

59 1012 126 1077 unt
146 1002 227 1064 scire
248 1021 287 1065 ex
306 1020 357 1065 me
379 1001 480 1076 voluit,
502 1019 565 1064 rem
586 1002 790 1066 diutinsnolui
805 1004 935 1080 differre,
959 1008 1012 1069 sed
1027 1009 1185 1071 confestim
1200 1028 1276 1089 quae

58 1112 117 1164 tune
142 1110 227 1182 gesta
255 1113 328 1167 sunt
354 1112 427 1167 uota
453 1103 508 1167 leci
536 1104 699 1185 paucisque
720 1105 935 1179 demonstravi,
968 1127 1055 1188 quam
1078 1130 1093 1171 a
1115 1119 1196 1172 recta
1218 1110 1277 1175 uda

57 1204 149 1282 precari
175 1205 219 1265 sit
238 1204 348 1267 Ariana
373 1204 524 1279 haeresis,
553 1206 654 1285 rrilque
682 1205 760 1268 aliud
787 1207 856 1267 illos
886 1207 942 1268 nisi
964 1225 1037 1270 vana
1060 1211 1167 1289 effugia
1189 1229 1257 1274 com

57 1305 172 1367 minisci.
220 1306 267 1367 Tu
287 1324 398 1387 porro,
428 1306 598 1380 carissime,
621 1306 687 1369 ride
709 1327 747 1369 an
769 1326 830 1369 non
852 1309 891 1369 ita
914 1327 947 1371 se
969 1328 1019 1372 res
1040 1308 1156 1373 habeat.
1200 1309 1275 1375 Nam

57 1406 142 1467 sibis
164 1406 224 1486 ipsi
247 1407 411 1480 conlidunt,
434 1427 508 1488 quae
530 1418 651 1471 auuore
674 1416 704 1469 et
725 1408 907 1472 seminatore
928 1408 1046 1472 diabolo
1064 1429 1205 1489 perverse
1220 1430 1274 1473 ex-

58 1508 223 1587 cogitavere,
245 1517 374 1588 purgent
397 1509 535 1587 seprius
558 1510 595 1571 de
616 1509 674 1572 illis
699 1509 868 1584 erroribus,
891 1520 1014 1590 propter
1035 1531 1111 1591 quos
1133 1513 1272 1575 baeretici

58 1618 118 1671 suut
137 1608 291 1681 declarati,
314 1628 349 1671 ac
370 1609 476 1672 deindo
499 1628 574 1691 quae
596 1618 698 1674 contm
722 1630 756 1673 se
779 1612 897 1673 cleonem
920 1620 999 1684 srrrrt,
1023 1613 1049 1673 si
1071 1613 1190 1693 possint
1212 1616 1272 1676 cri-

57 1710 206 1773 uiuentur.
256 1710 353 1775 Nemo
389 1710 469 1773 enim
500 1712 651 1775 homicidii
690 1722 739 1775 aut
766 1714 901 1776 adulterii
931 1713 1081 1776 ‹tenviotus
1109 1714 1156 1777 ius
1184 1714 1276 1778 habet

56 1821 117 1892 pst
142 1810 287 1875 iudicium
314 1814 491 1875 seutentiam
519 1814 626 1877 iudicis
649 1815 839 1889 criminandi,
866 1832 919 1876 cur
942 1833 1048 1894 nempe
1070 1834 1130 1876 non
1154 1816 1198 1878 sic
1220 1817 1274 1879 sed

57 1912 93 1975 air
116 1912 234 1976 leuatus
256 1914 358 1976 luerit.
403 1916 535 1996 linusque
558 1915 586 1976 id
609 1936 691 1988 eum,
715 1917 765 1995 qui
788 1916 877 1977 luerit
899 1916 1128 1990 condemnatus,
1150 1916 1273 1978 minime

57 1994 223 2087 liberareril,
246 2016 301 2077 sed
323 2017 425 2096 potius
449 2018 512 2079 eius
536 2018 620 2098 culpa
643 2018 814 2080 huiusmodi
838 2018 1003 2079 temeritate
1025 2027 1055 2079 et
1075 2016 1194 2079 audacia
1217 2035 1273 2077 au·

57 2122 140 2192 retur.
185 2114 230 2177 llli
252 2134 324 2196 ergo
347 2117 483 2179 similiter
506 2120 550 2179 vel
573 2120 733 2181 ostendant
754 2139 786 2179 se
808 2118 857 2199 pie
873 2119 1001 2191 sentire3
1023 2119 1169 2198 siquidem
1184 2136 1273 2179 accu-

57 2216 103 2275 sati
130 2216 258 2279 convicti
286 2227 374 2292 suut,
402 2237 468 2281 cnm
500 2219 573 2281 nibil
595 2228 680 2282 antea
702 2229 804 2281 essent
826 2220 996 2298 conquesti:
1027 2239 1152 2298 aequum
1174 2228 1272 2281 auteur

57 2326 94 2377 en
118 2335 183 2385 cos,
206 2318 257 2397 qui
279 2329 469 2395 accusantur,
497 2322 570 2382 nibil
593 2321 672 2383 aliud
693 2338 781 2401 agere
803 2339 890 2399 quam
912 2329 945 2380 ut
968 2339 1001 2379 se
1024 2321 1198 2392 defendant3
1225 2318 1273 2382 vel

56 2418 75 2477 si
93 2418 245 2481 sordidata
267 2422 394 2483 convicti
415 2422 594 2484 conscientia
617 2440 702 2485 suam
723 2421 905 2501 impietatem
927 2430 1099 2500 agnoscunt,
1123 2440 1161 2481 nc
1183 2420 1274 2499 igitur

57 2519 162 2599 culpent
190 2538 267 2600 quae
296 2522 449 2601 ignorant,
479 2543 516 2584 ne
539 2524 615 2584 lorte
637 2522 693 2604 ipsi
716 2522 823 2602 duplex
845 2523 914 2583 inde
936 2522 1045 2583 malum
1067 2541 1168 2584 secum
1190 2522 1272 2582 rele-

56 2629 125 2695 raut,
153 2622 317 2702 impietatis
341 2623 429 2686 simul
451 2636 481 2685 et
502 2624 685 2703 ignorantiae
706 2623 812 2687 merito
836 2623 1031 2685 condemnati.
1076 2623 1151 2684 llem
1173 2623 1272 2700 potius

55 2722 177 2785 studiose
201 2724 378 2803 expendant,
401 2734 434 2786 ut
455 2725 512 2798 bis,
536 2744 610 2804 quae
631 2724 715 2804 prius
736 2723 919 2797 nesciebant,
941 2724 1067 2801 cognitis
1082 2723 1188 2801 impias
1204 2740 1273 2783 suas

57 2841 133 2887 eures
161 2825 297 2887 veritatis
324 2826 404 2887 unda
432 2836 462 2887 et
488 2825 607 2905 pietatis
630 2826 776 2905 dogmatis
799 2825 916 2904 possint
938 2824 1068 2885 abluere.
1113 2822 1162 2882 Sic
1183 2821 1274 2900 igilur

58 2923 226 2989 blliraena
248 2927 369 3006 Synodo
392 2945 460 3005 erga
483 2925 668 2988 Eusebianos
691 2936 787 2989 actum
811 2934 867 2986 est.

128 3131 158 3193 3.
204 3129 243 3189 t't
264 3137 350 3190 erant
372 3130 401 3190 in
425 3148 477 3190 sua
499 3129 650 3209 impietate
671 3131 837 3207 pertinaces
853 3127 1107 3206 moliebanturqne
1123 3146 1189 3188 curn
1206 3128 1271 3207 ipse

53 3224 105 3289 lleo
126 3248 273 3311 pugnare,
295 3229 336 3291 ita
358 3250 433 3309 quae
454 3230 491 3291 ab
514 3231 558 3291 eis
581 3230 761 3304 dicebantur,
784 3232 869 3310 plena
893 3228 1160 3308 erantimpietatis.
1199 3229 1271 3308 Epi-

52 3330 128 3411 scopi
148 3340 267 3404 autem,
291 3332 341 3411 qui
365 3330 480 3393 tricenti
503 3331 571 3409 plus
592 3330 692 3392 minus
713 3340 927 3403 convenerant,
962 3339 1115 3391 mansuete
1142 3348 1175 3391 ac
1200 3349 1269 3408 per-

52 3428 213 3495 lunsrriter
234 3432 272 3492 ab
294 3432 354 3493 illis
376 3431 574 3511 postularunt,
596 3440 629 3493 ut
651 3432 688 3493 de
702 3432 759 3506 his,
783 3423 857 3511 qnae
873 3431 1018 3505 dicebant,
1042 3431 1187 3493 rationem
1200 3432 1271 3492 red-

52 3528 150 3594 derent
170 3534 295 3613 piasque
317 3534 459 3594 afferrent
481 3533 763 3594 demonstrationes.
809 3533 866 3605 Qui
888 3541 922 3593 ut
940 3522 989 3592 ’vix
1004 3532 1085 3611 loqui
1099 3541 1270 3611 coeperunt,

53 3630 211 3711 dignissimi
233 3634 291 3695 risi
314 3634 442 3695 suntab
466 3633 606 3696 omnibus
628 3635 678 3713 qui
702 3634 984 3703 condemnarentun
1013 3632 1071 3711 ipsi
1094 3633 1171 3693 enim
1195 3633 1272 3693 inter

54 3748 82 3793 ae
101 3734 317 3798 altercabantur
339 3736 496 3814 agnitaque
518 3753 590 3799 suae
611 3736 744 3797 haeresis
768 3736 904 3797 futilitate
926 3735 999 3795 muti
1016 3732 1227 3814 permanebant
1243 3743 1274 3794 et

54 3850 103 3895 sao
122 3836 243 3899 silentio
263 3854 426 3915 perversae
446 3836 612 3897 sententiae
635 3836 847 3918 turpitudinem
869 3836 1044 3897 latabantur.
1082 3836 1184 3914 ltaque
1199 3834 1273 3916 Epi-

58 3936 128 4015 scopi
149 3936 313 4009 rocabulis,
337 3955 412 4015 quae
433 3936 476 3998 illi
498 3939 656 3999 commenti
675 3947 772 4025 erant,
795 3937 932 3998 rescissis
955 3956 1057 3999 sanam
1080 3947 1109 3996 et
1130 3936 1272 3997 ecclesia·

59 4034 147 4097 stiram
169 4038 258 4099 iidem
281 4036 426 4099 adversus
449 4037 516 4099 illos
540 4058 715 4118 exposuere,
739 4039 784 4100 cui
808 4057 875 4099 cum
891 4057 995 4099 omnes
1010 4038 1270 4117 subscripsissent,

58 4130 199 4201 Eusebiani
231 4157 353 4218 quoque
374 4136 421 4199 his
444 4138 519 4218 ipsis
540 4140 707 4215 vocabulis,
735 4158 810 4220 quae
833 4158 911 4201 nune
932 4140 1167 4219 reprehendunt,
1196 4136 1270 4197 sub-

84 4320 172 4387 stet·
190 4324 241 4386 roff,-
258 4316 394 4390 aptarer
411 4315 511 4374 αὐτῶν.
686 4329 719 4390 git
736 4326 878 4377 Ambrosius
897 4326 1104 4386 Cemaldulensis,
1123 4326 1163 4388 qui
1182 4335 1270 4384 nempe

84 4402 103 4437 e
116 4390 154 4443 Sic
169 4395 227 4456 lleg.
252 4402 328 4456 atque
354 4393 386 4442 ita
404 4397 474 4442 etiam
494 4394 551 4456 legit
568 4395 633 4444 Nan·
684 4396 768 4445 vertit:
786 4397 882 4461 ipsoque
900 4397 992 4445 silentio
1011 4396 1178 4457 confitebuntur
1195 4392 1270 4453 turpi-

61 4452 107 4505 lits
138 4460 215 4513 deteri
234 4470 260 4511 et
278 4460 341 4511 editi
357 4455 505 4522 wodoiip,
526 4464 633 4514 ntetle·
685 4465 788 4513 tudinem
805 4467 905 4515 inaniter
924 4470 1027 4529 captetur
1043 4462 1140 4525 plorine.
