2948 5092
425 211 573 259 macron
585 215 624 259 os
639 192 783 261 occussis
797 218 942 265 ιιιοιιιιιιιι
958 222 1076 266 sraonr.
1325 217 1367 281 23

151 368 295 446 scripsere,
324 382 437 445 nempe
465 365 547 445 quod
567 364 621 429 net
642 365 732 439 rcus
756 386 791 430 ex
811 369 976 433 substantia
1000 374 1040 433 sit
1061 374 1157 437 Patris
1180 377 1266 458 eique
1288 400 1450 454 con-rm

149 466 333 529 smsuntialis
364 476 395 529 et
425 466 508 547 quod
535 486 631 546 noque
653 478 822 533 rescreata
844 473 995 535 neclecta
1018 475 1063 537 rel
1084 478 1202 539 condita
1225 481 1279 554 sit,
1309 485 1365 547 sed

145 570 208 648 qood
231 568 362 630 l'erbum
385 586 421 629 ex
437 568 535 631 Patris
556 569 721 631 substantia
743 569 784 632 sit
804 571 945 651 genitum.
989 575 1052 636 lmo
1075 579 1154 657 quod
1176 580 1284 642 mirum
1307 594 1362 659 est,

144 670 194 748 ipse
214 670 367 731 Eusebius
391 671 555 733 Caesareae
577 672 608 732 in
626 671 793 734 Palaestina
815 673 989 753 Episcopus,
1012 678 1062 756 qui
1084 679 1179 757 pridie
1200 683 1362 759 restiterat,

141 780 229 849 postca
250 770 438 849 subscripsit
458 773 593 853 hancque
614 774 756 835 ecclesiae
777 775 865 836 sidem
888 785 918 837 et
938 777 1059 840 Petrum
1082 779 1269 843 traditionem
1293 803 1361 847 esse

140 873 225 933 nassis
247 872 286 933 ad
310 890 400 935 suam
422 874 577 937 ecclesiam
598 874 705 937 litteris
727 875 901 954 significarit
924 879 1120 960 onmibusque
1143 892 1244 962 aperte
1260 885 1359 948 decla-

139 974 214 1045 ran't,
242 973 315 1034 illos
343 975 430 1053 prius
459 994 579 1037 errasse
610 977 778 1056 frustraque
806 979 948 1041 adversus
976 981 1126 1044 veritatem
1155 986 1356 1051 contendisse.
1365 1012 1442 1058 ιιιιι,

138 1072 203 1135 licet
232 1075 316 1136 enim
347 1084 421 1138 tunc
441 1097 509 1138 eum
533 1077 579 1139 liis
601 1078 644 1139 uti
666 1078 788 1140 vocibus
810 1081 965 1159 puduerit,
995 1090 1081 1161 atque
1102 1092 1134 1145 nt
1156 1085 1265 1159 voluit,
1293 1087 1357 1166 ipse

138 1195 163 1235 se
179 1176 327 1238 eeclesiae
348 1179 544 1251 excusaverit,
568 1187 664 1241 tamen
688 1199 753 1240 cum
776 1180 807 1241 in
828 1181 959 1260 Epistola
984 1203 1070 1245 voces
1088 1187 1356 1253 consubstantialia

137 1286 214 1339 etex
235 1280 417 1342 substantio
438 1298 500 1339 non
522 1281 733 1360 repudiaverit,
761 1282 832 1343 illud
855 1293 949 1357 certe,
980 1286 1059 1363 quod
1087 1286 1231 1359 elisimus,
1260 1289 1357 1367 palam

136 1378 215 1440 roluit
234 1379 382 1441 indicare.
426 1380 469 1442 Ea
491 1390 588 1444 autem
610 1383 640 1442 in
661 1401 695 1443 re
717 1401 805 1461 grave
828 1382 963 1463 quiddam
987 1386 1013 1446 ei
1036 1387 1149 1448 accidit.
1193 1387 1267 1448 Nam
1289 1390 1356 1453 crath

136 1498 162 1540 se
189 1481 279 1543 veluti
309 1490 469 1560 purgaret,
496 1482 622 1544 hrianhs
649 1483 767 1545 demum
796 1487 955 1557 accusarit,
989 1487 1157 1565 quodcum
1180 1486 1354 1563 scriberent,

137 1580 216 1643 libum
235 1599 302 1643 non
326 1582 419 1646 luisse
442 1590 598 1663 antequam
621 1585 737 1662 genitus
761 1594 851 1659 essct,
875 1587 954 1649 illum
978 1607 1034 1649 neo
1048 1597 1203 1668 antequam
1219 1589 1250 1649 in
1265 1607 1354 1651 carne

84 1666 86 1679 ¹
137 1692 299 1744 nasceretur
327 1684 482 1746 exstitisse
510 1685 664 1747 voluerint.
711 1687 797 1758 Quod
820 1706 892 1749 sane
914 1708 974 1749 non
996 1697 1096 1767 potest
1119 1691 1255 1769 ignorare
1276 1690 1352 1752 Aca-

136 1784 202 1853 rius,
231 1784 291 1846 nisi
322 1794 352 1845 et
379 1786 444 1865 ipse
473 1805 551 1847 nuno
577 1787 742 1875 praesentis
775 1789 918 1867 temporis
942 1808 1028 1850 rausa
1050 1791 1157 1851 lactum
1179 1810 1250 1871 prae
1271 1800 1353 1855 metu

139 1886 297 1949 dissimulet
319 1887 533 1965 veritatemque
555 1898 650 1965 neget.
695 1889 795 1966 ltaque
817 1889 848 1950 in
871 1890 929 1951 due
951 1891 1063 1952 subieci
1086 1892 1207 1954 Eusebii
1229 1891 1350 1971 Episto-

135 1987 196 2049 hn.
223 1994 259 2049 ul
280 1989 393 2049 Christi
421 1989 554 2049 hostium
582 2009 616 2050 ac
638 1989 785 2067 insignem
807 1991 964 2077 praecipue
989 1993 1084 2054 ›lcacii
1107 1993 1137 2053 in
1160 2011 1233 2053 suos
1255 1992 1350 2071 magi-

85 2100 87 2111 '
136 2100 202 2149 stros
224 2088 382 2169 perfidiam
405 2108 440 2151 ea
463 2109 497 2150 ea
519 2090 629 2169 liquido
652 2109 826 2169 cognoscas.

205 2401 235 2458 l.
280 2398 327 2455 dn
349 2414 412 2456 non
434 2395 523 2474 igitur
544 2395 585 2456 illi
608 2395 794 2474 iniquissime
818 2406 915 2474 agunt,
939 2396 962 2477 si
988 2397 1029 2457 rel
1053 2397 1149 2458 solum
1173 2397 1349 2459 inanimum

135 2496 262 2557 indurant
292 2505 375 2557 tanto
399 2504 430 2557 et
452 2497 579 2574 generali
603 2497 734 2558 Concilio
757 2496 941 2559 reclamare?
984 2499 1028 2559 Αιι
1051 2517 1110 2558 non
1134 2498 1269 2560 scelerati
1291 2499 1346 2560 ha-

133 2597 205 2658 bendi
228 2607 317 2667 sunt,
341 2596 392 2676 qui
415 2598 548 2659 adversis
570 2599 665 2659 oculis
687 2598 821 2661 comneni
843 2599 951 2659 audent
973 2620 1023 2672 ea,
1047 2618 1121 2678 quac
1144 2609 1223 2661 recte
1245 2611 1348 2661 contra

132 2701 254 2761 trianam
283 2698 433 2759 haeresim
463 2699 578 2759 decreta
609 2702 692 2761 luere
720 2709 749 2760 et
771 2700 807 2760 ab
831 2699 887 2760 illis
912 2701 985 2779 ipsis
1008 2701 1131 2779 probata
1155 2709 1242 2772 sunt,
1271 2719 1346 2777 «piros

131 2802 199 2877 prius
228 2802 361 2862 habuere
388 2800 549 2879 impietatis
578 2800 762 2880 ntagistrosl
811 2801 898 2874 Quod
929 2802 955 2862 si
984 2801 1159 2872 Eusebiani,
1188 2809 1347 2879 postquam

131 2903 373 2982 subscripserunt,
396 2903 433 2962 ad
455 2903 608 2981 proprium
631 2902 788 2980 impietatis
810 2903 952 2963 remitum
976 2903 1053 2962 volut
1075 2921 1161 2962 canes
1185 2909 1345 2974 revertere,

131 3022 215 3064 nouare
238 3024 276 3065 eo
301 3004 396 3083 magis
419 3004 488 3064 odio
510 3003 589 3081 digni
612 3012 682 3064 sunt
702 3002 743 3075 hi,
766 3004 816 3080 iqui
838 3022 918 3063 num
939 3004 1152 3076 cotnradicunt,
1175 3003 1254 3082 quod
1274 3023 1344 3064 sua-

130 3122 181 3165 rum
207 3107 377 3167 animarum
405 3105 569 3167 libertatem
598 3105 662 3165 aliis
686 3104 877 3183 propinantes
900 3105 968 3165 illos
990 3105 1075 3184 ipsos
1098 3105 1187 3167 duces
1210 3105 1345 3166 haeresis

128 3204 224 3269 lairere
247 3205 535 3279 velitati-homines,
559 3214 592 3269 ut
612 3206 652 3267 ait
672 3205 808 3278 lacobus,
832 3206 963 3286 duplices
980 3211 1079 3293 capiaco
1096 3217 1124 3268 et
1138 3210 1344 3268 a'ecortstontes

126 3310 152 3371 ir
176 3311 319 3371 ensibus
347 3311 405 3369 clr'r
429 3313 510 3383 suis,
542 3325 598 3370 ncc
619 3308 648 3367 in
671 3326 728 3368 una
750 3317 958 3386 permanentes
982 3290 1144 3379 sebtentia,
1179 3306 1232 3366 scd
1255 3307 1344 3368 modo

126 3426 202 3471 ιιιιι
231 3408 326 3471 modo
350 3409 434 3469 aliam
457 3407 682 3487 amplectentes,
705 3409 793 3469 modo
817 3427 892 3486 «pirae
914 3408 1041 3469 dixerint
1062 3408 1230 3479 laudantes,
1253 3408 1343 3469 modo

125 3506 319 3591 titirperante's
343 3510 456 3583 eadem,
479 3528 642 3588 rursusque
665 3509 754 3583 idem,
775 3510 855 3588 quod
877 3510 964 3587 qtaulo
986 3517 1055 3571 ante
1078 3507 1344 3587 reprehendebant,

124 3613 329 3692 approbantes.
376 3610 408 3672 ld
429 3630 510 3686 vero,
534 3620 566 3674 ut
586 3612 627 3672 ait
649 3612 770 3682 Pastor,
794 3629 855 3671 non
878 3610 934 3671 nisi
956 3629 972 3669 a
996 3609 1112 3671 diabolo
1136 3617 1232 3669 ortum
1256 3608 1344 3669 habet

124 3731 345 3793 ouponumque
371 3712 473 3792 potius
501 3732 587 3791 quam
618 3713 827 3791 magistrorum
857 3721 903 3772 est
931 3711 1057 3789 insigne.
1102 3709 1251 3788 Siquidem
1274 3696 1343 3769 rora

122 3812 160 3877 fi
185 3814 326 3877 doctrim
354 3822 418 3888 cst,
446 3814 489 3876 uti
511 3815 613 3875 Patres
642 3814 805 3886 tradidere,
833 3830 992 3891 rermnquo
1015 3812 1170 3872 doctorum
1192 3810 1342 3891 indicium,

123 3966 159 4021 lte
178 3974 233 4019 item
252 3970 384 4019 absurdum
402 3969 476 4016 risum
495 3975 527 4017 cst
545 3969 582 4015 bis
600 3970 701 4025 roribus,
791 3967 800 4013 i
825 3959 1025 4028 depactaeque,
1047 3965 1088 4027 qni
1108 3963 1169 4011 idem
1190 3976 1244 4011 mor
1262 3954 1277 4007 ti
1292 3953 1341 4008 'lci-

123 4046 229 4087 merst
247 4046 380 4098 antequam
400 4036 495 4095 genitus
514 4042 564 4085 est.
584 4039 704 4084 anathemo
754 4034 849 4096 κωβος.
888 4034 948 4082 Editi
968 4026 982 4077 ὁ
1002 4033 1122 4080 orarittnnt.

124 4105 195 4167 dicere,
215 4123 268 4155 ιιιιιι
287 4120 368 4153 occurs
386 4109 504 4166 fateantur
523 4104 704 4166 essenta'ptten
790 4117 811 4162 g.
830 4103 904 4149 l'orba
925 4101 1030 4148 Pastoris
1052 4114 1078 4146 er
1098 4099 1194 4147 homilia
1215 4096 1255 4146 85.
1275 4097 1340 4144 luti-

145 4176 148 4181 ’
221 4191 242 4223 ιιι
262 4174 504 4235 secundum‚rurrcrn
523 4173 661 4232 plecteretur.
756 4170 809 4218 ochi
829 4164 943 4232 [llerunae
962 4168 1024 4215 l'ast.
1043 4166 1123 4215 lih.ll.
1143 4164 1258 4214 mandit.
1278 4165 1340 4212 l‘atr.

145 4240 223 4292 esic
240 4243 300 4303 llog.
339 4241 367 4287 lt
392 4240 432 4288 alii
452 4247 477 4286 et
495 4239 567 4287 editio
586 4239 702 4287 Cornroel.
756 4245 834 4299 apost.
863 4237 900 4284 ed.
930 4235 1087 4284 Ceret-ctos
1112 4235 1129 4281 l.
1157 4249 1180 4295 p.
1200 4228 1253 4293 ut]
1281 4231 1340 4278 baec

120 4298 226 4367 imit,
246 4314 291 4361 sed
313 4308 444 4367 mendose,
464 4314 490 4355 ut
508 4308 598 4368 optime
616 4308 702 4356 obser·
756 4314 826 4354 saint:
855 4296 869 4362 ἡ
896 4296 951 4381 γὰρ
976 4296 1092 4366 depello
1116 4291 1242 4374 θυγάτηρ
1267 4289 1341 4343 ἐστὶν

121 4385 148 4425 nt
163 4378 351 4430 lelclmannus.
756 4371 805 4419 τοῦ
823 4365 958 4434 daedaleo.
997 4371 1078 4419 l’orsio
1090 4370 1185 4430 antiqua
1197 4367 1283 4414 latina:
1303 4366 1341 4414 Et-

144 4462 161 4494 e.
179 4450 281 4512 Siclteg.
309 4445 358 4496 stit
373 4453 397 4494 et
409 4443 469 4494 editi
483 4434 572 4506 μόνον
583 4443 704 4493 omittunt.
758 4443 817 4489 eninr
836 4443 891 4489 lacer
910 4441 1023 4488 darlitotio
1041 4439 1091 4499 litio
1109 4444 1141 4485 est
1160 4433 1258 4487 diaboli,
