<?xml version="1.0" encoding="UTF-8"?>
<!DOCTYPE html PUBLIC "-//W3C//DTD XHTML 1.0 Transitional//EN"
    "http://www.w3.org/TR/xhtml1/DTD/xhtml1-transitional.dtd">
<html xmlns="http://www.w3.org/1999/xhtml" xml:lang="en" lang="en">
 <head>
  <title>
</title>
<meta http-equiv="Content-Type" content="text/html;charset=utf-8" />
  <meta name='ocr-system' content='tesseract 3.04.00' />
  <meta name='ocr-capabilities' content='ocr_page ocr_carea ocr_par ocr_line ocrx_word'/>
</head>
<body>
  <div class='ocr_page' id='page_1' title='image "./sanctiathanasii02athagoog_0041.png"; bbox 0 0 2948 5092; ppageno 0'>
   <div class='ocr_carea' id='block_1_1' title="bbox 207 72 895 166">
    <p class='ocr_par' dir='ltr' id='par_1_1' title="bbox 207 72 895 166">
     <span class='ocr_line' id='line_1_1' title="bbox 207 72 895 166; baseline -0.003 -9"><span class='ocrx_word' id='word_1_1' title='bbox 207 72 249 166; x_wconf 65' lang='lat' dir='ltr'><strong>ht</strong></span> <span class='ocrx_word' id='word_1_2' title='bbox 722 110 895 159; x_wconf 79' lang='lat' dir='ltr'><strong>rnuerumo.</strong></span> 
     </span>
    </p>
   </div>
   <div class='ocr_carea' id='block_1_2' title="bbox 180 250 1460 4199">
    <p class='ocr_par' dir='ltr' id='par_1_2' title="bbox 180 250 1460 4199">
     <span class='ocr_line' id='line_1_2' title="bbox 206 250 1422 349; baseline -0.008 -17"><span class='ocrx_word' id='word_1_3' title='bbox 206 266 358 349; x_wconf 70' lang='grc' dir='ltr'><strong><em>θεωρῶν)</em></strong></span> <span class='ocrx_word' id='word_1_4' title='bbox 377 268 415 329; x_wconf 86' lang='lat' dir='ltr'><strong>ad</strong></span> <span class='ocrx_word' id='word_1_5' title='bbox 437 250 573 329; x_wconf 80' lang='lat' dir='ltr'><strong>haeresin</strong></span> <span class='ocrx_word' id='word_1_6' title='bbox 595 264 819 327; x_wconf 74' lang='lat' dir='ltr'><strong>attraherentur.</strong></span> <span class='ocrx_word' id='word_1_7' title='bbox 862 262 923 325; x_wconf 89' lang='lat' dir='ltr'><strong>Nec</strong></span> <span class='ocrx_word' id='word_1_8' title='bbox 949 270 1047 324; x_wconf 89' lang='lat' dir='ltr'><strong>tamen</strong></span> <span class='ocrx_word' id='word_1_9' title='bbox 1076 262 1141 343; x_wconf 90' lang='lat' dir='ltr'><strong>ipse</strong></span> <span class='ocrx_word' id='word_1_10' title='bbox 1170 278 1293 324; x_wconf 85' lang='lat' dir='ltr'><strong>sensum</strong></span> <span class='ocrx_word' id='word_1_11' title='bbox 1314 259 1422 323; x_wconf 85' lang='lat' dir='ltr'><strong>rerba-</strong></span> 
     </span>
     <span class='ocr_line' id='line_1_3' title="bbox 207 364 1422 447; baseline -0.006 -16"><span class='ocrx_word' id='word_1_12' title='bbox 207 388 274 433; x_wconf 89' lang='lat' dir='ltr'><strong>rum</strong></span> <span class='ocrx_word' id='word_1_13' title='bbox 296 388 379 431; x_wconf 89' lang='lat' dir='ltr'><strong>more</strong></span> <span class='ocrx_word' id='word_1_14' title='bbox 403 368 539 447; x_wconf 87' lang='lat' dir='ltr'><strong>Origenis</strong></span> <span class='ocrx_word' id='word_1_15' title='bbox 568 366 788 437; x_wconf 90' lang='lat' dir='ltr'><strong>contemnebat,</strong></span> <span class='ocrx_word' id='word_1_16' title='bbox 819 364 872 425; x_wconf 91' lang='lat' dir='ltr'><strong>sed</strong></span> <span class='ocrx_word' id='word_1_17' title='bbox 901 365 1064 425; x_wconf 84' lang='lat' dir='ltr'><strong>accuratius</strong></span> <span class='ocrx_word' id='word_1_18' title='bbox 1094 364 1156 425; x_wconf 91' lang='lat' dir='ltr'><strong>erui</strong></span> <span class='ocrx_word' id='word_1_19' title='bbox 1179 364 1295 424; x_wconf 87' lang='lat' dir='ltr'><strong>volebat</strong></span> <span class='ocrx_word' id='word_1_20' title='bbox 1317 373 1347 423; x_wconf 91' lang='lat' dir='ltr'><strong>et</strong></span> <span class='ocrx_word' id='word_1_21' title='bbox 1367 364 1422 424; x_wconf 89' lang='lat' dir='ltr'><strong>de·</strong></span> 
     </span>
     <span class='ocr_line' id='line_1_4' title="bbox 208 465 1422 550; baseline -0.006 -18"><span class='ocrx_word' id='word_1_22' title='bbox 208 471 304 543; x_wconf 85' lang='lat' dir='ltr'><strong>liniri,</strong></span> <span class='ocrx_word' id='word_1_23' title='bbox 337 488 423 550; x_wconf 89' lang='lat' dir='ltr'><strong>quam</strong></span> <span class='ocrx_word' id='word_1_24' title='bbox 456 469 485 529; x_wconf 95' lang='lat' dir='ltr'><strong>id</strong></span> <span class='ocrx_word' id='word_1_25' title='bbox 509 468 545 529; x_wconf 93' lang='lat' dir='ltr'><strong>ab</strong></span> <span class='ocrx_word' id='word_1_26' title='bbox 577 467 731 529; x_wconf 80' lang='lat' dir='ltr'><strong>haereticis</strong></span> <span class='ocrx_word' id='word_1_27' title='bbox 758 468 858 527; x_wconf 78' lang='lat' dir='ltr'><strong>lieret·</strong></span> <span class='ocrx_word' id='word_1_28' title='bbox 897 465 947 527; x_wconf 90' lang='lat' dir='ltr'><strong>Sic</strong></span> <span class='ocrx_word' id='word_1_29' title='bbox 968 466 998 526; x_wconf 91' lang='lat' dir='ltr'><strong>in</strong></span> <span class='ocrx_word' id='word_1_30' title='bbox 1022 466 1102 527; x_wconf 88' lang='lat' dir='ltr'><strong>Orat.</strong></span> <span class='ocrx_word' id='word_1_31' title='bbox 1124 465 1148 526; x_wconf 95' lang='lat' dir='ltr'><strong>l.</strong></span> <span class='ocrx_word' id='word_1_32' title='bbox 1170 473 1271 525; x_wconf 92' lang='lat' dir='ltr'><strong>contra</strong></span> <span class='ocrx_word' id='word_1_33' title='bbox 1293 466 1422 525; x_wconf 80' lang='lat' dir='ltr'><strong>Arianos</strong></span> 
     </span>
     <span class='ocr_line' id='line_1_5' title="bbox 208 564 1422 651; baseline -0.007 -16"><span class='ocrx_word' id='word_1_34' title='bbox 208 590 271 650; x_wconf 89' lang='lat' dir='ltr'><strong>cap.</strong></span> <span class='ocrx_word' id='word_1_35' title='bbox 295 575 345 635; x_wconf 75' lang='lat'><strong>54.</strong></span> <span class='ocrx_word' id='word_1_36' title='bbox 369 590 414 651; x_wconf 88' lang='lat' dir='ltr'><strong>sq.</strong></span> <span class='ocrx_word' id='word_1_37' title='bbox 437 574 569 644; x_wconf 88' lang='lat' dir='ltr'><strong>(nostrae</strong></span> <span class='ocrx_word' id='word_1_38' title='bbox 602 569 672 630; x_wconf 90' lang='lat' dir='ltr'><strong>edit.</strong></span> <span class='ocrx_word' id='word_1_39' title='bbox 694 587 722 648; x_wconf 91' lang='lat' dir='ltr'><strong>p.</strong></span> <span class='ocrx_word' id='word_1_40' title='bbox 745 570 818 633; x_wconf 77' lang='lat'><strong>258.</strong></span> <span class='ocrx_word' id='word_1_41' title='bbox 841 572 900 646; x_wconf 84' lang='lat' dir='ltr'><strong>sq.)</strong></span> <span class='ocrx_word' id='word_1_42' title='bbox 934 567 970 628; x_wconf 93' lang='lat' dir='ltr'><strong>de</strong></span> <span class='ocrx_word' id='word_1_43' title='bbox 1001 566 1079 628; x_wconf 91' lang='lat' dir='ltr'><strong>dicto</strong></span> <span class='ocrx_word' id='word_1_44' title='bbox 1102 585 1149 645; x_wconf 90' lang='lat' dir='ltr'><strong>ep.</strong></span> <span class='ocrx_word' id='word_1_45' title='bbox 1172 567 1208 627; x_wconf 93' lang='lat' dir='ltr'><strong>ad</strong></span> <span class='ocrx_word' id='word_1_46' title='bbox 1229 564 1321 627; x_wconf 89' lang='lat' dir='ltr'><strong>llebr.</strong></span> <span class='ocrx_word' id='word_1_47' title='bbox 1344 565 1367 626; x_wconf 93' lang='lat' dir='ltr'><strong>l.</strong></span> <span class='ocrx_word' id='word_1_48' title='bbox 1391 569 1422 629; x_wconf 82' lang='lat' dir='ltr'><strong>t.</strong></span> 
     </span>
     <span class='ocr_line' id='line_1_6' title="bbox 207 659 1423 756; baseline -0.008 -19"><span class='ocrx_word' id='word_1_49' title='bbox 207 669 353 756; x_wconf 82' lang='grc' dir='ltr'><strong><em>τοσούτῳ</em></strong></span> <span class='ocrx_word' id='word_1_50' title='bbox 374 674 528 755; x_wconf 79' lang='grc' dir='ltr'><strong><em>κρείττων</em></strong></span> <span class='ocrx_word' id='word_1_51' title='bbox 550 667 720 753; x_wconf 80' lang='grc' dir='ltr'><strong><em>γενόμενος</em></strong></span> <span class='ocrx_word' id='word_1_52' title='bbox 740 668 806 732; x_wconf 83' lang='grc' dir='ltr'><strong>τῶν</strong></span> <span class='ocrx_word' id='word_1_53' title='bbox 828 659 970 751; x_wconf 72' lang='grc' dir='ltr'><strong><em>ἀγγέλων</em></strong></span> <span class='ocrx_word' id='word_1_54' title='bbox 992 669 1144 729; x_wconf 89' lang='lat' dir='ltr'><strong>disserens</strong></span> <span class='ocrx_word' id='word_1_55' title='bbox 1165 668 1206 729; x_wconf 92' lang='lat' dir='ltr'><strong>ibi</strong></span> <span class='ocrx_word' id='word_1_56' title='bbox 1229 668 1265 740; x_wconf 92' lang='lat' dir='ltr'><strong>id,</strong></span> <span class='ocrx_word' id='word_1_57' title='bbox 1287 667 1369 746; x_wconf 85' lang='lat' dir='ltr'><strong>quod</strong></span> <span class='ocrx_word' id='word_1_58' title='bbox 1392 667 1423 728; x_wconf 93' lang='lat' dir='ltr'><strong>in</strong></span> 
     </span>
     <span class='ocr_line' id='line_1_7' title="bbox 207 768 1424 852; baseline -0.003 -16"><span class='ocrx_word' id='word_1_59' title='bbox 207 775 344 837; x_wconf 90' lang='lat' dir='ltr'><strong>omnibus</strong></span> <span class='ocrx_word' id='word_1_60' title='bbox 376 774 440 835; x_wconf 89' lang='lat' dir='ltr'><strong>aliis</strong></span> <span class='ocrx_word' id='word_1_61' title='bbox 472 773 636 852; x_wconf 84' lang='lat' dir='ltr'><strong>scripturae</strong></span> <span class='ocrx_word' id='word_1_62' title='bbox 667 771 739 832; x_wconf 91' lang='lat' dir='ltr'><strong>loeis</strong></span> <span class='ocrx_word' id='word_1_63' title='bbox 770 788 858 849; x_wconf 87' lang='lat' dir='ltr'><strong>agere</strong></span> <span class='ocrx_word' id='word_1_64' title='bbox 893 770 1064 841; x_wconf 85' lang='lat' dir='ltr'><strong>conveniat,</strong></span> <span class='ocrx_word' id='word_1_65' title='bbox 1103 768 1318 831; x_wconf 86' lang='lat' dir='ltr'><strong>obseruandum</strong></span> <span class='ocrx_word' id='word_1_66' title='bbox 1352 786 1424 833; x_wconf 79' lang='lat' dir='ltr'><strong>essa</strong></span> 
     </span>
     <span class='ocr_line' id='line_1_8' title="bbox 206 871 1422 958; baseline -0.006 -20"><span class='ocrx_word' id='word_1_67' title='bbox 206 876 357 958; x_wconf 84' lang='lat' dir='ltr'><strong>praecipit,</strong></span> <span class='ocrx_word' id='word_1_68' title='bbox 379 884 412 936; x_wconf 93' lang='lat' dir='ltr'><strong>ut</strong></span> <span class='ocrx_word' id='word_1_69' title='bbox 433 874 587 952; x_wconf 90' lang='lat' dir='ltr'><strong>diligenter</strong></span> <span class='ocrx_word' id='word_1_70' title='bbox 608 872 784 945; x_wconf 88' lang='lat' dir='ltr'><strong>attendatur,</strong></span> <span class='ocrx_word' id='word_1_71' title='bbox 807 890 862 950; x_wconf 89' lang='lat' dir='ltr'><strong>qua</strong></span> <span class='ocrx_word' id='word_1_72' title='bbox 879 871 1033 932; x_wconf 84' lang='lat' dir='ltr'><strong>occasione</strong></span> <span class='ocrx_word' id='word_1_73' title='bbox 1055 872 1170 933; x_wconf 91' lang='lat' dir='ltr'><strong>locutus</strong></span> <span class='ocrx_word' id='word_1_74' title='bbox 1193 871 1232 932; x_wconf 90' lang='lat' dir='ltr'><strong>sit</strong></span> <span class='ocrx_word' id='word_1_75' title='bbox 1253 871 1422 949; x_wconf 88' lang='lat' dir='ltr'><strong>apostolus,</strong></span> 
     </span>
     <span class='ocr_line' id='line_1_9' title="bbox 207 971 1426 1058; baseline -0.005 -19"><span class='ocrx_word' id='word_1_76' title='bbox 207 996 282 1058; x_wconf 90' lang='lat' dir='ltr'><strong>quae</strong></span> <span class='ocrx_word' id='word_1_77' title='bbox 303 978 342 1038; x_wconf 91' lang='lat' dir='ltr'><strong>sit</strong></span> <span class='ocrx_word' id='word_1_78' title='bbox 361 993 509 1056; x_wconf 89' lang='lat' dir='ltr'><strong>persona,</strong></span> <span class='ocrx_word' id='word_1_79' title='bbox 531 993 605 1053; x_wconf 90' lang='lat' dir='ltr'><strong>quae</strong></span> <span class='ocrx_word' id='word_1_80' title='bbox 627 992 676 1035; x_wconf 90' lang='lat' dir='ltr'><strong>res</strong></span> <span class='ocrx_word' id='word_1_81' title='bbox 699 974 781 1035; x_wconf 92' lang='lat' dir='ltr'><strong>cuius</strong></span> <span class='ocrx_word' id='word_1_82' title='bbox 802 973 893 1053; x_wconf 83' lang='lat' dir='ltr'><strong>gratia</strong></span> <span class='ocrx_word' id='word_1_83' title='bbox 922 972 1088 1052; x_wconf 84' lang='lat' dir='ltr'><strong>scripserit,</strong></span> <span class='ocrx_word' id='word_1_84' title='bbox 1118 973 1240 1051; x_wconf 87' lang='lat' dir='ltr'><strong>nequis</strong></span> <span class='ocrx_word' id='word_1_85' title='bbox 1262 971 1310 1032; x_wconf 88' lang='lat' dir='ltr'><strong>illa</strong></span> <span class='ocrx_word' id='word_1_86' title='bbox 1333 972 1426 1050; x_wconf 88' lang='lat' dir='ltr'><strong>igno·</strong></span> 
     </span>
     <span class='ocr_line' id='line_1_10' title="bbox 206 1073 1420 1155; baseline -0.003 -16"><span class='ocrx_word' id='word_1_87' title='bbox 206 1096 274 1140; x_wconf 87' lang='lat' dir='ltr'><strong>rans</strong></span> <span class='ocrx_word' id='word_1_88' title='bbox 296 1087 345 1139; x_wconf 88' lang='lat' dir='ltr'><strong>ant</strong></span> <span class='ocrx_word' id='word_1_89' title='bbox 368 1076 444 1138; x_wconf 92' lang='lat' dir='ltr'><strong>aliud</strong></span> <span class='ocrx_word' id='word_1_90' title='bbox 474 1084 591 1155; x_wconf 86' lang='lat' dir='ltr'><strong>praeter</strong></span> <span class='ocrx_word' id='word_1_91' title='bbox 619 1094 653 1136; x_wconf 87' lang='lat' dir='ltr'><strong>ea</strong></span> <span class='ocrx_word' id='word_1_92' title='bbox 681 1075 846 1154; x_wconf 86' lang='lat' dir='ltr'><strong>intelligens</strong></span> <span class='ocrx_word' id='word_1_93' title='bbox 868 1088 884 1136; x_wconf 89' lang='lat' dir='ltr'><strong>a</strong></span> <span class='ocrx_word' id='word_1_94' title='bbox 906 1094 973 1136; x_wconf 81' lang='lat' dir='ltr'><strong>vera</strong></span> <span class='ocrx_word' id='word_1_95' title='bbox 1001 1073 1118 1135; x_wconf 87' lang='lat' dir='ltr'><strong>aberret</strong></span> <span class='ocrx_word' id='word_1_96' title='bbox 1139 1074 1294 1134; x_wconf 89' lang='lat' dir='ltr'><strong>sententia.</strong></span> <span class='ocrx_word' id='word_1_97' title='bbox 1338 1074 1420 1135; x_wconf 82' lang='lat' dir='ltr'><strong>Tum</strong></span> 
     </span>
     <span class='ocr_line' id='line_1_11' title="bbox 206 1170 1425 1259; baseline -0.003 -17"><span class='ocrx_word' id='word_1_98' title='bbox 206 1179 262 1242; x_wconf 89' lang='lat' dir='ltr'><strong>hac</strong></span> <span class='ocrx_word' id='word_1_99' title='bbox 281 1180 397 1241; x_wconf 88' lang='lat' dir='ltr'><strong>ratione</strong></span> <span class='ocrx_word' id='word_1_100' title='bbox 419 1179 612 1248; x_wconf 88' lang='lat' dir='ltr'><strong>demonstrat,</strong></span> <span class='ocrx_word' id='word_1_101' title='bbox 635 1195 671 1237; x_wconf 82' lang='lat' dir='ltr'><strong>en</strong></span> <span class='ocrx_word' id='word_1_102' title='bbox 692 1176 749 1236; x_wconf 94' lang='lat' dir='ltr'><strong>illis</strong></span> <span class='ocrx_word' id='word_1_103' title='bbox 771 1175 869 1237; x_wconf 82' lang='lat' dir='ltr'><strong>rerhis</strong></span> <span class='ocrx_word' id='word_1_104' title='bbox 898 1193 958 1237; x_wconf 93' lang='lat' dir='ltr'><strong>non</strong></span> <span class='ocrx_word' id='word_1_105' title='bbox 980 1176 1081 1254; x_wconf 89' lang='lat' dir='ltr'><strong>sequi,</strong></span> <span class='ocrx_word' id='word_1_106' title='bbox 1110 1174 1189 1254; x_wconf 83' lang='lat' dir='ltr'><strong>quod</strong></span> <span class='ocrx_word' id='word_1_107' title='bbox 1210 1174 1312 1236; x_wconf 77' lang='lat' dir='ltr'><strong>baiani</strong></span> <span class='ocrx_word' id='word_1_108' title='bbox 1333 1170 1425 1259; x_wconf 81' lang='grc' dir='ltr'><strong><em>πρό-</em></strong></span> 
     </span>
     <span class='ocr_line' id='line_1_12' title="bbox 207 1272 1422 1366; baseline -0.005 -21"><span class='ocrx_word' id='word_1_109' title='bbox 207 1301 310 1366; x_wconf 84' lang='grc' dir='ltr'><strong><em>φασιν</em></strong></span> <span class='ocrx_word' id='word_1_110' title='bbox 332 1272 596 1361; x_wconf 77' lang='grc' dir='ltr'><strong><em>προβαλλόμενοι</em></strong></span> <span class='ocrx_word' id='word_1_111' title='bbox 616 1273 658 1340; x_wconf 81' lang='grc' dir='ltr'><strong>τὰ</strong></span> <span class='ocrx_word' id='word_1_112' title='bbox 679 1272 761 1361; x_wconf 79' lang='grc' dir='ltr'><strong><em>ῥητά</em></strong></span> <span class='ocrx_word' id='word_1_113' title='bbox 781 1277 849 1340; x_wconf 92' lang='lat' dir='ltr'><strong>inde</strong></span> <span class='ocrx_word' id='word_1_114' title='bbox 871 1277 1052 1356; x_wconf 81' lang='lat' dir='ltr'><strong>colligerent.</strong></span> <span class='ocrx_word' id='word_1_115' title='bbox 1096 1275 1179 1340; x_wconf 86' lang='lat' dir='ltr'><strong>Cant.</strong></span> <span class='ocrx_word' id='word_1_116' title='bbox 1195 1277 1236 1338; x_wconf 82' lang='lat' dir='ltr'><strong>lie</strong></span> <span class='ocrx_word' id='word_1_117' title='bbox 1257 1276 1337 1337; x_wconf 90' lang='lat' dir='ltr'><strong>decr.</strong></span> <span class='ocrx_word' id='word_1_118' title='bbox 1354 1294 1422 1357; x_wconf 73' lang='lat' dir='ltr'><strong>spa.</strong></span> 
     </span>
     <span class='ocr_line' id='line_1_13' title="bbox 206 1378 1419 1461; baseline -0.003 -18"><span class='ocrx_word' id='word_1_119' title='bbox 206 1382 271 1443; x_wconf 87' lang='lat' dir='ltr'><strong>Nic.</strong></span> <span class='ocrx_word' id='word_1_120' title='bbox 293 1400 318 1441; x_wconf 91' lang='lat' dir='ltr'><strong>c.</strong></span> <span class='ocrx_word' id='word_1_121' title='bbox 344 1384 391 1443; x_wconf 82' lang='lat' dir='ltr'><strong>tl.</strong></span> <span class='ocrx_word' id='word_1_122' title='bbox 421 1399 450 1461; x_wconf 86' lang='lat' dir='ltr'><strong>p.</strong></span> <span class='ocrx_word' id='word_1_123' title='bbox 473 1382 525 1443; x_wconf 80' lang='lat' dir='ltr'><strong>tn.</strong></span> <span class='ocrx_word' id='word_1_124' title='bbox 569 1378 709 1440; x_wconf 89' lang='lat' dir='ltr'><strong>Similiter</strong></span> <span class='ocrx_word' id='word_1_125' title='bbox 736 1378 793 1440; x_wconf 92' lang='lat' dir='ltr'><strong>alio</strong></span> <span class='ocrx_word' id='word_1_126' title='bbox 821 1378 951 1439; x_wconf 75' lang='lat' dir='ltr'><strong>loculis</strong></span> <span class='ocrx_word' id='word_1_127' title='bbox 978 1379 1056 1440; x_wconf 89' lang='lat' dir='ltr'><strong>decr.</strong></span> <span class='ocrx_word' id='word_1_128' title='bbox 1086 1398 1150 1458; x_wconf 80' lang='lat' dir='ltr'><strong>syn.</strong></span> <span class='ocrx_word' id='word_1_129' title='bbox 1179 1379 1241 1440; x_wconf 91' lang='lat' dir='ltr'><strong>Nic.</strong></span> <span class='ocrx_word' id='word_1_130' title='bbox 1269 1396 1335 1459; x_wconf 88' lang='lat' dir='ltr'><strong>cap.</strong></span> <span class='ocrx_word' id='word_1_131' title='bbox 1368 1382 1419 1445; x_wconf 85' lang='lat' dir='ltr'><strong>lt).</strong></span> 
     </span>
     <span class='ocr_line' id='line_1_14' title="bbox 206 1479 1424 1563; baseline -0.003 -16"><span class='ocrx_word' id='word_1_132' title='bbox 206 1500 237 1563; x_wconf 88' lang='lat' dir='ltr'><strong>p.</strong></span> <span class='ocrx_word' id='word_1_133' title='bbox 260 1484 310 1547; x_wconf 82' lang='lat'><strong>36.</strong></span> <span class='ocrx_word' id='word_1_134' title='bbox 333 1491 449 1554; x_wconf 84' lang='lat' dir='ltr'><strong>monet,</strong></span> <span class='ocrx_word' id='word_1_135' title='bbox 478 1500 516 1542; x_wconf 87' lang='lat' dir='ltr'><strong>ne</strong></span> <span class='ocrx_word' id='word_1_136' title='bbox 537 1481 729 1559; x_wconf 85' lang='lat' dir='ltr'><strong>interpretes,</strong></span> <span class='ocrx_word' id='word_1_137' title='bbox 750 1479 802 1541; x_wconf 90' lang='lat' dir='ltr'><strong>ubi</strong></span> <span class='ocrx_word' id='word_1_138' title='bbox 824 1481 854 1541; x_wconf 91' lang='lat' dir='ltr'><strong>in</strong></span> <span class='ocrx_word' id='word_1_139' title='bbox 882 1481 1026 1559; x_wconf 90' lang='lat' dir='ltr'><strong>scriptura</strong></span> <span class='ocrx_word' id='word_1_140' title='bbox 1055 1480 1173 1541; x_wconf 91' lang='lat' dir='ltr'><strong>eaedem</strong></span> <span class='ocrx_word' id='word_1_141' title='bbox 1195 1480 1340 1542; x_wconf 84' lang='lat' dir='ltr'><strong>dictiones</strong></span> <span class='ocrx_word' id='word_1_142' title='bbox 1364 1481 1424 1543; x_wconf 87' lang='lat' dir='ltr'><strong>deo</strong></span> 
     </span>
     <span class='ocr_line' id='line_1_15' title="bbox 208 1581 1423 1660; baseline -0.001 -14"><span class='ocrx_word' id='word_1_143' title='bbox 208 1591 239 1646; x_wconf 89' lang='lat' dir='ltr'><strong>ct</strong></span> <span class='ocrx_word' id='word_1_144' title='bbox 266 1581 435 1645; x_wconf 91' lang='lat' dir='ltr'><strong>hominihus</strong></span> <span class='ocrx_word' id='word_1_145' title='bbox 462 1581 675 1654; x_wconf 89' lang='lat' dir='ltr'><strong>attribuuntur,</strong></span> <span class='ocrx_word' id='word_1_146' title='bbox 704 1581 833 1643; x_wconf 90' lang='lat' dir='ltr'><strong>bumana</strong></span> <span class='ocrx_word' id='word_1_147' title='bbox 860 1583 948 1643; x_wconf 92' lang='lat' dir='ltr'><strong>modo</strong></span> <span class='ocrx_word' id='word_1_148' title='bbox 971 1582 1147 1660; x_wconf 86' lang='lat' dir='ltr'><strong>intelligant,</strong></span> <span class='ocrx_word' id='word_1_149' title='bbox 1176 1600 1251 1660; x_wconf 88' lang='lat' dir='ltr'><strong>quae</strong></span> <span class='ocrx_word' id='word_1_150' title='bbox 1272 1581 1309 1642; x_wconf 92' lang='lat' dir='ltr'><strong>ad</strong></span> <span class='ocrx_word' id='word_1_151' title='bbox 1332 1582 1423 1645; x_wconf 82' lang='lat' dir='ltr'><strong>deum</strong></span> 
     </span>
     <span class='ocr_line' id='line_1_16' title="bbox 207 1682 1423 1766; baseline -0.001 -20"><span class='ocrx_word' id='word_1_152' title='bbox 207 1693 354 1766; x_wconf 87' lang='lat' dir='ltr'><strong>spectant,</strong></span> <span class='ocrx_word' id='word_1_153' title='bbox 378 1701 433 1745; x_wconf 91' lang='lat' dir='ltr'><strong>nec</strong></span> <span class='ocrx_word' id='word_1_154' title='bbox 459 1683 603 1758; x_wconf 86' lang='lat' dir='ltr'><strong>uicissim,</strong></span> <span class='ocrx_word' id='word_1_155' title='bbox 637 1702 711 1763; x_wconf 84' lang='lat' dir='ltr'><strong>quae</strong></span> <span class='ocrx_word' id='word_1_156' title='bbox 733 1684 768 1743; x_wconf 96' lang='lat' dir='ltr'><strong>ad</strong></span> <span class='ocrx_word' id='word_1_157' title='bbox 789 1682 924 1746; x_wconf 90' lang='lat' dir='ltr'><strong>homines</strong></span> <span class='ocrx_word' id='word_1_158' title='bbox 953 1683 1116 1762; x_wconf 86' lang='lat' dir='ltr'><strong>pertinent,</strong></span> <span class='ocrx_word' id='word_1_159' title='bbox 1145 1691 1281 1762; x_wconf 89' lang='lat' dir='ltr'><strong>tanquam</strong></span> <span class='ocrx_word' id='word_1_160' title='bbox 1304 1683 1342 1745; x_wconf 89' lang='lat' dir='ltr'><strong>de</strong></span> <span class='ocrx_word' id='word_1_161' title='bbox 1364 1683 1423 1745; x_wconf 89' lang='lat' dir='ltr'><strong>deu</strong></span> 
     </span>
     <span class='ocr_line' id='line_1_17' title="bbox 207 1784 1423 1865; baseline -0.002 -17"><span class='ocrx_word' id='word_1_162' title='bbox 207 1786 282 1849; x_wconf 90' lang='lat' dir='ltr'><strong>dicta</strong></span> <span class='ocrx_word' id='word_1_163' title='bbox 304 1785 461 1865; x_wconf 87' lang='lat' dir='ltr'><strong>accipiant,</strong></span> <span class='ocrx_word' id='word_1_164' title='bbox 484 1787 536 1846; x_wconf 91' lang='lat' dir='ltr'><strong>sed</strong></span> <span class='ocrx_word' id='word_1_165' title='bbox 558 1793 599 1848; x_wconf 89' lang='lat' dir='ltr'><strong>nt.</strong></span> <span class='ocrx_word' id='word_1_166' title='bbox 616 1803 670 1865; x_wconf 88' lang='lat' dir='ltr'><strong>pro</strong></span> <span class='ocrx_word' id='word_1_167' title='bbox 701 1792 802 1848; x_wconf 87' lang='lat' dir='ltr'><strong>natura</strong></span> <span class='ocrx_word' id='word_1_168' title='bbox 824 1804 925 1846; x_wconf 90' lang='lat' dir='ltr'><strong>rerum</strong></span> <span class='ocrx_word' id='word_1_169' title='bbox 953 1785 1178 1864; x_wconf 82' lang='lat' dir='ltr'><strong>significatarum</strong></span> <span class='ocrx_word' id='word_1_170' title='bbox 1206 1802 1280 1862; x_wconf 90' lang='lat' dir='ltr'><strong>quae</strong></span> <span class='ocrx_word' id='word_1_171' title='bbox 1311 1784 1423 1864; x_wconf 87' lang='lat' dir='ltr'><strong>scripta</strong></span> 
     </span>
     <span class='ocr_line' id='line_1_18' title="bbox 208 1884 1424 1966; baseline -0.002 -16"><span class='ocrx_word' id='word_1_172' title='bbox 208 1896 277 1950; x_wconf 91' lang='lat' dir='ltr'><strong>sunt</strong></span> <span class='ocrx_word' id='word_1_173' title='bbox 304 1886 471 1948; x_wconf 90' lang='lat' dir='ltr'><strong>diiudicent.</strong></span> <span class='ocrx_word' id='word_1_174' title='bbox 521 1887 651 1966; x_wconf 87' lang='lat' dir='ltr'><strong>Namque</strong></span> <span class='ocrx_word' id='word_1_175' title='bbox 678 1887 707 1948; x_wconf 92' lang='lat' dir='ltr'><strong>in</strong></span> <span class='ocrx_word' id='word_1_176' title='bbox 737 1905 772 1948; x_wconf 91' lang='lat' dir='ltr'><strong>eo</strong></span> <span class='ocrx_word' id='word_1_177' title='bbox 801 1886 925 1948; x_wconf 83' lang='lat' dir='ltr'><strong>maxime</strong></span> <span class='ocrx_word' id='word_1_178' title='bbox 953 1904 1075 1966; x_wconf 87' lang='lat' dir='ltr'><strong>peccare</strong></span> <span class='ocrx_word' id='word_1_179' title='bbox 1109 1885 1283 1947; x_wconf 83' lang='lat' dir='ltr'><strong>videbantur</strong></span> <span class='ocrx_word' id='word_1_180' title='bbox 1308 1884 1424 1957; x_wconf 75' lang='lat' dir='ltr'><strong>Ariani,</strong></span> 
     </span>
     <span class='ocr_line' id='line_1_19' title="bbox 207 1978 1424 2070; baseline 0 -19"><span class='ocrx_word' id='word_1_181' title='bbox 207 1989 285 2068; x_wconf 86' lang='lat' dir='ltr'><strong>quod</strong></span> <span class='ocrx_word' id='word_1_182' title='bbox 307 1978 530 2070; x_wconf 69' lang='grc' dir='ltr'><strong><em>ἀνθρωπίνως</em></strong></span> <span class='ocrx_word' id='word_1_183' title='bbox 551 1987 587 2049; x_wconf 94' lang='lat' dir='ltr'><strong>de</strong></span> <span class='ocrx_word' id='word_1_184' title='bbox 609 1989 665 2050; x_wconf 95' lang='lat' dir='ltr'><strong>deo</strong></span> <span class='ocrx_word' id='word_1_185' title='bbox 687 1987 779 2059; x_wconf 88' lang='lat' dir='ltr'><strong>dicta,</strong></span> <span class='ocrx_word' id='word_1_186' title='bbox 808 1988 887 2049; x_wconf 88' lang='lat' dir='ltr'><strong>relut</strong></span> <span class='ocrx_word' id='word_1_187' title='bbox 906 1988 967 2069; x_wconf 75' lang='lat' dir='ltr'><strong>filii</strong></span> <span class='ocrx_word' id='word_1_188' title='bbox 990 1984 1225 2067; x_wconf 74' lang='lat' dir='ltr'><strong>penetrationem,</strong></span> <span class='ocrx_word' id='word_1_189' title='bbox 1255 2004 1316 2047; x_wconf 94' lang='lat' dir='ltr'><strong>non</strong></span> <span class='ocrx_word' id='word_1_190' title='bbox 1337 1990 1424 2051; x_wconf 72' lang='lat' dir='ltr'><strong>dao-</strong></span> 
     </span>
     <span class='ocr_line' id='line_1_20' title="bbox 207 2089 1420 2172; baseline -0.003 -19"><span class='ocrx_word' id='word_1_191' title='bbox 207 2089 345 2172; x_wconf 80' lang='grc' dir='ltr'><strong><em>πρεπῶς</em></strong></span> <span class='ocrx_word' id='word_1_192' title='bbox 381 2090 576 2168; x_wconf 89' lang='lat' dir='ltr'><strong>intelligerent</strong></span> <span class='ocrx_word' id='word_1_193' title='bbox 612 2108 707 2169; x_wconf 86' lang='lat' dir='ltr'><strong>neque</strong></span> <span class='ocrx_word' id='word_1_194' title='bbox 744 2089 830 2150; x_wconf 89' lang='lat' dir='ltr'><strong>alium</strong></span> <span class='ocrx_word' id='word_1_195' title='bbox 864 2090 1022 2168; x_wconf 89' lang='lat' dir='ltr'><strong>generandi</strong></span> <span class='ocrx_word' id='word_1_196' title='bbox 1059 2090 1175 2150; x_wconf 89' lang='lat' dir='ltr'><strong>modurn</strong></span> <span class='ocrx_word' id='word_1_197' title='bbox 1212 2096 1420 2167; x_wconf 82' lang='lat' dir='ltr'><strong>agnoscerent,</strong></span> 
     </span>
     <span class='ocr_line' id='line_1_21' title="bbox 208 2188 1422 2271; baseline 0.001 -21"><span class='ocrx_word' id='word_1_198' title='bbox 208 2210 295 2271; x_wconf 80' lang='lat' dir='ltr'><strong>quam</strong></span> <span class='ocrx_word' id='word_1_199' title='bbox 329 2191 378 2269; x_wconf 83' lang='lat' dir='ltr'><strong>qui</strong></span> <span class='ocrx_word' id='word_1_200' title='bbox 410 2191 560 2252; x_wconf 87' lang='lat' dir='ltr'><strong>decisione</strong></span> <span class='ocrx_word' id='word_1_201' title='bbox 591 2189 795 2270; x_wconf 89' lang='lat' dir='ltr'><strong>prollurioque</strong></span> <span class='ocrx_word' id='word_1_202' title='bbox 817 2193 849 2251; x_wconf 91' lang='lat' dir='ltr'><strong>lit</strong></span> <span class='ocrx_word' id='word_1_203' title='bbox 881 2190 1076 2264; x_wconf 87' lang='lat' dir='ltr'><strong>substantiae,</strong></span> <span class='ocrx_word' id='word_1_204' title='bbox 1107 2209 1198 2269; x_wconf 83' lang='lat' dir='ltr'><strong>eaque</strong></span> <span class='ocrx_word' id='word_1_205' title='bbox 1220 2191 1249 2251; x_wconf 92' lang='lat' dir='ltr'><strong>in</strong></span> <span class='ocrx_word' id='word_1_206' title='bbox 1272 2208 1306 2250; x_wconf 92' lang='lat' dir='ltr'><strong>re</strong></span> <span class='ocrx_word' id='word_1_207' title='bbox 1328 2188 1422 2270; x_wconf 89' lang='lat' dir='ltr'><strong>impie</strong></span> 
     </span>
     <span class='ocr_line' id='line_1_22' title="bbox 209 2292 1422 2371; baseline 0 -18"><span class='ocrx_word' id='word_1_208' title='bbox 209 2292 425 2353; x_wconf 82' lang='lat' dir='ltr'><strong>cavillarentur:</strong></span> <span class='ocrx_word' id='word_1_209' title='bbox 459 2303 487 2353; x_wconf 93' lang='lat' dir='ltr'><strong>et</strong></span> <span class='ocrx_word' id='word_1_210' title='bbox 509 2292 587 2371; x_wconf 79' lang='lat' dir='ltr'><strong>‹puod</strong></span> <span class='ocrx_word' id='word_1_211' title='bbox 619 2310 692 2370; x_wconf 81' lang='lat' dir='ltr'><strong>quae</strong></span> <span class='ocrx_word' id='word_1_212' title='bbox 719 2292 748 2351; x_wconf 94' lang='lat' dir='ltr'><strong>in</strong></span> <span class='ocrx_word' id='word_1_213' title='bbox 780 2292 924 2371; x_wconf 88' lang='lat' dir='ltr'><strong>scriptura</strong></span> <span class='ocrx_word' id='word_1_214' title='bbox 953 2310 1036 2352; x_wconf 90' lang='lat' dir='ltr'><strong>sacra</strong></span> <span class='ocrx_word' id='word_1_215' title='bbox 1068 2292 1104 2353; x_wconf 91' lang='lat' dir='ltr'><strong>ad</strong></span> <span class='ocrx_word' id='word_1_216' title='bbox 1136 2292 1229 2353; x_wconf 91' lang='lat' dir='ltr'><strong>solam</strong></span> <span class='ocrx_word' id='word_1_217' title='bbox 1260 2292 1422 2353; x_wconf 82' lang='lat' dir='ltr'><strong>humanam</strong></span> 
     </span>
     <span class='ocr_line' id='line_1_23' title="bbox 208 2392 1421 2473; baseline 0 -18"><span class='ocrx_word' id='word_1_218' title='bbox 208 2392 316 2455; x_wconf 86' lang='lat' dir='ltr'><strong>Christi</strong></span> <span class='ocrx_word' id='word_1_219' title='bbox 338 2400 470 2454; x_wconf 92' lang='lat' dir='ltr'><strong>naturam</strong></span> <span class='ocrx_word' id='word_1_220' title='bbox 492 2394 674 2464; x_wconf 81' lang='lat' dir='ltr'><strong>reserantur,</strong></span> <span class='ocrx_word' id='word_1_221' title='bbox 703 2392 816 2453; x_wconf 88' lang='lat' dir='ltr'><strong>divinae</strong></span> <span class='ocrx_word' id='word_1_222' title='bbox 843 2393 1041 2473; x_wconf 87' lang='lat' dir='ltr'><strong>impingerent</strong></span> <span class='ocrx_word' id='word_1_223' title='bbox 1068 2401 1100 2454; x_wconf 91' lang='lat' dir='ltr'><strong>ut</strong></span> <span class='ocrx_word' id='word_1_224' title='bbox 1121 2413 1155 2455; x_wconf 85' lang='lat' dir='ltr'><strong>ex</strong></span> <span class='ocrx_word' id='word_1_225' title='bbox 1176 2393 1324 2454; x_wconf 88' lang='lat' dir='ltr'><strong>eiusmodi</strong></span> <span class='ocrx_word' id='word_1_226' title='bbox 1343 2392 1421 2455; x_wconf 83' lang='lat' dir='ltr'><strong>lucia</strong></span> 
     </span>
     <span class='ocr_line' id='line_1_24' title="bbox 207 2492 1420 2575; baseline 0.001 -20"><span class='ocrx_word' id='word_1_227' title='bbox 207 2494 298 2557; x_wconf 90' lang='lat' dir='ltr'><strong>lilium</strong></span> <span class='ocrx_word' id='word_1_228' title='bbox 330 2503 415 2575; x_wconf 89' lang='lat' dir='ltr'><strong>patre</strong></span> <span class='ocrx_word' id='word_1_229' title='bbox 447 2492 591 2555; x_wconf 87' lang='lat' dir='ltr'><strong>minorem</strong></span> <span class='ocrx_word' id='word_1_230' title='bbox 620 2512 689 2555; x_wconf 87' lang='lat' dir='ltr'><strong>esse</strong></span> <span class='ocrx_word' id='word_1_231' title='bbox 718 2493 826 2555; x_wconf 90' lang='lat' dir='ltr'><strong>docere</strong></span> <span class='ocrx_word' id='word_1_232' title='bbox 855 2505 988 2573; x_wconf 85' lang='lat' dir='ltr'><strong>possent</strong></span> <span class='ocrx_word' id='word_1_233' title='bbox 1032 2494 1207 2555; x_wconf 76' lang='lat' dir='ltr'><strong>Athanasius</strong></span> <span class='ocrx_word' id='word_1_234' title='bbox 1235 2494 1327 2574; x_wconf 88' lang='lat' dir='ltr'><strong>igitur</strong></span> <span class='ocrx_word' id='word_1_235' title='bbox 1358 2512 1420 2556; x_wconf 89' lang='lat' dir='ltr'><strong>non</strong></span> 
     </span>
     <span class='ocr_line' id='line_1_25' title="bbox 207 2594 1422 2676; baseline -0.001 -17"><span class='ocrx_word' id='word_1_236' title='bbox 207 2595 305 2659; x_wconf 88' lang='lat' dir='ltr'><strong>minus</strong></span> <span class='ocrx_word' id='word_1_237' title='bbox 328 2614 413 2676; x_wconf 92' lang='lat' dir='ltr'><strong>quam</strong></span> <span class='ocrx_word' id='word_1_238' title='bbox 435 2594 562 2658; x_wconf 86' lang='lat' dir='ltr'><strong>Hilarius</strong></span> <span class='ocrx_word' id='word_1_239' title='bbox 588 2595 696 2675; x_wconf 90' lang='lat' dir='ltr'><strong>aliique</strong></span> <span class='ocrx_word' id='word_1_240' title='bbox 723 2596 856 2657; x_wconf 89' lang='lat' dir='ltr'><strong>catholici</strong></span> <span class='ocrx_word' id='word_1_241' title='bbox 884 2595 1085 2657; x_wconf 88' lang='lat' dir='ltr'><strong>auctoritatem</strong></span> <span class='ocrx_word' id='word_1_242' title='bbox 1114 2596 1275 2676; x_wconf 88' lang='lat' dir='ltr'><strong>scripturae</strong></span> <span class='ocrx_word' id='word_1_243' title='bbox 1301 2597 1422 2659; x_wconf 82' lang='lat' dir='ltr'><strong>ratione</strong></span> 
     </span>
     <span class='ocr_line' id='line_1_26' title="bbox 208 2696 1420 2777; baseline 0.001 -19"><span class='ocrx_word' id='word_1_244' title='bbox 208 2697 394 2777; x_wconf 86' lang='lat' dir='ltr'><strong>grammatica</strong></span> <span class='ocrx_word' id='word_1_245' title='bbox 426 2696 584 2776; x_wconf 86' lang='lat' dir='ltr'><strong>explicatae</strong></span> <span class='ocrx_word' id='word_1_246' title='bbox 616 2697 864 2776; x_wconf 86' lang='lat' dir='ltr'><strong>comprobabant,</strong></span> <span class='ocrx_word' id='word_1_247' title='bbox 896 2717 990 2777; x_wconf 79' lang='lat' dir='ltr'><strong>neqrre</strong></span> <span class='ocrx_word' id='word_1_248' title='bbox 1017 2699 1054 2760; x_wconf 90' lang='lat' dir='ltr'><strong>ab</strong></span> <span class='ocrx_word' id='word_1_249' title='bbox 1087 2697 1261 2759; x_wconf 82' lang='lat' dir='ltr'><strong>aduersariis</strong></span> <span class='ocrx_word' id='word_1_250' title='bbox 1295 2697 1332 2759; x_wconf 91' lang='lat' dir='ltr'><strong>de</strong></span> <span class='ocrx_word' id='word_1_251' title='bbox 1359 2699 1420 2759; x_wconf 89' lang='lat' dir='ltr'><strong>bac</strong></span> 
     </span>
     <span class='ocr_line' id='line_1_27' title="bbox 207 2798 1418 2878; baseline 0.001 -20"><span class='ocrx_word' id='word_1_252' title='bbox 207 2798 352 2877; x_wconf 88' lang='lat' dir='ltr'><strong>principio</strong></span> <span class='ocrx_word' id='word_1_253' title='bbox 376 2798 590 2875; x_wconf 85' lang='lat' dir='ltr'><strong>discrepabant.</strong></span> <span class='ocrx_word' id='word_1_254' title='bbox 634 2800 733 2870; x_wconf 78' lang='lat' dir='ltr'><strong>Quare</strong></span> <span class='ocrx_word' id='word_1_255' title='bbox 755 2801 851 2860; x_wconf 90' lang='lat' dir='ltr'><strong>omnis</strong></span> <span class='ocrx_word' id='word_1_256' title='bbox 873 2800 1031 2878; x_wconf 90' lang='lat' dir='ltr'><strong>disputatio</strong></span> <span class='ocrx_word' id='word_1_257' title='bbox 1047 2799 1160 2861; x_wconf 88' lang='lat' dir='ltr'><strong>redibat</strong></span> <span class='ocrx_word' id='word_1_258' title='bbox 1181 2799 1216 2860; x_wconf 89' lang='lat' dir='ltr'><strong>atl</strong></span> <span class='ocrx_word' id='word_1_259' title='bbox 1239 2798 1418 2878; x_wconf 86' lang='lat' dir='ltr'><strong>scripturam</strong></span> 
     </span>
     <span class='ocr_line' id='line_1_28' title="bbox 209 2896 1420 2978; baseline 0.002 -20"><span class='ocrx_word' id='word_1_260' title='bbox 209 2905 239 2958; x_wconf 91' lang='lat' dir='ltr'><strong>et</strong></span> <span class='ocrx_word' id='word_1_261' title='bbox 265 2898 352 2959; x_wconf 90' lang='lat' dir='ltr'><strong>cardo</strong></span> <span class='ocrx_word' id='word_1_262' title='bbox 381 2896 597 2958; x_wconf 80' lang='lat' dir='ltr'><strong>controversiae</strong></span> <span class='ocrx_word' id='word_1_263' title='bbox 624 2898 654 2958; x_wconf 92' lang='lat' dir='ltr'><strong>in</strong></span> <span class='ocrx_word' id='word_1_264' title='bbox 683 2899 806 2978; x_wconf 87' lang='lat' dir='ltr'><strong>singulis</strong></span> <span class='ocrx_word' id='word_1_265' title='bbox 835 2899 899 2961; x_wconf 91' lang='lat' dir='ltr'><strong>eius</strong></span> <span class='ocrx_word' id='word_1_266' title='bbox 929 2900 1105 2961; x_wconf 90' lang='lat' dir='ltr'><strong>testimoniis</strong></span> <span class='ocrx_word' id='word_1_267' title='bbox 1132 2900 1312 2969; x_wconf 79' lang='lat' dir='ltr'><strong>vertebatur,</strong></span> <span class='ocrx_word' id='word_1_268' title='bbox 1342 2917 1420 2978; x_wconf 88' lang='lat' dir='ltr'><strong>quae</strong></span> 
     </span>
     <span class='ocr_line' id='line_1_29' title="bbox 208 2998 1418 3078; baseline 0.002 -19"><span class='ocrx_word' id='word_1_269' title='bbox 208 2998 324 3077; x_wconf 84' lang='lat' dir='ltr'><strong>utrique</strong></span> <span class='ocrx_word' id='word_1_270' title='bbox 345 3016 399 3076; x_wconf 94' lang='lat' dir='ltr'><strong>pra</strong></span> <span class='ocrx_word' id='word_1_271' title='bbox 422 3016 474 3059; x_wconf 90' lang='lat' dir='ltr'><strong>sna</strong></span> <span class='ocrx_word' id='word_1_272' title='bbox 496 2999 640 3059; x_wconf 90' lang='lat' dir='ltr'><strong>sententia</strong></span> <span class='ocrx_word' id='word_1_273' title='bbox 655 2999 843 3078; x_wconf 81' lang='lat' dir='ltr'><strong>proterebant</strong></span> <span class='ocrx_word' id='word_1_274' title='bbox 864 3009 894 3061; x_wconf 88' lang='lat' dir='ltr'><strong>et</strong></span> <span class='ocrx_word' id='word_1_275' title='bbox 907 3001 1070 3063; x_wconf 90' lang='lat' dir='ltr'><strong>rationibus</strong></span> <span class='ocrx_word' id='word_1_276' title='bbox 1092 3001 1312 3064; x_wconf 87' lang='lat' dir='ltr'><strong>conlirmahant.</strong></span> <span class='ocrx_word' id='word_1_277' title='bbox 1354 3001 1418 3062; x_wconf 87' lang='lat' dir='ltr'><strong>lllis</strong></span> 
     </span>
     <span class='ocr_line' id='line_1_30' title="bbox 208 3099 1418 3183; baseline 0.002 -22"><span class='ocrx_word' id='word_1_278' title='bbox 208 3107 305 3162; x_wconf 91' lang='lat' dir='ltr'><strong>autem</strong></span> <span class='ocrx_word' id='word_1_279' title='bbox 327 3099 357 3159; x_wconf 92' lang='lat' dir='ltr'><strong>in</strong></span> <span class='ocrx_word' id='word_1_280' title='bbox 380 3099 540 3178; x_wconf 89' lang='lat' dir='ltr'><strong>deligendis</strong></span> <span class='ocrx_word' id='word_1_281' title='bbox 563 3109 593 3161; x_wconf 92' lang='lat' dir='ltr'><strong>et</strong></span> <span class='ocrx_word' id='word_1_282' title='bbox 613 3101 795 3181; x_wconf 79' lang='lat' dir='ltr'><strong>exponendis</strong></span> <span class='ocrx_word' id='word_1_283' title='bbox 815 3102 997 3181; x_wconf 83' lang='lat' dir='ltr'><strong>negarimon</strong></span> <span class='ocrx_word' id='word_1_284' title='bbox 1019 3113 1119 3183; x_wconf 87' lang='lat' dir='ltr'><strong>potest</strong></span> <span class='ocrx_word' id='word_1_285' title='bbox 1138 3103 1268 3182; x_wconf 86' lang='lat' dir='ltr'><strong>neglecta</strong></span> <span class='ocrx_word' id='word_1_286' title='bbox 1289 3121 1359 3164; x_wconf 89' lang='lat' dir='ltr'><strong>esse</strong></span> <span class='ocrx_word' id='word_1_287' title='bbox 1381 3102 1418 3163; x_wconf 92' lang='lat' dir='ltr'><strong>ab</strong></span> 
     </span>
     <span class='ocr_line' id='line_1_31' title="bbox 209 3203 1416 3285; baseline 0.002 -23"><span class='ocrx_word' id='word_1_288' title='bbox 209 3209 332 3280; x_wconf 87' lang='lat' dir='ltr'><strong>utraque</strong></span> <span class='ocrx_word' id='word_1_289' title='bbox 353 3212 445 3279; x_wconf 87' lang='lat' dir='ltr'><strong>parte,</strong></span> <span class='ocrx_word' id='word_1_290' title='bbox 469 3219 543 3280; x_wconf 83' lang='lat' dir='ltr'><strong>quae</strong></span> <span class='ocrx_word' id='word_1_291' title='bbox 565 3212 643 3263; x_wconf 91' lang='lat' dir='ltr'><strong>recte</strong></span> <span class='ocrx_word' id='word_1_292' title='bbox 664 3203 883 3283; x_wconf 87' lang='lat' dir='ltr'><strong>praecipiuntur</strong></span> <span class='ocrx_word' id='word_1_293' title='bbox 903 3223 919 3265; x_wconf 89' lang='lat' dir='ltr'><strong>a</strong></span> <span class='ocrx_word' id='word_1_294' title='bbox 940 3204 1079 3268; x_wconf 87' lang='lat' dir='ltr'><strong>Faustino</strong></span> <span class='ocrx_word' id='word_1_295' title='bbox 1101 3204 1272 3285; x_wconf 70' lang='lat' dir='ltr'><strong>presbytero</strong></span> <span class='ocrx_word' id='word_1_296' title='bbox 1294 3203 1337 3265; x_wconf 84' lang='lat' dir='ltr'><strong>lie</strong></span> <span class='ocrx_word' id='word_1_297' title='bbox 1360 3204 1416 3265; x_wconf 88' lang='lat' dir='ltr'><strong>tri·</strong></span> 
     </span>
     <span class='ocr_line' id='line_1_32' title="bbox 208 3298 1419 3388; baseline 0.004 -25"><span class='ocrx_word' id='word_1_298' title='bbox 208 3302 298 3364; x_wconf 87' lang='lat' dir='ltr'><strong>nitate</strong></span> <span class='ocrx_word' id='word_1_299' title='bbox 321 3320 347 3362; x_wconf 91' lang='lat' dir='ltr'><strong>s.</strong></span> <span class='ocrx_word' id='word_1_300' title='bbox 371 3302 407 3363; x_wconf 90' lang='lat' dir='ltr'><strong>de</strong></span> <span class='ocrx_word' id='word_1_301' title='bbox 429 3298 485 3363; x_wconf 91' lang='lat' dir='ltr'><strong>lide</strong></span> <span class='ocrx_word' id='word_1_302' title='bbox 507 3311 607 3364; x_wconf 90' lang='lat' dir='ltr'><strong>contra</strong></span> <span class='ocrx_word' id='word_1_303' title='bbox 630 3305 754 3365; x_wconf 72' lang='lat' dir='ltr'><strong>Arianos</strong></span> <span class='ocrx_word' id='word_1_304' title='bbox 775 3323 838 3384; x_wconf 86' lang='lat' dir='ltr'><strong>cap.</strong></span> <span class='ocrx_word' id='word_1_305' title='bbox 864 3310 891 3369; x_wconf 91' lang='lat' dir='ltr'><strong>i.</strong></span> <span class='ocrx_word' id='word_1_306' title='bbox 921 3306 1119 3388; x_wconf 81' lang='lat' dir='ltr'><strong>„Scripturas</strong></span> <span class='ocrx_word' id='word_1_307' title='bbox 1146 3308 1263 3369; x_wconf 82' lang='lat' dir='ltr'><strong>divinae</strong></span> <span class='ocrx_word' id='word_1_308' title='bbox 1290 3305 1328 3366; x_wconf 87' lang='lat' dir='ltr'><strong>ob</strong></span> <span class='ocrx_word' id='word_1_309' title='bbox 1360 3306 1419 3368; x_wconf 85' lang='lat' dir='ltr'><strong>luno</strong></span> 
     </span>
     <span class='ocr_line' id='line_1_33' title="bbox 209 3406 1417 3489; baseline 0.002 -23"><span class='ocrx_word' id='word_1_310' title='bbox 209 3406 302 3466; x_wconf 81' lang='lat' dir='ltr'><strong>editae</strong></span> <span class='ocrx_word' id='word_1_311' title='bbox 324 3416 405 3476; x_wconf 79' lang='lat' dir='ltr'><strong>soret,</strong></span> <span class='ocrx_word' id='word_1_312' title='bbox 428 3416 462 3466; x_wconf 88' lang='lat' dir='ltr'><strong>at</strong></span> <span class='ocrx_word' id='word_1_313' title='bbox 485 3407 647 3468; x_wconf 83' lang='lat' dir='ltr'><strong>secundam</strong></span> <span class='ocrx_word' id='word_1_314' title='bbox 672 3406 797 3468; x_wconf 82' lang='lat' dir='ltr'><strong>illarum</strong></span> <span class='ocrx_word' id='word_1_315' title='bbox 823 3426 943 3471; x_wconf 83' lang='lat' dir='ltr'><strong>sensam</strong></span> <span class='ocrx_word' id='word_1_316' title='bbox 970 3419 1108 3471; x_wconf 77' lang='lat' dir='ltr'><strong>suestram</strong></span> <span class='ocrx_word' id='word_1_317' title='bbox 1128 3409 1216 3489; x_wconf 82' lang='lat' dir='ltr'><strong>fidem</strong></span> <span class='ocrx_word' id='word_1_318' title='bbox 1238 3407 1417 3489; x_wconf 75' lang='lat' dir='ltr'><strong>dirigamur,</strong></span> 
     </span>
     <span class='ocr_line' id='line_1_34' title="bbox 209 3508 1415 3589; baseline 0.002 -22"><span class='ocrx_word' id='word_1_319' title='bbox 209 3524 270 3589; x_wconf 85' lang='lat' dir='ltr'><strong>non</strong></span> <span class='ocrx_word' id='word_1_320' title='bbox 291 3517 325 3568; x_wconf 86' lang='lat' dir='ltr'><strong>ut</strong></span> <span class='ocrx_word' id='word_1_321' title='bbox 346 3517 468 3568; x_wconf 76' lang='lat' dir='ltr'><strong>orostrae</strong></span> <span class='ocrx_word' id='word_1_322' title='bbox 485 3525 589 3569; x_wconf 81' lang='lat' dir='ltr'><strong>sensus</strong></span> <span class='ocrx_word' id='word_1_323' title='bbox 610 3508 735 3570; x_wconf 82' lang='lat' dir='ltr'><strong>illoram</strong></span> <span class='ocrx_word' id='word_1_324' title='bbox 749 3514 846 3571; x_wconf 74' lang='lat' dir='ltr'><strong>sacras</strong></span> <span class='ocrx_word' id='word_1_325' title='bbox 863 3510 1040 3573; x_wconf 80' lang='lat' dir='ltr'><strong>dirtiomhas</strong></span> <span class='ocrx_word' id='word_1_326' title='bbox 1063 3511 1264 3572; x_wconf 81' lang='lat' dir='ltr'><strong>inseramus.“</strong></span> <span class='ocrx_word' id='word_1_327' title='bbox 1304 3508 1344 3570; x_wconf 86' lang='lat' dir='ltr'><strong>Et</strong></span> <span class='ocrx_word' id='word_1_328' title='bbox 1365 3510 1415 3570; x_wconf 88' lang='lat' dir='ltr'><strong>in·</strong></span> 
     </span>
     <span class='ocr_line' id='line_1_35' title="bbox 180 3606 1417 3681; baseline 0.004 -14"><span class='ocrx_word' id='word_1_329' title='bbox 180 3676 183 3680; x_wconf 21' lang='lat'><strong>⁴</strong></span> <span class='ocrx_word' id='word_1_330' title='bbox 207 3607 316 3668; x_wconf 79' lang='lat' dir='ltr'><strong>leniore</strong></span> <span class='ocrx_word' id='word_1_331' title='bbox 336 3606 418 3666; x_wconf 89' lang='lat' dir='ltr'><strong>loco:</strong></span> <span class='ocrx_word' id='word_1_332' title='bbox 440 3606 478 3669; x_wconf 86' lang='lat' dir='ltr'><strong>ln</strong></span> <span class='ocrx_word' id='word_1_333' title='bbox 500 3610 608 3670; x_wconf 82' lang='lat' dir='ltr'><strong>diuinis</strong></span> <span class='ocrx_word' id='word_1_334' title='bbox 630 3611 750 3671; x_wconf 86' lang='lat' dir='ltr'><strong>vocibus</strong></span> <span class='ocrx_word' id='word_1_335' title='bbox 772 3629 835 3672; x_wconf 82' lang='lat' dir='ltr'><strong>non</strong></span> <span class='ocrx_word' id='word_1_336' title='bbox 856 3630 1000 3674; x_wconf 82' lang='lat' dir='ltr'><strong>numeros</strong></span> <span class='ocrx_word' id='word_1_337' title='bbox 1016 3617 1259 3681; x_wconf 84' lang='lat' dir='ltr'><strong>testimoniorum,</strong></span> <span class='ocrx_word' id='word_1_338' title='bbox 1283 3610 1336 3672; x_wconf 82' lang='lat' dir='ltr'><strong>scd</strong></span> <span class='ocrx_word' id='word_1_339' title='bbox 1356 3628 1417 3672; x_wconf 83' lang='lat' dir='ltr'><strong>aar·</strong></span> 
     </span>
     <span class='ocr_line' id='line_1_36' title="bbox 210 3711 1414 3792; baseline 0.003 -22"><span class='ocrx_word' id='word_1_340' title='bbox 210 3713 334 3771; x_wconf 86' lang='lat' dir='ltr'><strong>claritas</strong></span> <span class='ocrx_word' id='word_1_341' title='bbox 357 3711 537 3788; x_wconf 76' lang='lat' dir='ltr'><strong>requirenda</strong></span> <span class='ocrx_word' id='word_1_342' title='bbox 552 3720 604 3782; x_wconf 86' lang='lat' dir='ltr'><strong>est,</strong></span> <span class='ocrx_word' id='word_1_343' title='bbox 626 3730 700 3791; x_wconf 82' lang='lat' dir='ltr'><strong>puae</strong></span> <span class='ocrx_word' id='word_1_344' title='bbox 715 3713 820 3774; x_wconf 86' lang='lat' dir='ltr'><strong>idonea</strong></span> <span class='ocrx_word' id='word_1_345' title='bbox 841 3724 894 3783; x_wconf 84' lang='lat' dir='ltr'><strong>est,</strong></span> <span class='ocrx_word' id='word_1_346' title='bbox 918 3717 1006 3775; x_wconf 84' lang='lat' dir='ltr'><strong>etiam</strong></span> <span class='ocrx_word' id='word_1_347' title='bbox 1020 3719 1049 3775; x_wconf 85' lang='lat' dir='ltr'><strong>si</strong></span> <span class='ocrx_word' id='word_1_348' title='bbox 1060 3732 1122 3775; x_wconf 85' lang='lat' dir='ltr'><strong>una</strong></span> <span class='ocrx_word' id='word_1_349' title='bbox 1136 3732 1205 3775; x_wconf 84' lang='lat' dir='ltr'><strong>aare</strong></span> <span class='ocrx_word' id='word_1_350' title='bbox 1216 3711 1414 3792; x_wconf 74' lang='lat' dir='ltr'><strong>proseratur.</strong></span> 
     </span>
     <span class='ocr_line' id='line_1_37' title="bbox 201 3809 1412 3893; baseline 0.004 -24"><span class='ocrx_word' id='word_1_351' title='bbox 201 3809 306 3893; x_wconf 32' lang='lat' dir='ltr'><strong>&#39;briarii</strong></span> <span class='ocrx_word' id='word_1_352' title='bbox 327 3810 462 3889; x_wconf 87' lang='lat' dir='ltr'><strong>primum,</strong></span> <span class='ocrx_word' id='word_1_353' title='bbox 485 3810 552 3871; x_wconf 91' lang='lat' dir='ltr'><strong>dein</strong></span> <span class='ocrx_word' id='word_1_354' title='bbox 574 3812 662 3873; x_wconf 90' lang='lat' dir='ltr'><strong>etiam</strong></span> <span class='ocrx_word' id='word_1_355' title='bbox 682 3812 815 3874; x_wconf 91' lang='lat' dir='ltr'><strong>catholici</strong></span> <span class='ocrx_word' id='word_1_356' title='bbox 837 3814 1018 3876; x_wconf 87' lang='lat' dir='ltr'><strong>auctoritatis</strong></span> <span class='ocrx_word' id='word_1_357' title='bbox 1040 3834 1126 3876; x_wconf 87' lang='lat' dir='ltr'><strong>causa</strong></span> <span class='ocrx_word' id='word_1_358' title='bbox 1149 3812 1312 3875; x_wconf 88' lang='lat' dir='ltr'><strong>testimonia</strong></span> <span class='ocrx_word' id='word_1_359' title='bbox 1335 3812 1412 3874; x_wconf 87' lang='lat' dir='ltr'><strong>scri·</strong></span> 
     </span>
     <span class='ocr_line' id='line_1_38' title="bbox 208 3902 1460 3992; baseline 0.003 -21"><span class='ocrx_word' id='word_1_360' title='bbox 208 3920 312 3992; x_wconf 87' lang='lat' dir='ltr'><strong>pturae</strong></span> <span class='ocrx_word' id='word_1_361' title='bbox 339 3910 445 3989; x_wconf 89' lang='lat' dir='ltr'><strong>partim</strong></span> <span class='ocrx_word' id='word_1_362' title='bbox 480 3912 544 3973; x_wconf 86' lang='lat' dir='ltr'><strong>sine</strong></span> <span class='ocrx_word' id='word_1_363' title='bbox 576 3913 689 3976; x_wconf 85' lang='lat' dir='ltr'><strong>delectu</strong></span> <span class='ocrx_word' id='word_1_364' title='bbox 710 3914 829 3975; x_wconf 89' lang='lat' dir='ltr'><strong>collecta</strong></span> <span class='ocrx_word' id='word_1_365' title='bbox 860 3916 1083 3988; x_wconf 82' lang='lat' dir='ltr'><strong>coacervabant,</strong></span> <span class='ocrx_word' id='word_1_366' title='bbox 1117 3917 1156 3977; x_wconf 89' lang='lat' dir='ltr'><strong>ita</strong></span> <span class='ocrx_word' id='word_1_367' title='bbox 1184 3924 1215 3976; x_wconf 91' lang='lat' dir='ltr'><strong>ut</strong></span> <span class='ocrx_word' id='word_1_368' title='bbox 1242 3922 1411 3992; x_wconf 87' lang='lat' dir='ltr'><strong>argumenta</strong></span> <span class='ocrx_word' id='word_1_369' title='bbox 1457 3902 1460 3907; x_wconf 44' lang='lat'>¹</span> 
     </span>
     <span class='ocr_line' id='line_1_39' title="bbox 210 4012 1411 4096; baseline 0.002 -21"><span class='ocrx_word' id='word_1_370' title='bbox 210 4031 366 4075; x_wconf 83' lang='lat' dir='ltr'><strong>nunrurare</strong></span> <span class='ocrx_word' id='word_1_371' title='bbox 397 4012 495 4092; x_wconf 89' lang='lat' dir='ltr'><strong>potius</strong></span> <span class='ocrx_word' id='word_1_372' title='bbox 528 4032 613 4091; x_wconf 88' lang='lat' dir='ltr'><strong>qnam</strong></span> <span class='ocrx_word' id='word_1_373' title='bbox 646 4016 808 4094; x_wconf 89' lang='lat' dir='ltr'><strong>ponderare</strong></span> <span class='ocrx_word' id='word_1_374' title='bbox 841 4017 1023 4078; x_wconf 88' lang='lat' dir='ltr'><strong>riderentur:</strong></span> <span class='ocrx_word' id='word_1_375' title='bbox 1056 4036 1150 4096; x_wconf 81' lang='lat' dir='ltr'><strong>neque</strong></span> <span class='ocrx_word' id='word_1_376' title='bbox 1182 4017 1211 4077; x_wconf 90' lang='lat' dir='ltr'><strong>in</strong></span> <span class='ocrx_word' id='word_1_377' title='bbox 1243 4015 1411 4095; x_wconf 86' lang='lat' dir='ltr'><strong>explicanda</strong></span> 
     </span>
     <span class='ocr_line' id='line_1_40' title="bbox 209 4115 1412 4199; baseline 0.002 -23"><span class='ocrx_word' id='word_1_378' title='bbox 209 4116 354 4195; x_wconf 89' lang='lat' dir='ltr'><strong>scriptura</strong></span> <span class='ocrx_word' id='word_1_379' title='bbox 376 4133 449 4187; x_wconf 80' lang='lat' dir='ltr'><strong>eant,</strong></span> <span class='ocrx_word' id='word_1_380' title='bbox 472 4134 556 4193; x_wconf 78' lang='lat' dir='ltr'><strong>apuam</strong></span> <span class='ocrx_word' id='word_1_381' title='bbox 578 4115 634 4195; x_wconf 92' lang='lat' dir='ltr'><strong>ipsi</strong></span> <span class='ocrx_word' id='word_1_382' title='bbox 656 4116 805 4178; x_wconf 80' lang='lat' dir='ltr'><strong>obseruari</strong></span> <span class='ocrx_word' id='word_1_383' title='bbox 821 4118 969 4190; x_wconf 86' lang='lat' dir='ltr'><strong>iubebant,</strong></span> <span class='ocrx_word' id='word_1_384' title='bbox 990 4121 1118 4199; x_wconf 88' lang='lat' dir='ltr'><strong>regulam</strong></span> <span class='ocrx_word' id='word_1_385' title='bbox 1134 4137 1250 4198; x_wconf 86' lang='lat' dir='ltr'><strong>semper</strong></span> <span class='ocrx_word' id='word_1_386' title='bbox 1265 4118 1412 4191; x_wconf 79' lang='lat' dir='ltr'><strong>tenebant,</strong></span> 
     </span>
    </p>
   </div>
   <div class='ocr_carea' id='block_1_3' title="bbox 86 4214 1410 4300">
    <p class='ocr_par' dir='ltr' id='par_1_3' title="bbox 86 4214 1410 4300">
     <span class='ocr_line' id='line_1_41' title="bbox 86 4214 1410 4300; baseline 0.002 -23"><span class='ocrx_word' id='word_1_387' title='bbox 86 4236 94 4249; x_wconf 81' lang='lat'><strong><em>¹</em></strong></span> <span class='ocrx_word' id='word_1_388' title='bbox 209 4217 263 4279; x_wconf 89' lang='lat' dir='ltr'><strong>sed</strong></span> <span class='ocrx_word' id='word_1_389' title='bbox 290 4216 377 4278; x_wconf 85' lang='lat' dir='ltr'><strong>verba</strong></span> <span class='ocrx_word' id='word_1_390' title='bbox 405 4214 529 4277; x_wconf 88' lang='lat' dir='ltr'><strong>subinde</strong></span> <span class='ocrx_word' id='word_1_391' title='bbox 556 4217 591 4276; x_wconf 91' lang='lat' dir='ltr'><strong>ad</strong></span> <span class='ocrx_word' id='word_1_392' title='bbox 619 4236 701 4279; x_wconf 90' lang='lat' dir='ltr'><strong>snam</strong></span> <span class='ocrx_word' id='word_1_393' title='bbox 735 4220 909 4281; x_wconf 80' lang='lat' dir='ltr'><strong>senitentiam</strong></span> <span class='ocrx_word' id='word_1_394' title='bbox 937 4220 1168 4300; x_wconf 85' lang='lat' dir='ltr'><strong>contorquebant</strong></span> <span class='ocrx_word' id='word_1_395' title='bbox 1194 4229 1279 4296; x_wconf 75' lang='lat' dir='ltr'><strong>atrpue</strong></span> <span class='ocrx_word' id='word_1_396' title='bbox 1307 4219 1349 4281; x_wconf 91' lang='lat' dir='ltr'><strong>ita</strong></span> <span class='ocrx_word' id='word_1_397' title='bbox 1374 4218 1410 4280; x_wconf 89' lang='lat' dir='ltr'><strong>ad</strong></span> 
     </span>
    </p>
   </div>
   <div class='ocr_carea' id='block_1_4' title="bbox 210 4316 1410 4402">
    <p class='ocr_par' dir='ltr' id='par_1_4' title="bbox 210 4316 1410 4402">
     <span class='ocr_line' id='line_1_42' title="bbox 210 4316 1410 4402; baseline 0.003 -25"><span class='ocrx_word' id='word_1_398' title='bbox 210 4316 344 4397; x_wconf 83' lang='lat' dir='ltr'><strong>dogmata</strong></span> <span class='ocrx_word' id='word_1_399' title='bbox 378 4316 527 4399; x_wconf 86' lang='lat' dir='ltr'><strong>probanda</strong></span> <span class='ocrx_word' id='word_1_400' title='bbox 560 4317 743 4381; x_wconf 88' lang='lat' dir='ltr'><strong>adhibebant.</strong></span> <span class='ocrx_word' id='word_1_401' title='bbox 798 4321 988 4385; x_wconf 75' lang='lat' dir='ltr'><strong>Athanasium</strong></span> <span class='ocrx_word' id='word_1_402' title='bbox 1021 4341 1136 4402; x_wconf 83' lang='lat' dir='ltr'><strong>quoque</strong></span> <span class='ocrx_word' id='word_1_403' title='bbox 1172 4321 1234 4383; x_wconf 84' lang='lat' dir='ltr'><strong>cius</strong></span> <span class='ocrx_word' id='word_1_404' title='bbox 1261 4319 1322 4381; x_wconf 82' lang='lat' dir='ltr'><strong>uitii</strong></span> <span class='ocrx_word' id='word_1_405' title='bbox 1350 4336 1410 4382; x_wconf 91' lang='lat' dir='ltr'><strong>non</strong></span> 
     </span>
    </p>
   </div>
   <div class='ocr_carea' id='block_1_5' title="bbox 0 0 1479 5092">
    <p class='ocr_par' dir='ltr' id='par_1_5' title="bbox 0 0 1479 5092">
     <span class='ocr_line' id='line_1_43' title="bbox 0 0 1479 5092; baseline 0 0"><span class='ocrx_word' id='word_1_406' title='bbox 0 0 1479 5092; x_wconf 95' lang='lat' dir='ltr'><strong> </strong></span> 
     </span>
    </p>
   </div>
  </div>
 </body>
</html>
