2948 5092
517 229 627 275 omnm
644 231 682 274 rv.
700 231 814 273 conane
829 202 966 277 unumst·
1265 216 1325 279 641

436 290 460 335 ι.

103 403 230 466 quoque
251 382 344 458 filins,
376 380 422 444 vel
448 381 547 460 potins
574 381 641 460 ipse
667 399 755 442 verus
782 380 823 443 sit
844 380 934 443 Filius
964 399 1088 442 neeesse
1118 382 1238 443 omnino
1273 391 1413 458 estnon.

103 496 235 570 propter
255 502 343 567 quem
365 483 475 545 scilieet
496 483 544 544 alii
567 482 618 543 lilii
642 483 816 543 efficiuntur.
1439 492 1441 497 ’

194 592 248 653 m.
293 586 469 666 Ceteroquin
492 585 518 645 si
540 585 588 645 ille
610 603 671 645 non
694 584 733 645 sit
754 584 910 667 filinsffiet
932 603 988 645 nos
1010 585 1061 646 lilii
1084 604 1205 659 sumus,
1228 587 1329 666 utique

104 710 169 754 non
193 690 272 752 illins
293 688 346 751 sed
369 687 465 750 nostri
485 694 570 766 pater
590 686 647 747 erit
668 686 756 749 [leus.
800 685 858 746 Gur
880 704 950 764 ergo
973 686 1002 747 id
1025 687 1081 748 sibi
1105 695 1242 767 tanquam
1256 702 1414 769 pro-anu.

105 792 209 874 prium
236 792 285 854 bis
312 789 409 851 verbis
439 788 587 850 vendicat:
617 787 711 849 Pater
736 806 819 850 meus
841 794 871 848 et
893 784 953 866 Ep'o
977 807 1014 850 eu
1034 787 1152 851 Putre?
1196 790 1226 852 Si
1250 791 1328 854 enim

106 893 277 958 eommunis
299 892 430 954 omnium
450 900 535 972 pater
557 887 707 963 est,'non
736 876 800 951 eiu's
823 888 915 950 solius
938 897 983 950 est
1004 898 1101 968 pater,
1131 910 1225 970 neque
1247 893 1330 955 solus

105 996 159 1060 ille
181 1015 218 1058 ex
239 995 325 1056 Patre
347 991 445 1054 exivit.
498 990 648 1052 Interdum
671 997 767 1051 autem
790 997 927 1051 nostrum
950 990 1036 1052 etiam
1058 999 1170 1072 patrem
1193 993 1251 1055 diui
1273 994 1329 1055 do-

106 1108 166 1174 eet,
189 1098 229 1161 ob
252 1115 336 1158 suam
358 1095 470 1158 scilicet
491 1113 557 1155 cum
573 1102 676 1154 nostra
691 1111 778 1154 earne
794 1093 1042 1154 communionem.
1073 1094 1144 1155 ldeo
1161 1095 1239 1157 enim
1255 1095 1330 1155 Ver-

105 1202 181 1264 bum
203 1218 272 1262 earo
294 1200 401 1260 lactum
425 1205 486 1270 est,
521 1204 552 1256 ut
572 1194 712 1274 quoniam
729 1194 861 1281 Verbum
884 1204 930 1256 est
951 1195 1058 1269 Filius,
1081 1205 1204 1276 propter
1224 1197 1330 1259 Filium

103 1301 252 1367 innubis
280 1300 459 1362 habitantem
490 1307 593 1360 noster
615 1316 733 1376 quoque
754 1306 838 1377 pater
859 1297 1063 1378 appellaretur.
1107 1298 1196 1373 Nam,
1226 1299 1330 1378 inquit,

103 1409 191 1469 misit
213 1401 371 1484 Spiritum·
386 1400 458 1463 Frui
476 1403 529 1463 rui
545 1401 580 1461 iu
601 1399 694 1461 eorda
715 1412 825 1464 nostru
849 1394 1119 1463 clamantem'dbbu
1135 1400 1235 1463 Pater.
1269 1400 1329 1462 ltn-

104 1525 166 1588 qne
186 1504 289 1578 Filius,
312 1501 362 1582 qui
384 1501 414 1562 in
436 1493 525 1599 n'ob’p¹
546 1500 777 1601 estsslpropripm
800 1518 888 1561 suum
903 1499 1019 1562 Patrem
1034 1500 1174 1562 invocans
1196 1504 1329 1563 nostrum

106 1608 198 1671 mam
219 1614 331 1686 patrem
355 1623 371 1664 a
392 1601 480 1665 nobis
502 1594 642 1682 appellari
664 1600 806 1663 concedit.
851 1602 1056 1664 Verumtamen
1072 1603 1102 1663 in
1119 1621 1244 1681 quorum
1260 1620 1329 1666 uor-

105 1707 311 1773 rlibus=Filius
333 1724 393 1768 non
416 1713 472 1777 est,
491 1723 551 1766 nee
571 1701 659 1765 eliam
682 1704 759 1765 Dens
783 1722 886 1766 eorum
909 1712 993 1784 pater
1015 1704 1071 1766 dici
1094 1712 1203 1783 potest.
1239 1704 1331 1782 igitur

104 1810 247 1874 tiburno
269 1816 392 1888 propter
412 1806 540 1868 Verbum
562 1803 652 1866 Filius
675 1805 797 1878 dicitur,
826 1825 892 1868 cum
915 1815 1047 1880 veteres,
1078 1815 1233 1885 antequam
1256 1806 1329 1868 Ver-

102 1910 177 1975 bum
199 1911 358 1973 humanam
373 1907 567 1970 assumsisset
587 1914 732 1980 naluram,
754 1906 807 1969 filii
829 1909 890 1968 sint
904 1908 1049 1988 appellati,
1071 1909 1192 1969 omnino
1208 1927 1329 1970 neeesse

103 2020 153 2077 est
174 2012 304 2074 Verbum
326 2009 412 2072 etiam
435 2018 502 2071 ante
525 2027 612 2070 sunm
634 2009 789 2070 adventum
812 2008 918 2071 Filium
939 2010 1043 2072 inisse.
1087 2010 1163 2072 Hine
1185 2010 1232 2071 illa
1248 2010 1329 2072 Seri-

101 2123 213 2197 ptnrae
233 2113 337 2176 verba:
367 2111 460 2174 Filios
482 2114 586 2192 penui,
615 2120 643 2172 et
665 2110 696 2171 in
717 2109 842 2173 historia
864 2111 945 2173 Noe:
971 2112 1105 2176 Videntur
1128 2113 1189 2193 filii
1208 2113 1278 2184 Dei,
1303 2121 1331 2174 et

103 2216 136 2281 in
159 2214 297 2280 Cantieo:
326 2214 478 2296 Numquid
505 2232 566 2276 nou
586 2216 651 2293 ipse
674 2224 718 2274 eet
735 2225 829 2294 pater
850 2213 946 2277 tuus?
987 2215 1058 2276 Erat
1086 2233 1156 2293 ergo
1186 2223 1215 2274 et
1238 2233 1325 2275 verns

101 2317 211 2392 Filius,
232 2326 356 2397 propter
377 2335 465 2394 quem
487 2315 528 2376 illi
548 2314 601 2376 lilii
622 2314 768 2376 dicuntur.
814 2315 901 2387 Quod
929 2316 955 2398 si
977 2317 1138 2378 seeundum
1161 2316 1227 2378 illos
1250 2335 1323 2379 neu-

103 2429 184 2485 unm
207 2419 315 2480 borum
337 2426 384 2481 est
405 2417 514 2489 Filius,
537 2416 589 2477 sed
612 2416 768 2479 amborum
789 2435 954 2497 congressu
976 2419 1182 2490 constituitur,
1205 2437 1328 2480 neeesse

104 2522 229 2585 omnino
259 2529 305 2581 est
331 2529 467 2580 neutrum
491 2537 559 2579 esse
581 2514 764 2609 Filium-,lid
790 2525 838 2578 est
863 2536 919 2580 nec
941 2517 1068 2580 Verbum
1096 2537 1152 2579 nee
1179 2519 1330 2580 huminem

102 2622 213 2686 Filium
241 2640 323 2693 esse,
352 2621 406 2682 sed
434 2619 580 2699 quandam
609 2610 877 2713 oausam'prupter
906 2638 992 2698 quam
1022 2620 1148 2700 copulati
1178 2629 1264 2694 sunt3
1297 2639 1331 2682 ac

103 2724 234 2808 proinde
255 2742 342 2785 causa
365 2722 429 2795 illa,
459 2741 533 2801 quae
556 2719 661 2782 Filium
685 2719 789 2794 efficit,
820 2720 1006 2800 copulatione
1036 2722 1119 2801 prior
1142 2722 1207 2782 erit.
1251 2721 1329 2799 Ergo
1415 2772 1419 2779 .

105 2846 142 2891 ex
162 2828 224 2889 boe
245 2825 314 2886 item
336 2843 483 2904 responso
507 2823 652 2902 sequitur,
676 2822 780 2884 Filium
796 2831 864 2884 ante
884 2842 1002 2885 carnem
1017 2823 1178 2885 exstitisse.
1222 2823 1328 2885 Verum

104 2928 153 2991 bis
174 2929 217 2990 ita
240 2925 449 2988 demonstratis
472 2925 549 2986 aliud
572 2919 718 3004 quaerunt
739 2924 896 3005 effugium3
917 2944 1023 3007 nempe
1044 2925 1142 3000 aiunt,
1167 2945 1248 3000 „non
1271 2927 1328 2987 bo-

107 3030 249 3106 ‚,minem
269 3028 377 3090 Filium
399 3046 479 3098 esse,
503 3045 598 3105 neque
621 3035 777 3105 utrumque
800 3026 896 3101 simul,
921 3029 974 3090 sed
997 3027 1134 3100 Verbum,
1158 3027 1237 3106 quod
1259 3027 1327 3106 qni·

106 3132 202 3207 „dem
224 3131 254 3192 in
276 3130 422 3211 principio
445 3129 499 3191 luit
521 3129 662 3190 duntaxat
684 3127 822 3202 Verbum,
845 3148 910 3190 eum
932 3137 1029 3191 autem
1052 3128 1142 3190 bomo
1165 3130 1258 3189 laetus
1274 3136 1328 3201 est,

105 3241 207 3307 „tuno
227 3232 318 3294 Filius
341 3240 387 3294 est
408 3231 589 3292 nominatus
608 3198 707 3289 *Nam
722 3236 876 3309 antequam
899 3231 1076 3304 advenisset,
1100 3229 1244 3309 inquiunt,
1269 3248 1334 3291 non

107 3341 199 3410 „erat
226 3333 335 3407 Filius,
365 3333 418 3394 sed
448 3330 649 3392 tantummodo
673 3330 818 3405 Verbum3
847 3350 881 3392 ae
907 3332 1089 3411 proinde‘ul
1110 3331 1237 3392 Verbum
1260 3350 1327 3391 earo

106 3438 243 3512 „lactum
267 3443 321 3505 est,
345 3452 409 3494 cum
432 3441 516 3495 antea
539 3451 606 3493 earo
630 3451 690 3493 non
707 3426 809 3507 bosel,
832 3432 870 3493 ita
892 3433 1020 3494 Verbum
1042 3429 1249 3495 Filius'laetns
1272 3441 1327 3506 est,

107 3557 201 3611 „oum
223 3536 306 3616 prius
328 3535 420 3596 Filius
442 3554 503 3595 non
526 3540 637 3596 esset.u
681 3534 743 3597 Hae
765 3535 883 3598 illorum
907 3548 976 3598 eunt
1002 3536 1147 3616 ineptiae,
1182 3555 1254 3615 quas
1276 3554 1326 3597 re-

106 3630 202 3701 lutare
224 3637 302 3698 baud
325 3645 371 3698 est
392 3636 518 3697 difficile.
1362 3642 1364 3644 ·

147 3788 161 3817 .,
191 3742 244 3804 23.
287 3739 360 3800 Nam
388 3738 413 3800 si
441 3738 568 3799 Verbum
598 3739 723 3800 burnann
753 3746 870 3819 accepta
898 3749 1002 3801 natura
1031 3739 1121 3801 Filius
1150 3746 1197 3800 est
1223 3739 1326 3809 lactus,

105 3842 196 3922 igitur
217 3849 339 3917 naturae
366 3840 510 3901 humanae
538 3841 685 3937 apsumtip
709 3858 796 3903 causa
825 3843 889 3902 eius
918 3842 962 3902 rei
991 3849 1047 3903 est.
1093 3841 1281 3920 Quapropter
1302 3838 1328 3899 si

101 3926 196 4004 bomo
220 3960 307 4002 eausa
331 3949 376 4002 est
398 3960 450 4002 cur
471 3940 598 4001 Verbum
623 3941 661 4001 sit
675 3941 776 4014 Filius,
799 3942 843 4002 vel
867 3951 1031 4022 utrumque,
1055 3943 1156 4003 eadem
1180 3949 1257 4001 certe
1273 3938 1326 4000 ab·

105 4045 196 4106 surda
219 4052 384 4105 occurrent.
427 4042 556 4117 Deinde,
584 4044 609 4104 si
637 4043 721 4122 prius
749 4042 876 4106 Verbum
905 4057 965 4118 est,
995 4053 1025 4105 et
1050 4042 1201 4125 posterius
1224 4040 1326 4111 Filius,

101 4207 129 4251 Ι
144 4199 238 4261 Anglie.
265 4240 275 4249 ..
780 4200 796 4247 l.
815 4196 906 4260 Anglie.
924 4192 955 4246 ἐν
972 4187 1051 4263 ἀρχῇ.

119 4267 161 4316 .d.
181 4268 269 4329 Regius
293 4273 316 4314 et
341 4264 439 4327 Segner.
460 4259 489 4313 δέ
506 4265 608 4325 addunt,
627 4265 690 4329 quod
777 4281 798 4327 g.
818 4267 843 4315 ld
863 4276 913 4315 est:
932 4268 965 4315 rel
986 4283 1005 4315 οι
1018 4267 1117 4315 Verbum
1132 4260 1202 4310 sirnnl
1215 4268 1238 4308 et
1247 4260 1328 4319 borno,

102 4336 145 4387 atii
164 4344 190 4386 et
208 4335 265 4384 editi
284 4333 403 4383 omittunt.
741 4333 790 4383 sire
814 4336 949 4384 coniunctio
968 4335 1036 4384 Verbi
1056 4349 1109 4382 cum
1129 4330 1237 4389 bomine,
1256 4343 1328 4377 eausa

136 4419 158 4453 e.
177 4404 267 4465 Regius
292 4410 315 4450 et
333 4403 470 4465 Segnerian.
489 4395 534 4448 καὶ
550 4392 626 4449 κατά.
662 4400 688 4450 ln
742 4411 778 4452 est
798 4418 840 4452 ene
859 4404 959 4452 Verbum
979 4403 1010 4452 sit
1029 4402 1111 4450 tilios.

101 4473 158 4525 eliis
171 4480 197 4521 et
214 4471 286 4522 editis
302 4464 350 4516 καί
365 4469 440 4520 deest
774 4470 797 4519 b.
815 4470 887 4520 Bmil.
906 4479 930 4520 et
945 4471 1036 4534 anglie.
1052 4462 1101 4517 καί
1118 4466 1235 4517 omittunt.

134 4564 269 4603 urrunnun
279 4567 331 4602 ore.
343 4567 414 4600 noar.
429 4568 492 4603 su..
1092 4551 1123 4605 41
