2948 5092
521 264 631 311 anano
646 265 688 310 nr.
705 265 821 312 coam
835 266 971 315 amnes.
1274 257 1339 323 547

109 432 224 496 corpus
256 421 380 496 propter
410 415 518 496 ipsum.
562 416 670 478 Verum
702 424 765 479 tota
790 417 907 481 iudaice
935 429 983 482 est
1009 421 1156 484 eiusmodi
1178 424 1427 489 sententiantes.

109 519 149 579 At
170 517 198 579 si
220 515 349 579 Verbum
371 517 465 589 venit,
495 525 528 578 ut
548 517 702 579 hominum
730 536 825 598 geram
847 519 1023 594 redimeret,
1051 532 1139 602 atque
1160 533 1195 586 ut
1216 534 1338 587 sanctes

109 619 181 681 ilios
210 626 241 680 et
267 619 385 682 divinos
418 617 574 692 redderet,
606 637 675 681 caro
707 620 816 684 lactum
842 631 890 683 est
916 622 1017 696 (buius
1047 625 1125 686 enim
1154 626 1246 705 gratia
1269 643 1338 689 caro

103 723 224 782 baum
250 728 325 798 est),
353 720 400 783 cui
430 720 563 782 nondum
585 720 768 799 exploratum
791 731 852 791 ost,
875 741 926 795 ea,
955 736 1117 804 quaecum
1141 745 1209 788 caro
1230 728 1339 790 iactum

111 832 177 896 est,
199 841 234 885 se
254 822 405 902 accepisse
427 829 568 894 testatur,
591 841 652 883 non
673 831 798 902 propter
819 825 969 904 teipsum,
999 826 1053 886 sed
1074 836 1198 907 propter
1219 845 1339 891 caruem

111 944 148 987 se
170 923 321 1005 accepisse
343 922 534 1002 significare?
556 923 707 1003 Siquidem
728 924 839 1003 gratiae
859 943 915 1006 per
935 923 1033 1006 ipsum
1054 946 1071 989 a
1093 928 1179 991 Patre
1201 928 1286 992 datae
1301 930 1339 992 ad

111 1027 194 1088 iilam
215 1025 404 1106 pertinebant
433 1043 566 1098 earnem,
595 1026 626 1086 in
653 1043 710 1104 qua
731 1024 779 1089 iile
800 1026 867 1105 ipse
889 1036 966 1100 erat,
995 1027 1046 1107 qui
1073 1029 1130 1091 ista
1151 1029 1337 1109 loquebatur.

110 1126 273 1189 Videamus
295 1135 393 1188 autem
416 1145 559 1206 quaenam
581 1127 715 1206 petebat,
738 1134 768 1188 et
789 1146 865 1207 quae
886 1128 1004 1198 tandem
1026 1129 1075 1190 ilia
1096 1140 1183 1203 sunt,
1206 1149 1281 1210 quae
1304 1149 1338 1193 se
1408 1127 1411 1132 '

111 1228 268 1309 accepisse
295 1227 382 1301 dixit,
411 1238 445 1289 ut
465 1229 569 1290 saitem
591 1228 630 1289 ita
653 1227 693 1289 iili
715 1228 901 1291 erubescant.
945 1229 1075 1292 Gloriam
1098 1231 1188 1310 igitur
1208 1231 1337 1312 petebat,

111 1329 286 1409 aiebatque:
322 1329 430 1392 Omnia
450 1330 526 1391 miii
546 1331 661 1392 tradito
683 1339 768 1400 svnt,
798 1339 972 1409 postauam
995 1330 1338 1395 itemresurreetioaem

112 1451 147 1493 se
169 1449 290 1493 omnem
313 1431 465 1511 accepisse
486 1439 664 1510 potestatem
688 1430 822 1493 aiiirmat.
866 1432 953 1512 Atqui
975 1440 1130 1512 antequam
1153 1434 1240 1496 dixit:
1266 1436 1340 1496 Om-
1416 1470 1423 1477 ·

111 1538 166 1595 ssia
188 1532 264 1595 stilti
284 1534 398 1617 tradito
420 1545 508 1603 suat,
532 1532 665 1593 omnium
687 1539 749 1594 erat
769 1532 924 1607 dominus3
946 1534 1057 1614 quippe
1076 1552 1142 1597 cum
1165 1536 1265 1597 omnia
1286 1553 1341 1615 per

112 1636 214 1715 ipsum
237 1634 312 1695 iacta
335 1634 404 1707 sint,
427 1642 458 1694 et
479 1652 556 1696 unus
580 1643 660 1695 esset
682 1633 835 1707 dominus,
858 1653 1021 1715 perquem
1045 1637 1153 1698 omnia.
1198 1636 1340 1699 Similiter

113 1752 183 1798 enm
215 1735 339 1815 gloriam
372 1734 552 1814 postularet,
585 1735 723 1798 dominus
753 1735 855 1813 utique
876 1735 995 1813 gloriae
1017 1746 1047 1798 et
1068 1746 1132 1799 erat
1152 1746 1183 1799 et
1204 1747 1267 1812 est,
1294 1737 1340 1800 uti
1376 1783 1394 1808 .,

111 1836 224 1898 huius
251 1844 392 1898 testatur:
429 1836 467 1897 Si
492 1841 571 1898 enim
601 1839 826 1916 copperissent,
860 1856 1020 1918 numquam
1048 1840 1202 1901 dominum
1223 1838 1340 1918 pierias

112 1937 352 2018 mcifiarissent.
396 1937 529 1999 ilabebat
559 1938 705 2016 siquidem
734 1955 822 2017 quam
850 1937 1022 1999 huiusmodi
1054 1940 1198 2018 poscebat
1223 1939 1339 2026 verbis:

114 2038 225 2101 Giorid
247 2057 336 2121 qaum
359 2039 458 2108 bodasi,
480 2044 660 2120 priusquam
682 2039 812 2100 mundas
835 2048 923 2110 esset,
945 2041 1027 2118 opud
1048 2051 1087 2103 te.

198 2143 252 2204 40.
297 2141 477 2202 Potestatem
500 2140 620 2219 pariter,
642 2157 730 2218 quam
744 2147 817 2218 post
830 2140 1079 2202 resurrectionem
1094 2141 1245 2219 accepisse
1260 2141 1340 2215 dicit,

112 2240 217 2304 babvait
244 2241 333 2303 eiiam
361 2243 532 2321 priusquam
562 2260 625 2303 eam
655 2240 801 2320 acciperet
828 2258 970 2319 suamque
991 2250 1059 2303 ante
1080 2242 1341 2310 resurrectionem.

112 2341 231 2405 Etenim
254 2342 320 2424 ipse
341 2343 549 2422 perseipsum
573 2342 712 2403 Sannum
734 2340 779 2402 sic
800 2340 984 2420 increpabat:
1020 2341 1130 2404 Recede
1153 2362 1171 2404 o
1192 2346 1264 2415 me,
1282 2342 1342 2406 Ss-
1441 2386 1446 2399 .

111 2455 205 2517 tom
239 2445 303 2507 suis
331 2445 401 2506 item
424 2443 578 2522 discipulis
600 2450 778 2522 potestatem
800 2441 942 2503 adversm
965 2441 1047 2503 iilum
1069 2443 1165 2514 dedit,
1194 2461 1259 2506 cum
1283 2442 1431 2509 illisam

112 2547 246 2608 reversis
268 2546 322 2608 ait:
349 2545 485 2609 Videbam
500 2546 646 2607 Sotonom
661 2548 740 2606 sitast
760 2543 871 2623 sulpur
885 2544 921 2605 de
937 2543 1017 2605 coeio
1035 2545 1196 2608 cadentem.
1230 2544 1340 2606 ilerum

111 2650 223 2712 iterum
245 2648 426 2719 ostenditur,
453 2647 540 2714 iliud,
571 2646 650 2724 quod
673 2644 825 2724 accepisse
846 2643 933 2715 dicit,
964 2643 1051 2704 etiam
1067 2624 1216 2705 'habuisse
1237 2645 1342 2725 prius·-

114 2769 205 2832 quaur
228 2749 384 2829 acciperet.
417 2749 568 2828 Siquidem
592 2747 753 2808 daemones
775 2745 912 2824 abigebat
927 2752 957 2805 et
971 2762 1046 2822 quae
1061 2744 1202 2822 ligaverat
1216 2744 1342 2806 Satanas

112 2853 182 2933 ipse
205 2850 347 2922 solvebat,
370 2860 404 2912 ut
424 2859 506 2931 patet
528 2850 557 2909 in
580 2848 627 2908 iiia
649 2847 784 2908 Abrabae
806 2845 875 2907 iilia.
918 2845 1039 2906 Peccata
1062 2845 1131 2906 item
1154 2845 1341 2917 condonavit,

115 2972 185 3016 mam
206 2952 369 3033 Paraiytieo
392 2961 422 3013 et
443 2951 570 3040 mulieri,
594 2968 669 3028 quae
684 2948 780 3028 ipsius
796 2946 879 3009 unxit
900 2944 1002 3025 pedes,
1025 2945 1112 3006 dixit:
1135 2945 1344 3008 Remittentur

115 3057 174 3118 tibi
191 3066 326 3136 peccota.
372 3053 497 3114 blortuis
519 3060 673 3130 praeterea
696 3050 784 3110 vitam
813 3047 958 3120 reddidit,
987 3045 1142 3126 visumque
1163 3065 1250 3108 caeco
1273 3053 1342 3108 nato

113 3155 257 3218 restituit.
313 3155 395 3227 Quae
427 3153 546 3232 quidem
580 3151 678 3212 omnia
711 3149 825 3221 eiieoit,
858 3166 920 3209 nou
953 3147 1151 3228 praestolatus
1183 3147 1279 3209 donec
1308 3165 1344 3209 ea

113 3256 222 3338 agendi
244 3257 393 3335 acciperet
413 3263 602 3335 potestatem,
626 3252 679 3313 sed
701 3259 734 3313 ut
755 3250 926 3312 huiusmodi
941 3257 1089 3330 potestate
1105 3249 1163 3309 iam
1178 3248 1342 3326 praeditus.

112 3357 157 3420 Ex
179 3355 288 3436 quibus
311 3355 469 3418 dilucidum
493 3363 555 3426 est,
586 3371 661 3433 quae
684 3361 717 3414 ut
739 3351 866 3414 Verbum
896 3349 1013 3420 babuit,
1045 3349 1147 3410 eadent
1178 3358 1208 3410 et
1235 3349 1345 3411 iactum

112 3458 269 3520 bominem
291 3465 322 3518 et
343 3466 501 3538 postquam
525 3455 630 3517 revixit
651 3473 685 3516 se
706 3454 857 3534 accepisse
879 3452 993 3526 diecre3
1023 3468 1130 3530 nempe
1153 3459 1184 3512 ut
1204 3451 1344 3512 homines

112 3561 145 3621 in
168 3558 257 3620 terris
280 3559 398 3638 quidem
421 3567 558 3637 tanquam
589 3556 705 3618 divinae
727 3565 849 3617 naturae
870 3553 1029 3633 participes
1050 3551 1224 3631 peripsum
1247 3550 1344 3613 elietti

148 3747 173 3794 d.
192 3745 233 3794 Sic
250 3746 306 3806 iles.
327 3745 348 3794 i.
368 3745 466 3806 Sequar.
486 3742 704 3794 Goisimtieleim.
755 3732 842 3804 γυνὴ,
867 3730 1010 3802 ἀφέωνται
1028 3729 1100 3802 epu.
1136 3736 1227 3785 ibidem
1246 3736 1303 3798 iteg.
1323 3735 1346 3784 i.

115 3815 139 3863 l.
175 3817 204 3862 lt
230 3813 271 3862 aiii
298 3823 322 3861 et
348 3812 404 3861 editi
432 3807 478 3859 καὶ
505 3805 541 3862 uis·
567 3803 707 3859 innotis
757 3809 856 3868 Sequer,
880 3818 931 3853 σου
954 3798 984 3852 αἱ
1007 3797 1148 3870 ἁμαρτίαι.
1183 3804 1228 3851 itii
1246 3812 1271 3851 st
1288 3801 1347 3851 editi

112 3892 212 3946 φησιν.
758 3885 803 3921 σοι
821 3865 852 3920 ov‘
868 3883 914 3923 etc.
950 3873 1001 3921 ilex
1026 3872 1124 3922 Gobler.
1148 3878 1171 3919 et
1198 3869 1301 3926 feleim.
1322 3867 1346 3917 l.

149 3965 172 3999 e.
192 3948 232 3996 Sic
251 3946 341 4008 licei.
360 3947 459 4008 Seguer.
479 3945 548 3995 Gobl.
567 3943 705 3993 etieieitm.
757 3936 863 4006 τυφλοῦ
891 3933 941 3998 τὴν
964 3933 1070 4005 ὅρασιν.
1108 3939 1198 3986 ibidem
1217 3936 1303 3999 Regius
1321 3933 1347 3983 2.

113 4018 139 4066 i.
176 4016 205 4064 lt
228 4014 270 4063 aiii
294 4023 318 4064 et
337 4015 411 4064 editio
431 4014 574 4064 Commeiin.
593 4012 707 4060 omittunt
757 4008 831 4060 iiasii,
849 4017 873 4057 et
889 4007 995 4057 Feleim.
1013 4008 1037 4055 5.
1055 3997 1238 4064 henacensi.

113 4082 154 4148 τῷ
172 4080 295 4144 Σατανᾷ.
792 4077 807 4124 i.
826 4076 858 4123 lie
877 4112 883 4125 .
900 4076 922 4123 i.
940 4076 1039 4136 Segusa.
1058 4072 1155 4123 Gobler.
1173 4068 1310 4120 civetates.
1322 4068 1346 4117 i.

149 4152 168 4201 l.
192 4150 289 4201 Gobler.
309 4157 333 4198 et
350 4148 454 4198 Felclm.
472 4148 493 4197 i.
512 4136 578 4194 ἀλλὰ
596 4136 685 4192 πάλιν.
757 4133 789 4191 ab
807 4137 843 4208 pt
873 4155 921 4191 aar.
956 4141 1035 4190 Ceteri
1063 4148 1086 4189 et
1112 4138 1170 4188 edili
1196 4127 1229 4183 osi
1245 4130 1346 4212 μένων.

148 4234 171 4281 3.
192 4219 225 4267 iie
242 4217 282 4266 .i.
301 4217 401 4278 Sequar.
420 4215 517 4265 Gobier.
529 4224 553 4263 et
565 4213 669 4262 Feiclm.
684 4211 704 4260 l.
756 4210 809 4260 lior
827 4211 883 4272 iieq.
900 4210 922 4259 i.
940 4216 964 4258 et
981 4208 1120 4269 Sequoriaa.
1138 4196 1175 4258 ais
1190 4196 1219 4252 bt
1237 4215 1344 4251 τουτου.

112 4277 185 4349 ὅπερ
202 4231 306 4344 idaeo.
340 4284 386 4333 tiit
404 4298 459 4332 vero
478 4290 502 4331 et
520 4282 576 4331 editi
594 4264 707 4345 ἅπερῆν
756 4277 802 4328 aiii
820 4277 926 4342 aditique
944 4267 981 4329 ὥς
997 4267 1026 4323 ἐκ
1045 4268 1160 4321 τούτων.
1290 4325 1304 4346 -.

112 4347 208 4412 dicos.
245 4352 337 4401 ibidem
364 4359 466 4413 uterque
490 4351 546 4410 iteg.
564 4357 587 4398 et
605 4350 705 4410 Sequer.
792 4347 814 4395 k.
834 4345 889 4405 neg.
909 4345 931 4394 i.
950 4352 974 4394 et
991 4344 1091 4404 Sequar.
1108 4334 1187 4402 λέγει.
1226 4337 1349 4388 Cataraei

109 4413 198 4469 stov.
235 4420 314 4470 Ceteri
333 4409 549 4467 evenientium.
758 4413 815 4464 editi
831 4406 946 4476 'Armua
1423 4468 1427 4475 ἡ

150 4492 174 4537 ir.
194 4486 333 4555 (lobier'flu.
353 4493 376 4535 et
393 4485 497 4536 ieislm.
517 4485 540 4534 i.
558 4474 706 4548 ἆλειψάσῃ·
793 4480 809 4528 i.
828 4480 869 4531 Sic
886 4476 1053 4542 atarqasileq.
1070 4474 1169 4536 Sequar.
1188 4469 1260 4522 basii.
1278 4467 1348 4531 tuat.

1087 4555 1187 4646 sav,¹
