2948 5092
133 216 174 281 38
495 304 501 316 ³
653 235 824 282 camerato.

131 385 175 448 lbi
197 387 276 448 enim
298 387 324 448 is
345 386 460 449 duabus
482 396 598 449 constat
620 389 768 468 partibus,
792 406 848 449 una
870 390 906 451 de
926 390 1007 469 fide,
1021 389 1112 451 altera
1134 392 1170 452 dr
1189 393 1343 457 moribus:

131 507 253 567 quarum
287 489 334 549 illa
364 489 400 549 ab
430 489 563 569 exemplo
592 498 676 551 antea
705 490 783 551 edito
815 489 914 563 abest,
947 491 1020 552 haee
1041 492 1163 553 multum
1185 493 1344 572 discrepat.

131 590 189 651 Sed
211 590 265 652 hac
286 609 403 668 quoquo
424 592 516 652 torma
539 590 654 653 libellus
676 609 735 652 non
757 590 871 652 videtur
892 592 1019 671 dignior,
1041 593 1090 672 qul
1113 595 1186 655 tanti
1208 595 1345 659 doctoris

130 710 237 754 nomen
266 710 335 770 prae
364 693 502 754 scierat.
546 692 721 755 Athanasius
744 693 834 772 igitur
855 694 1058 756 institutiones
1081 694 1261 773 dogmaticas
1283 716 1345 760 non

132 793 313 872 composuit,
347 812 402 855 nec
429 794 454 853 si
483 793 513 854 id
543 793 661 855 fecisset
688 804 843 874 propterea
864 814 973 874 parens
995 796 1155 858 hodiernae
1177 797 1346 877 theologias

130 894 195 955 iuro
222 895 320 956 vocari
347 903 465 974 posset:
497 914 585 974 quum
614 906 698 958 antea
728 896 784 958 iam
808 896 970 975 Origenes,
1002 898 1151 960 Clemente
1177 898 1233 961 hac
1257 900 1346 964 inre

129 996 269 1074 magistro
292 1015 375 1068 usus,
398 997 525 1076 primum
549 998 712 1075 theologiae
733 999 913 1077 dogmaticae
935 999 1083 1078 specimen
1106 1001 1241 1062 dedisset
1257 1001 1345 1065 libris

128 1107 255 1178 quatuor
281 1097 359 1181 περὶ
387 1090 493 1180 ἀρχῶν
526 1108 556 1161 et
583 1099 612 1160 iu
642 1099 763 1161 exordio
793 1101 892 1179 operis
920 1101 1007 1163 etiam
1035 1102 1184 1163 notionem
1208 1103 1344 1167 eiusdem

133 1199 329 1279 explicuisset.
373 1200 579 1262 Verumtamen
608 1202 637 1263 in
667 1201 784 1280 scriptis
811 1203 962 1263 Athanasii
990 1203 1156 1265 universam
1186 1205 1344 1284 religionis

127 1302 305 1363 christianae
327 1304 450 1363 sormam
474 1305 678 1376 strationem,
702 1322 788 1382 quam
810 1304 988 1383 cogitatione
1009 1304 1179 1385 complexus
1190 1314 1266 1377 erat,
1289 1326 1344 1369 ex-

129 1404 257 1483 positam
281 1402 433 1474 habemus,
457 1414 541 1484 atque
563 1405 601 1466 ita
624 1406 827 1467 demonstrare
847 1424 1009 1484 possumus
1032 1406 1112 1469 illum
1135 1408 1165 1468 in
1181 1408 1344 1473 tractandis

126 1505 291 1583 praecipuis
324 1505 390 1565 fidei
423 1504 609 1583 dogmatibus
638 1524 700 1567 eam
729 1507 891 1586 praeivisse
918 1508 1009 1582 viam,
1042 1527 1127 1587 quam
1157 1508 1343 1573 clarissimos

125 1606 266 1668 ecclesiae
287 1607 425 1668 doctores
448 1626 523 1669 saec.
538 1607 585 1668 lV.
608 1607 761 1686 ingressos
783 1628 850 1670 esse
871 1617 995 1670 constat.
1024 1609 1154 1671 Primum
1177 1611 1207 1671 in
1224 1611 1343 1675 duobus

54 1716 57 1723 '
126 1707 207 1769 libris
230 1708 431 1788 apologeticis,
455 1709 484 1769 in
505 1710 650 1772 Oratione
672 1720 780 1772 contro
802 1722 903 1790 gentes
926 1720 955 1772 ct
977 1710 1006 1772 in
1024 1712 1168 1774 Oratione
1184 1714 1221 1774 de
1235 1717 1339 1776 incort-

125 1815 248 1872 notione
270 1812 355 1873 verbi
374 1811 586 1888 (inscribuntur
613 1830 715 1890 graece
731 1807 827 1894 λόγος
840 1809 923 1875 κατὰ
934 1805 1090 1894 Ἑλλήνων
1106 1822 1135 1873 et
1149 1809 1247 1896 λόγος
1261 1815 1343 1899 περὶ

125 1911 184 1994 τῆς
211 1908 495 1997 transnominatus
523 1913 581 1976 τοῦ
609 1910 707 1995 λόγου
733 1913 786 1976 καὶ
816 1915 873 1997 τῆς
896 1909 951 1978 διὰ
973 1911 1126 1995 σώματος
1146 1912 1235 1997 πρὸς
1254 1909 1345 2001 ἡμᾶς

127 2012 325 2100 ἐπιφανείας
347 2006 470 2089 αὐτοῦ).
506 2015 539 2075 ln
561 2015 608 2075 bis
631 2015 720 2093 igitur
741 2014 835 2087 libris,
859 2036 933 2095 quos
955 2016 1111 2079 admodum
1135 2016 1251 2080 iuvenis
1274 2028 1344 2083 anta

124 2119 355 2179 controversiam
377 2117 511 2177 hriattam
535 2117 720 2195 conscripsit,
743 2118 779 2178 de
799 2119 976 2197 praestantia
992 2119 1144 2198 religionis
1161 2120 1343 2184 christianae

124 2238 190 2281 cum
218 2218 408 2297 religionibus
431 2220 560 2297 gentium
582 2229 767 2298 comparatae
790 2220 829 2281 ita
851 2221 1006 2293 disseruit,
1033 2231 1067 2281 ut
1088 2240 1151 2282 eant
1174 2241 1341 2301 propemo-

114 2323 192 2383 dum
221 2331 310 2382 totam
339 2321 485 2382 evolveret
512 2329 540 2382 et
568 2339 671 2381 omnes
699 2332 799 2399 partes
826 2322 870 2381 vel
894 2322 986 2400 capita
1009 2323 1106 2383 omnia
1128 2325 1341 2402 persequendo

124 2426 282 2503 perlectam
306 2433 335 2484 et
356 2423 519 2484 absolutam
543 2441 610 2483 esse
631 2422 759 2483 doceret
805 2423 868 2494 Oua
891 2424 1027 2494 ratione,
1044 2424 1168 2491 maxime
1191 2423 1221 2485 in
1245 2426 1341 2489 alteru

123 2534 257 2589 tractatu.
280 2544 339 2586 non
364 2533 473 2586 tantum
496 2525 590 2603 ipsam
614 2524 776 2585 doctrinam
795 2524 985 2603 principalem
1000 2525 1036 2586 de
1051 2525 1255 2588 incarnatione
1271 2546 1340 2590 ver-

121 2628 152 2690 bi
174 2648 207 2689 ac
229 2629 265 2689 de
287 2627 383 2688 causis
406 2636 435 2688 et
456 2629 551 2689 lructu
573 2625 716 2687 adventus
739 2626 788 2687 lilii
811 2627 857 2687 dei
880 2627 915 2687 ad
939 2627 1075 2688 homines
1097 2627 1223 2706 eiusque
1242 2630 1340 2697 actio-

125 2750 194 2793 num
218 2740 247 2792 et
268 2729 494 2810 perpessionum
517 2728 680 2801 illustravit,
703 2729 755 2790 sed
779 2729 866 2789 etiam
888 2729 1088 2789 antecedentia
1110 2727 1154 2787 vel
1170 2731 1340 2808 supposita,
1371 2796 1376 2803 ,

123 2832 279 2914 praecipue
307 2851 404 2892 veram
434 2831 480 2892 dci
509 2832 661 2892 notionem
685 2839 713 2891 et
736 2839 845 2891 rectam
868 2830 905 2890 de
927 2830 1056 2891 hominis
1079 2829 1228 2891 creatione
1250 2839 1340 2911 atque

120 2935 205 3013 lapsu
227 2934 414 3005 sententiam,
438 2941 467 2994 et
488 2933 709 3011 consequentia,
732 2951 805 3011 quae
827 2932 863 2992 de
886 2932 979 2993 salute
1000 2950 1053 3010 per
1074 2931 1225 2992 Cltristum
1247 2952 1338 2994 recu·

126 3035 254 3115 peranda
279 3036 442 3106 traduntur,
466 3044 553 3112 prout
574 3033 691 3094 occasio
714 3033 835 3103 terebat,
860 3034 962 3111 attigit
983 3056 988 3063 ·
1006 3033 1089 3094 Conl.
1106 3033 1304 3096 blochlerusl.
1317 3034 1337 3096 l.

121 3155 151 3216 p.
170 3138 345 3201 tao-184.
368 3145 394 3194 et
418 3135 569 3195 Ooruerus
592 3133 621 3194 in
644 3133 714 3194 hist.
736 3134 883 3211 dogmatis
906 3136 942 3195 de
964 3153 1091 3214 persona
1114 3134 1224 3196 Christi
1247 3136 1338 3208 (lint-

122 3238 465 3318 roicltelnnqsqcschichte
492 3239 546 3298 der
567 3235 662 3298 lehre
692 3253 753 3297 oon
782 3238 836 3299 der
857 3236 975 3298 Person
998 3236 1121 3310 Christi)
1144 3235 1207 3297 Vol.
1224 3238 1247 3297 l.
1269 3256 1336 3318 pag.

37 3360 41 3369 ·
123 3342 300 3406 sot—sss.
346 3340 420 3400 Tum
449 3357 519 3400 vero
548 3339 576 3399 in
606 3336 856 3418 disputationibus
886 3347 985 3398 contra
1007 3337 1131 3398 Arianos
1152 3332 1284 3417 itemque
1306 3340 1336 3401 in

120 3442 167 3516 iis,
191 3442 296 3521 quibus
310 3439 535 3503 blacedonianos
559 3438 822 3519 ethpollinaristas
845 3439 955 3501 aliosve
978 3439 1014 3499 de
1036 3439 1239 3501 incarnatione
1255 3440 1336 3505 verbi

121 3563 181 3605 non
206 3552 284 3605 route
306 3544 466 3606 sentientes
488 3543 658 3615 confutavit,
682 3561 742 3603 nou
765 3543 837 3603 satis
859 3541 961 3603 habuit
983 3540 1045 3601 solu
1060 3540 1195 3617 dogmata
1210 3551 1335 3604 contro·

121 3666 205 3708 versa
228 3646 264 3707 tle
288 3646 382 3708 tribus
405 3645 434 3705 in
458 3645 513 3707 deo
535 3644 672 3725 personis
696 3644 783 3705 etde
806 3643 919 3705 duabus
942 3643 971 3702 iu
995 3641 1111 3702 Christo
1134 3643 1248 3705 naturis
1270 3654 1336 3706 tra·

122 3750 263 3809 ctavisse:
292 3747 345 3809 sed
367 3748 611 3827 quemadmodum
636 3747 666 3807 in
690 3745 853 3824 theologica
874 3745 1037 3823 scripturae
1060 3762 1161 3804 sacrae
1184 3745 1334 3825 interpre-

121 3851 231 3912 tatione
254 3850 366 3929 singula
389 3850 463 3909 dicta
486 3868 521 3910 ex
544 3849 699 3909 universae
721 3848 884 3926 scripturae
899 3845 1097 3908 consensione
1112 3855 1199 3923 atque
1215 3865 1251 3907 ex
1266 3847 1335 3909 fidei

120 3953 219 4033 regula
242 3953 389 4013 aestimari
413 3951 502 4012 voluit
523 3960 552 4011 et
565 3950 704 4027 intelligi,
726 3949 771 4009 sic
793 3949 822 4008 in
838 3947 961 4027 singulis
977 3946 1334 4027 quaestiouibusdogma·

121 4053 187 4115 ticis
210 4053 304 4114 ubivis
327 4053 468 4132 principia
491 4062 521 4113 et
542 4053 629 4114 linem
651 4050 801 4129 religionis
824 4050 997 4111 christianae
1019 4048 1246 4128 universamque
1268 4050 1333 4111 eius

122 4159 245 4235 sormam
275 4153 533 4234 circumspicienda
563 4172 632 4215 esse
659 4152 771 4233 putavit
799 4161 886 4230 atque
907 4151 961 4212 hac
982 4151 1026 4211 rei
1048 4150 1215 4211 tractandae
1236 4151 1333 4213 subti-

120 4257 201 4320 litate
223 4256 364 4317 adductus
388 4264 441 4328 cst,
465 4255 573 4316 utalia
595 4274 711 4333 quoque
734 4254 791 4315 illis
814 4253 1012 4315 controversis
1034 4270 1164 4312 connexa
1180 4252 1333 4315 doctrinae

119 4379 221 4421 sacrae
253 4358 346 4438 capita
378 4357 439 4418 suis
467 4357 541 4417 locis
570 4364 718 4417 excuteret
747 4365 776 4416 et
802 4354 871 4433 quid
901 4354 936 4415 de
964 4354 1000 4416 iis
1032 4354 1217 4414 sentiendum
1242 4365 1331 4429 esset,

121 4459 289 4525 declararet.
332 4459 486 4521 Praeterea
508 4459 571 4538 ipsa
594 4456 812 4520 controversiae
833 4457 955 4519 materia
978 4456 1004 4517 ei
1026 4474 1087 4525 non
1107 4456 1195 4517 modo
1211 4474 1332 4519 causant
