2948 5092
203 224 264 299 Πδ,
311 205 315 212 ’
598 238 624 282 ι.
640 236 793 282 mmmm
807 238 1031 282 Αυουιενιεαοτι

115 387 336 475 τεταγμένους
364 393 579 474 σημαίνοντες
606 384 662 452 καὶ
684 380 819 471 ἀλογίαν
840 384 919 471 περὶ
940 384 997 452 τδν
1019 386 1103 453 θεὸν
1126 387 1307 472 είςάγοντες
1327 389 1429 474 μεγά-

201 492 267 568 λως
290 483 475 574 ἀσεβοῦσιν.

288 596 336 656 15.
381 589 424 656 El
445 590 481 656 δέ
503 592 556 655 καὶ
578 587 617 654 τὸ
640 585 745 672 ὄνομα
764 591 825 653 τοῦ
848 589 920 654 υἱοῦ
943 588 1046 655 πάλιν
1068 589 1347 675 συνομολογοῦσι,
1372 590 1428 657 διὰ

199 690 305 778 τὸμὴ
327 691 512 778 βούλεσθαι
534 694 686 778 φανερῶς
708 688 801 775 παρὰ
822 689 957 756 πάντων
979 690 1305 777 καταγινώσκεσθαι,
1328 690 1369 757 τὸ
1391 693 1427 758 δέ

202 789 287 860 εἶναι
307 798 425 860 τοῦτον
446 796 505 881 τῆς
526 788 641 870 οάσίας
661 796 721 858 τοῦ
742 791 871 878 πατρὸς
892 792 980 858 ἰ’διον
1001 799 1142 878 γέννημα
1165 788 1359 879 ἀρνοῦνται,
1383 789 1428 873 ῶς

201 894 263 982 ’μὴ
291 897 473 980 δυναμένου
500 893 619 961 τοῦτου
647 889 734 962 εἶναι
763 897 863 978 χωρὶς
890 898 948 980 τῆς
970 893 1004 962 έκ
1024 899 1134 981 μερῶν
1155 894 1211 962 καὶ
1233 896 1426 982 διαιρέσεων

201 993 378 1076 ἀπονοίας·
413 991 507 1066 οῦδέν
538 985 638 1084 ἧττον
665 994 768 1062 πάλιν
798 991 974 1082 ἀρνοῦνται
1001 996 1046 1083 μὴ
1075 992 1161 1064 εἶναι
1181 999 1241 1081 μὲν
1265 994 1428 1084 ἀληθινὸν

200 1097 282 1179 υἱόν,
306 1093 446 1183 ὀνόματι
466 1099 503 1165 δέ
524 1097 626 1183 μόνον
648 1099 796 1184 λέγοντές
816 1096 897 1165 υίόν.
929 1101 1004 1177 πῶς
1026 1099 1062 1165 δὲ
1084 1092 1122 1165 οῦ
1145 1097 1354 1186 σφάλλονται
1370 1124 1428 1183 με-

200 1197 308 1286 γάλως
329 1203 408 1286 περὶ
429 1203 489 1267 τοῦ
511 1197 689 1284 ἀσωμάτου
711 1200 755 1267 τά
776 1201 938 1285 σωμάτων
953 1199 1204 1285 ἐνθυμούμενοι,
1227 1203 1282 1266 καλ
1298 1201 1357 1267 διὰ
1370 1200 1427 1287 τὴν

200 1296 379 1370 ἀσθένειαν
405 1306 465 1388 τῆς
494 1301 581 1381 ίδίας
609 1301 740 1390 φάσεως
762 1296 957 1388 ἀρνούμενοι
977 1301 1017 1368 τὸ
1038 1302 1160 1391 1’φύσει
1180 1301 1236 1369 καὶ
1257 1303 1347 1369 ἰ’διον
1368 1306 1426 1369 τοῦ

200 1401 345 1491 πατρός,·
385 1399 456 1492 άλρα
483 1402 545 1490 γάρ
573 1398 692 1482 αὐτοὺς
720 1402 765 1490 μὴ
793 1407 952 1482 νοοῦντας
972 1402 1029 1470 καὶ
1050 1407 1124 1482 πῶς
1145 1403 1235 1471 ἐστιν
1259 1399 1278 1469 ὁ
1299 1399 1426 1489 θεδςῆ

200 1505 356 1585 ποταπδς
378 1506 468 1573 ἐστιν
490 1501 509 1572 ὅ
532 1504 651 1593 πατήρ,
676 1500 856 1592 ἀρνεῖσθαι
875 1509 929 1573 καὶ
946 1501 1055 1585 αὐτόν,
1072 1504 1149 1573 ἐπεὶ
1162 1505 1218 1571 καὶ
1232 1504 1271 1571 τὸ
1285 1510 1428 1591 γέννημα

199 1610 258 1674 τοῦ
280 1607 408 1695 πατρὸς
430 1607 466 1689 δξ
486 1608 612 1676 ἑαυτῶν
633 1611 810 1695 μετροῦσιν
832 1609 865 1675 οἱ
887 1606 1040 1696 ἄφρονες.
1086 1602 1154 1675 ἀλλ’
1180 1603 1286 1686 οὕτως
1307 1601 1428 1684 αὐτοὺς

201 1710 424 1794 διακειμένους
455 1709 511 1776 καὶ
543 1711 735 1796 νομίζοντας
762 1709 807 1796 μὴ
833 1709 1004 1799 ᾂάνασθαι
1035 1704 1121 1778 εἶναι
1142 1709 1231 1776 ουἱὸν
1258 1712 1319 1775 τοῦ
1343 1712 1426 1776 θεοῦ

202 1811 372 1899 οἰκτείρειν
393 1815 453 1899 μέν
476 1811 585 1892 ἀξιον,
616 1813 741 1899 έρωτάν
763 1813 877 1880 δὲκαὶ
899 1814 1074 1899 διελέγχειν
1096 1808 1215 1891 αὐτοὺς
1238 1806 1427 1879 ἀκόλουθόν

115 1913 284 1995 Maian,
307 1915 389 1998 τάχα
409 1909 469 2004 κᾷν
492 1912 597 1993 οῦτως
620 1916 666 1993 είς
688 1914 851 2003 αἴσθησιν
873 1915 1029 1982 ἔλθωσιν.
1075 1915 1104 1981 εί
1125 1909 1201 1981 καθ’
1219 1909 1305 1997 ὑμᾶς
1320 1912 1357 1993 ἐξ
1370 1910 1428 1979 οάκ

202 2014 307 2083 δντων
328 2016 437 2084 έέστὶν
461 2013 479 2084 ὃ
501 2017 573 2096 υἱὸς
593 2016 650 2083 καὶ
671 2013 729 2084 οῦκ
750 2007 790 2103 ἧν
812 2016 893 2103 πρὶν
915 2020 1072 2105 γεννηθῇ,
1098 2016 1232 2094 πάντως
1253 2037 1322 2081 που
1343 2016 1427 2082 κατὰ

200 2125 380 2202 μετουσίαν
408 2120 465 2186 καλ
486 2116 586 2198 αὐτὸς
607 2119 678 2199 υίὸς
700 2118 756 2186 καὶ
775 2119 859 2198 θεὸς
879 2119 936 2187 καὶ
958 2125 1063 2206 σοφία
1086 2117 1226 2206 ἐκλήθη·
1255 2112 1344 2182 οῦτω
1365 2115 1427 2202 γάρ

200 2219 319 2287 καὶτὰ
341 2219 425 2287 ἀλλα
446 2219 558 2287 πάντα
580 2226 754 2307 συνέστηκέ
775 2220 888 2287 τεκαὶ
910 2218 1108 2307 άγιαζὸμενα
1124 2218 1303 2299 δοξάζεται.
1337 2224 1428 2295 τίνος

199 2327 310 2388 τοίνυν
332 2322 403 2388 ἐστὶ
423 2328 570 2406 μέτοχος,
594 2322 702 2389 εἰπεῖν
724 2318 810 2406 ὑμᾶς
831 2317 980 2409 ἀνάγκη.κ
992 2320 1034 2388 τά
1055 2324 1116 2406 μέν
1137 2321 1198 2406 γὰρ
1214 2318 1300 2386 ἅλλα
1315 2318 1427 2385 πάντα

199 2425 259 2489 τοῦ
280 2423 468 2507 πνεύματος
488 2429 624 2508 μετέχει,
648 2418 748 2502 αὐτὸς
769 2425 806 2491 δέ
827 2421 893 2510 άρα
912 2418 989 2489 καθ’
1014 2418 1099 2507 ἀμᾶς
1119 2429 1210 2500 τίνος
1231 2414 1272 2487 ἀν
1295 2421 1346 2507 εἴη
1368 2427 1426 2505 μέ-

199 2548 313 2609 τοχος,
346 2530 404 2591 τοῦ
426 2524 614 2609 πνεύματος
621 2554 632 2607 ,·
665 2525 719 2591 καὶ
751 2523 815 2612 μὴν
849 2520 930 2591 αὐτὸ
958 2522 997 2589 τὸ
1026 2529 1156 2608 πνεῦμα
1183 2523 1310 2607 μᾶλλον
1332 2522 1426 2608 παρὰ

198 2630 258 2693 τοῦ
280 2627 353 2693 υἱοῦ
376 2627 550 2713 λαμβάνει,
584 2623 630 2705 ῶς
652 2621 752 2705 αὐτὸς
774 2627 881 2714 εἴρηκε
890 2630 928 2707 ¹),
962 2624 1018 2691 καὶ
1047 2624 1167 2710 ἀλογόν
1196 2624 1287 2690 ἐστιν
1316 2623 1425 2691 εἰπεῖν

198 2731 316 2795 τοῦτον
339 2725 539 2814 ἀγιάζεσθαι
560 2725 638 2815 παρ’
656 2725 790 2796 ἐκείνου.
821 2721 937 2794 οῦκοῦν
951 2731 1011 2793 τοῦ
1025 2726 1153 2812 πατρὸς
1167 2731 1310 2810 μετέχει·
1326 2729 1425 2792 τοῦτο

197 2829 260 2917 γάρ
283 2832 436 2898 λείπεται
455 2829 512 2897 καὶ
533 2828 653 2916 ἀνάγκη
676 2832 789 2916 λέγειν.
820 2828 877 2896 καὶ
897 2835 931 2896 τί
951 2833 1050 2895 τοῦτο
1074 2827 1139 2914 ἀρα
1153 2823 1174 2914 ἢ
1188 2827 1300 2894 πόθεν
1316 2827 1423 2907 ἐστίν,

199 2931 230 2998 εί
249 2934 310 3017 μὲν
332 2922 389 2998 οῦν
413 2934 539 3013 έξωθέν
562 2932 651 3000 ἐστιν
673 2931 856 3018 έπινοηθέν
877 2931 971 3017 παρὰ
993 2934 1051 2997 τοῦ
1073 2928 1211 3015 πατρός,
1235 2923 1344 2995 οάκέτι
1358 2929 1425 2995 πά-

199 3033 251 3099 λιν
272 3037 330 3099 τοῦ
354 3034 481 3119 πατρὸς
503 3038 662 3118 ομετέχων
684 3029 724 3100 ἀν
747 3034 807 3120 εἴη,
832 3027 916 3099 ἀλλὰ
937 3036 996 3098 τοῦ
1020 3033 1145 3112 έξωθεν
1161 3037 1346 3117 γενομένου,
1370 3029 1425 3097 καὶ

200 3127 308 3199 οάκέτι
340 3130 440 3214 αὐτὸς
470 3130 547 3202 οὐδὲ
576 3133 725 3220 δεύτερος
753 3134 848 3201 ἔσται
874 3136 884 3175 ¹
889 3133 974 3218 μετὰ
994 3133 1052 3199 τὸν
1074 3139 1217 3218 πατέρα,
1253 3132 1335 3215 έχων
1357 3132 1423 3216 πρὸ

200 3233 318 3301 ἑαυτοῦ
341 3234 455 3315 έκεῖνο,
479 3233 556 3303 οῦδὲ
577 3239 636 3303 τοῦ
658 3234 786 3321 πατρὸς
807 3234 879 3315 υἱὸς
900 3230 941 3302 ἀν
963 3237 1111 3320 λεχθείη,
1134 3229 1202 3300 ἀλλ’
1228 3233 1362 3314 ἐκείνου,
1385 3223 1424 3299 οῦ
1461 3274 1462 3278 =

199 3335 255 3402 καλ
275 3341 419 3421 μετέχων
439 3338 511 3417 υλός
531 3337 587 3404 καλ
608 3336 691 3416 θεὸς
712 3337 844 3425 έκλήθη.
889 3337 919 3404 εἰ
941 3338 978 3403 δὲ
999 3340 1097 3404 τοῦτο
1119 3334 1248 3402 ἀτοπον
1269 3334 1327 3401 καλ
1348 3333 1424 3403 ἀσε-

198 3443 269 3523 ῥίς,
293 3439 444 3523 λέγοντος
464 3441 524 3523 μέν
545 3442 605 3505 τοῦ
627 3439 771 3526 πατρός·
799 3429 897 3518 οὗτός
919 3438 1008 3505 ἐστιν
1032 3434 1050 3504 ὃ
1072 3437 1144 3517 υίός
1165 3461 1230 3521 μου
1252 3433 1270 3502 ὃ
1293 3432 1423 3524 ἀγαπη-

198 3538 300 3620 τός’),
335 3541 487 3626 λέγοντος
514 3542 550 3608 δέ
577 3539 633 3607 καὶ
660 3544 720 3607 τοῦ
748 3541 822 3608 υἱοῦ
850 3546 981 3626 πατέρα
1002 3540 1091 3607 λ’διον
1114 3535 1199 3607 ελναι
1220 3537 1279 3604 τὸν
1299 3537 1422 3617 θεόν’),

198 3642 317 3729 Ιδῆλον
353 3638 406 3708 ὅτι
439 3637 497 3708 οῦκ
530 3642 655 3722 ἔξωθεν
689 3637 757 3709 ἀλλ’
783 3641 818 3710 έκ
843 3647 903 3732 τῆς
924 3638 1119 3722 οῦσίαςτοῦ
1141 3639 1270 3727 πατρός
1291 3639 1423 3707 ἔστιτὸ

199 3741 422 3827 μετεχόμενον.
467 3746 566 3810 τοῦτο
595 3744 631 3811 δὲ
654 3744 757 3810 πάλιν
779 3743 835 3811 ἐὰν
857 3745 967 3830 ἕτερον
988 3734 1010 3832 ᾗ
1032 3742 1125 3829 παρὰ
1146 3741 1204 3829 τὴν
1226 3738 1343 3809 οὐσίαν
1365 3745 1422 3808 τοῦ

199 3843 281 3923 υλοῦ,
305 3845 343 3910 τὸ
366 3840 439 3912 λσυν
462 3842 590 3912 άτοπον
614 3840 807 3932 ἀπαντήσει,
830 3852 933 3929 μέσου
955 3841 1305 3931 πάλινεῦρισκομένου
1327 3843 1422 3909 ιιτού-

198 3968 257 4011 του
280 3946 315 4012 ἐκ
336 3949 393 4011 τοῦ
415 3945 543 4031 πατρὸς
565 3945 699 4032 καὶτῆς
723 3942 837 4027 οῦσίας
858 3951 916 4013 τοῦ
941 3948 1021 4028 υἱοῦ,
1044 3945 1117 4032 ἥτις
1138 3951 1222 4013 ποτέ
1245 3945 1325 4012 ἔστι.

268 4135 292 4197 1)
310 4137 377 4184 lon.
397 4135 436 4194 16,
459 4137 497 4185 14,
567 4135 592 4195 λ)
611 4137 690 4186 Mani).
711 4136 736 4197 3,
755 4137 795 4186 Π.
817 4136 856 4198 17,
875 4138 898 4186 5.
969 4136 994 4194 3)
1012 4137 1078 4187 Ιοεο.
1099 4137 1123 4195 8,
1142 4136 1183 4184 54.

233 4287 256 4321 ο.
281 4271 321 4320 Sic
345 4270 484 4333 Seguerinn.
510 4271 566 4333 Reg.
592 4272 730 4321 Goblerinn.
762 4281 786 4321 ει
873 4288 892 4320 ε.
911 4272 1052 4332 ὃεςυετίυυ.
1072 4263 1134 4317 υἱὸν
1150 4268 1226 4319 θεοῦ.
1253 4270 1305 4319 Μαι
1326 4272 1420 4321 ὓοοΙετ.

198 4338 303 4388 ΐελελτυ.
317 4339 338 4388 1.
374 4340 402 4388 λι
420 4340 459 4388 ulii
478 4331 628 4418 ειεέίιίμὴ
647 4340 767 4388 omittunt.
838 4347 862 4388 ει
880 4339 1019 4388 hicum.
1037 4330 1142 4386 καλέλέ
1178 4351 1219 4385 ειν
1236 4329 1344 4391 αάιοάς.

232 4406 255 4455 b.
274 4407 314 4456 Sic
330 4407 431 4468 Seguer.
465 4407 492 4455 λι
511 4407 567 4468 fleg.
587 4398 785 4471 ιδιονκαὶφῦ-
871 4407 895 4456 d.
913 4407 940 4454 Ιο
958 4407 1057 4468 ὃεχυοτ.
1076 4406 1144 4456 deest
1175 4400 1243 4455 στίν.
1280 4404 1420 4457 Pelekas).

200 4480 250 4519 σει.
287 4475 332 4522 Alii
350 4481 374 4523 et
391 4473 449 4522 editi
467 4467 555 4537 φύσει
570 4464 650 4522 λάων.
837 4483 862 4524 ει
880 4473 902 4523 5.
921 4466 998 4522 ἐστὶν
1015 4465 1031 4520 ὁ
1048 4466 1122 4525 θεάς.
