2948 5092
390 260 923 307 armam-araruranrnumnrau.
1219 247 1279 311 137

61 414 145 486 aliam
167 413 220 494 qni
242 412 372 486 enndit,
395 412 485 476 alium
507 413 608 487 ritem,
629 412 718 474 aliam
732 411 901 492 agricolam.
925 412 1079 491 Quotquot
1093 413 1172 474 enim
1187 413 1367 477 verbenam.

59 515 150 577 Filiam
172 513 261 595 quasi
280 512 412 577 alimum
433 532 450 575 a
466 514 555 592 Patra
567 513 734 587 declarant,
756 512 831 575 baec
845 513 881 574 ad
896 531 1014 575 carnem
1030 513 1165 588 attinent,
1189 522 1278 595 quan
1327 526 1334 535 ’

57 617 140 678 roem
161 634 253 679 caum
273 617 412 697 gestarit
456 614 579 695 Opitin'a
609 614 719 694 qnippe
740 614 903 676 secundum
925 622 1061 677 naturam
1083 634 1100 677 a
1121 614 1183 678 ilco
1206 625 1280 679 sunt

55 719 155 780 meua:
184 717 255 779 idco
276 736 348 780 cnm
368 736 439 779 caro
461 716 613 797 opificium
635 716 690 790 ait,
722 715 864 788 Verbum,
894 716 993 795 quod,
1022 723 1056 778 ut
1077 716 1118 778 ait
1138 717 1279 794 loannes,

56 839 116 881 caro
136 821 259 899 [muer
281 829 337 890 eat,
358 817 429 881 licet
448 817 613 880 secandum
634 825 769 880 namnam
790 818 947 898 proprium
969 818 1007 880 sit
1028 817 1108 880 Patri
1132 827 1161 880 ct
1182 820 1219 882 ab
1241 836 1363 884 corma.

55 918 238 994 irdirisibile,
262 927 392 983 attamen
413 920 440 982 si
461 938 530 983 caro
551 926 717 1000 spectetur,
747 919 835 981 Pater
863 919 971 981 dicitur
993 918 1103 981 abillo
1125 931 1277 996 remotum

54 1042 118 1102 qaae
140 1021 225 1084 enim
248 1021 331 1084 tarni
351 1021 473 1102 propria
495 1030 579 1095 eant,
608 1021 675 1101 ipse
702 1021 837 1082 concedit
864 1029 896 1083 ut
924 1020 961 1083 de
984 1040 1017 1082 se
1038 1021 1191 1097 dicuntum
1217 1040 1277 1101 quo

53 1125 112 1185 binc
132 1123 234 1204 mlam
256 1122 324 1198 fiat,
354 1140 415 1184 non
443 1122 564 1186 alterins
597 1122 651 1184 sed
672 1141 760 1184 suum
781 1123 903 1202 propria
925 1141 1033 1201 corpus
1055 1122 1169 1184 luisse.
1204 1123 1279 1186 Cum

54 1226 141 1304 inque
170 1226 249 1286 baec
276 1242 315 1286 eu
343 1224 433 1286 modo
462 1225 524 1286 sint
550 1223 754 1304 intelligenda,
785 1223 872 1285 citius
902 1223 1046 1285 Sabadius
1078 1225 1278 1298 convincetur,

53 1346 103 1387 non
125 1345 199 1388 esse
220 1325 360 1400 Patrem,
382 1326 432 1406 qui
460 1344 528 1387 carn
557 1324 651 1387 lactus
674 1332 730 1398 est,
754 1325 807 1387 sed
830 1325 893 1386 eius
915 1325 1061 1399 Verbum,
1091 1325 1171 1405 quod
1188 1325 1277 1387 illam

54 1428 172 1490 redemit
192 1427 336 1507 Patrique
359 1425 474 1489 obtulit.
517 1427 555 1488 Et
576 1426 627 1488 ubi
650 1427 715 1506 quis
737 1425 819 1488 illum
842 1427 881 1487 ita
904 1425 1071 1506 coarguerit
1096 1444 1129 1488 ac
1150 1445 1278 1506 persua-

55 1530 132 1602 serit,
160 1529 235 1591 binc
256 1527 445 1590 Divinitatem
473 1546 590 1609 quoqne
612 1527 700 1589 Verbi
722 1527 836 1589 facilins
860 1527 1009 1589 edocebit:
1043 1528 1142 1609 ipsum
1171 1547 1278 1608 nempe

55 1649 111 1692 esse
125 1629 261 1691 Verbum
284 1638 315 1690 et
329 1629 519 1710 Sapientiam,
541 1629 647 1691 Filium
664 1638 695 1691 et
707 1628 861 1701 Virtutem,
885 1629 1077 1708 splendorem
1100 1638 1129 1690 et
1143 1630 1276 1708 liguram.

56 1731 175 1793 Necesse
196 1732 308 1811 qnippe
331 1740 378 1792 est
400 1731 456 1792 iam
480 1730 577 1792 denno
601 1731 748 1810 colligere,
771 1749 837 1794 cum
856 1730 984 1791 Verbum
1007 1731 1122 1802 existat,
1146 1739 1174 1791 et
1189 1731 1278 1792 Verbi

57 1832 162 1894 Patrem
186 1852 256 1894 esse
278 1840 428 1911 oportere,
453 1831 602 1910 Sapientia
625 1850 691 1893 cum
708 1833 756 1903 sit,
780 1831 843 1892 eius
859 1839 1012 1910 parentem
1028 1849 1108 1903 esse,
1131 1840 1160 1892 et
1175 1831 1277 1911 splen-

57 1932 100 1994 dor
120 1953 189 1995 eum
212 1921 268 2009 sit,
297 1952 367 1994 csse
392 1951 509 2012 quoquc
531 1933 644 2006 lucem,
673 1941 760 2013 atque
788 1933 828 1993 ita
849 1933 967 1993 Patrem
996 1932 1153 1994 etlilium
1185 1936 1277 2015 undqr

10 2082 12 2089 .
58 2053 121 2095 esse.

128 2239 182 2299 27.
228 2235 307 2296 Haec
329 2254 395 2296 cum
419 2235 511 2315 probe
534 2235 625 2297 sciret
645 2234 821 2314 Dionysius,
852 2235 900 2296 illa
923 2235 1015 2296 edidit
1037 2235 1161 2313 scripta,
1190 2235 1295 2313 prio-'

61 2335 187 2416 ribmqnc
208 2336 311 2397 verbis
326 2335 485 2398 Sabellium
509 2336 696 2415 compressit,
719 2336 767 2396 his
786 2354 857 2396 vero
872 2336 1008 2397 Arianam
1025 2335 1188 2415 prosternit
1202 2336 1275 2396 hae-

62 2439 146 2500 resim.
190 2438 231 2500 Ut
253 2438 332 2499 enim
354 2439 480 2499 bumana
499 2437 657 2500 salvatoris
679 2446 747 2516 apta
764 2438 882 2498 suntad
900 2437 1060 2499 Sabellium
1076 2437 1276 2510 evertendum,

64 2558 232 2602 econverso
260 2541 290 2600 in
313 2539 510 2600 Ariomanitas
539 2557 599 2599 non
631 2557 666 2598 ex
687 2538 841 2610 humanis,
872 2540 924 2600 sed
948 2538 1058 2610 exiis,
1091 2557 1165 2616 (puae
1188 2537 1277 2599 Verbi
1386 2588 1393 2599 Ι

65 2638 235 2703 divinitatem
257 2640 403 2714 indicant,
433 2649 602 2720 argumenta
632 2647 702 2700 sunt
723 2640 899 2711 roriconem
929 2649 962 2702 ut
990 2659 1027 2700 ne
1057 2638 1112 2712 illi,
1142 2658 1216 2717 (puae
1239 2640 1276 2700 de

66 2739 173 2804 bomino
196 2742 334 2822 corporis
356 2761 445 2804 cansa
468 2742 615 2814 dicuntur,
638 2759 725 2819 prave
742 2742 971 2820 interpretantes
988 2740 1173 2811 existiment,¹
1193 2730 1275 2800 eius‘-

67 2844 131 2904 nodi
152 2863 220 2906 csse
242 2843 381 2916 Verbum,
404 2843 505 2922 quales
528 2860 585 2903 nos
609 2842 745 2902 lromincs
769 2861 884 2915 sturnus,
912 2862 945 2901 ac
967 2842 1086 2901 demum
1109 2841 1139 2900 in
1162 2841 1277 2901 insania

68 2963 107 3005 soa
125 2954 324 3025 perseverent.
371 2943 428 3016 Qui
451 2945 476 3005 si
499 2944 535 3005 de
557 2943 713 3004 [divinitate
736 2944 916 3015 doceantur,
947 2960 1033 3018 suum
1063 2941 1119 3021 ipsi
1143 2960 1276 3002 errorem

69 3045 268 3125 improbabunt,
292 3064 417 3124 cumque
439 3045 605 3117 didicerint,
628 3043 755 3105 Verbum
777 3064 894 3105 carnem
917 3046 1024 3104 lactum
1049 3061 1126 3115 esse,
1149 3043 1278 3105 bumana

70 3147 255 3226 inposterum
277 3147 390 3208 facilius
414 3147 596 3227 distinguent
618 3145 653 3206 ab
677 3145 728 3218 iis,
763 3164 837 3224 quae
863 3145 899 3206 ad
922 3145 1107 3205 Divinitatem
1142 3145 1275 3206 attinent.

70 3246 129 3309 llaec
148 3269 215 3311 cum
237 3249 276 3309 ita
299 3268 332 3310 se
354 3247 490 3319 habeant,
513 3246 729 3326 Dionysiusque
743 3247 911 3326 Episcopus
934 3267 969 3308 cx
992 3245 1053 3307 suis
1075 3246 1193 3325 scriptis
1209 3248 1276 3326 pins

70 3347 268 3412 demonstratus
291 3349 347 3422 sit3
369 3349 438 3428 quid
460 3351 518 3411 iam
542 3347 634 3410 acturi
657 3356 728 3409 sunt
749 3347 971 3409 Ariomanitae?
1001 3348 1096 3420 Quem
1113 3347 1188 3407 ultra
1202 3348 1275 3409 salso

70 3466 186 3512 mensore
208 3451 374 3523 audebunt,
404 3469 535 3527 cum,err
562 3448 740 3529 supradictis
770 3449 914 3511 mendacii
936 3450 1062 3510 convicti
1086 3447 1170 3510 sint?
1214 3450 1275 3510 lVe-

70 3567 134 3612 cesse
155 3552 236 3613 enim
264 3559 311 3612 est
338 3551 405 3612 illos
432 3571 448 3612 a
476 3552 666 3613 fundamento
695 3549 906 3628 Apostolorum
933 3551 1035 3630 lapsos
1066 3551 1277 3629 fluctuantique

69 3662 147 3715 neate
166 3653 319 3735 praeditos
343 3653 574 3715 sustentaculum
600 3671 752 3732 quaerere,
777 3660 807 3712 et
829 3672 894 3713 cum
917 3672 977 3713 rion
994 3651 1152 3724 inveniant,
1175 3650 1277 3714 Patres

17 3788 20 3793 ·
69 3750 263 3835 inposterum
290 3755 364 3816 laiso
393 3773 541 3836 accusare.
592 3754 651 3814 Sed
683 3772 771 3815 nemo
799 3753 858 3815 illis
890 3754 966 3815 ultra
998 3753 1086 3814 fidem
1116 3752 1277 3824 adhibebit,

68 3855 164 3919 etiamsi
185 3858 320 3918 nitantur
341 3855 500 3917 calumnias
524 3873 681 3936 spargere3
705 3854 740 3914 ab
764 3855 902 3917 omnibus
927 3855 1004 3916 enim
1025 3872 1127 3915 corum
1143 3854 1277 3916 haeresis

66 3954 267 4029 damnataes13
298 3957 357 4018 nisi
379 3957 456 4018 torte
479 3956 515 4017 de
537 3956 655 4017 diabolo
677 3956 818 4036 deinceps
840 3957 1014 4036 loquantur,
1042 3957 1069 4016 is
1093 3954 1170 4015 enim
1194 3957 1277 4018 solus

88 4145 108 4193 d.
124 4146 161 4195 Sic
179 4146 237 4207 lieg.
257 4144 356 4193 Tauria.
376 4143 482 4194 Colbert
502 4144 546 4193 les.
566 4144 604 4192 Fr
618 4144 636 4193 Ι.
690 4145 760 4193 senti
796 4144 844 4192 Sed
864 4144 950 4193 melius
969 4142 1158 4192 aliicnmeditis
1175 4135 1277 4221 διακρι-

64 4211 108 4260 editi
124 4229 177 4263 aero
196 4211 286 4261 ταῦτα
304 4226 444 4288 perperam²
690 4210 776 4259 vocitat
815 4211 867 4261 lior
894 4213 950 4274 Reg.
977 4212 1048 4260 Basil.
1075 4219 1098 4261 et
1116 4209 1173 4259 editi
1192 4223 1277 4258 ortae.

88 4269 638 4347 ιῑιιήιι.εγραψεκαιγαρωςπερανέ
690 4280 737 4328 Alii
757 4270 844 4328 αὐτοί.
881 4279 954 4328 Panlo
974 4279 1144 4355 postlimio
1171 4277 1277 4326 Colbert.

64 4353 132 4409 τρεψε
148 4350 248 4401 amissis
268 4348 429 4398 intermediis
466 4347 638 4398 lbidemColb.
691 4349 772 4396 lesuit
791 4348 829 4396 Fr.
843 4347 861 4395 Ι
880 4340 987 4394 τούτων
1012 4341 1040 4394 δὲ
1068 4336 1155 4396 odrae
1180 4336 1277 4392 ὄντων.

62 4414 97 4463 las
113 4418 148 4468 ir.
166 4418 185 4469 1.
202 4407 375 4484 ἇρειανικῆν.
691 4416 746 4476 llcg.
765 4430 819 4465 cum
838 4415 908 4465 editis
927 4405 1077 4462 τούτωνδ’
1100 4403 1186 4464 nieme
1203 4405 1279 4477 ἐχόν-

86 4485 170 4551 tuq.
187 4494 213 4539 et
229 4486 307 4538 Baail
327 4478 538 4550 διακρίνουσιν
531 4498 639 4548 roprae·
690 4495 755 4533 των.
