2948 5092
206 227 269 291 tto
470 312 476 322 Ι
525 255 526 259 =
602 240 630 284 s.
644 240 797 285 ιτιιιιιιειι
812 240 1037 289 summussos*

120 393 274 456 umsata
300 393 373 456 haee
398 391 508 455 ultima
536 390 628 456 solita
655 395 841 455 terminatur
873 391 1073 456 eoneiusione.
1124 391 1214 457 Ratio
1247 404 1348 458 autem
1376 414 1431 458 eur

205 498 333 576 quinque
355 494 504 557 aduersus
526 494 658 556 Arianos
683 494 844 557 Orationes
866 496 899 555 in
919 494 1024 557 multis
1044 506 1247 557 numerentur
1265 496 1431 568 Codiaibus,

204 594 292 658 nulla
314 595 377 657 alia
398 596 533 666 uidetur,
566 613 656 676 quom
681 595 761 676 quod
787 599 820 657 in
847 594 910 657 iilis
935 595 1090 659 Codieibus
1111 597 1250 676 Epistola
1272 598 1431 677 Bneyeiiea

204 698 244 761 ad
264 697 430 778 Ερίιιοροι
452 696 578 776 Αιργρίί
598 708 626 759 et
641 695 749 775 Libyae
766 700 910 777 promisee
931 708 999 759 erat
1020 708 1091 759 aute
1104 708 1239 778 quatuor
1255 698 1431 771 Orationes,

203 818 279 881 quas
299 799 416 879 quidem
438 815 504 859 eum
524 808 553 859 et
575 800 643 877 ipsa
664 801 758 859 sitin
779 798 910 860 Arr'anos
934 803 1112 879 composita,
1143 802 1295 880 insertato
1317 800 1431 862 ideireo

203 912 249 965 ert
275 900 383 963 Oratio
401 903 505 980 prima
528 908 636 960 eontra
658 900 803 961 Arianos.

287 1000 338 1063 111.
383 999 619 1081 Supersedemus
643 999 689 1062 hie
710 1020 731 1062 a
740 1001 951 1080 proponendis
967 1001 1158 1080 sinyuharum
1176 1002 1362 1064 Orationurn
1376 1021 1431 1063 er-

201 1106 365 1183 oumsntis,
398 1119 448 1165 res
477 1105 554 1162 enim
581 1119 638 1163 nos
660 1101 780 1180 lansius
803 1102 976 1177 deducerem
1006 1103 1058 1164 sed
1080 1101 1213 1180 sinouba,
1243 1122 1319 1184 quoe
1341 1105 1431 1182 ιίίρνιο

203 1205 413 1268 obseruatione
433 1204 520 1264 nobis
543 1207 609 1264 uisa
630 1215 716 1273 sunt,
745 1206 779 1265 in
807 1209 943 1284 maraine
963 1215 1115 1266 annotare
1135 1204 1221 1265 nobis
1244 1222 1338 1266 surae
1358 1205 1430 1283 fuit,

202 1324 286 1386 quae,
309 1308 360 1367 eui
380 1298 524 1376 inbuerit‘,
546 1302 638 1383 facile
656 1307 758 1384 possit
775 1302 984 1384 perlustrare.
1028 1303 1110 1366 Satis
1132 1309 1254 1367 interim
1276 1309 1318 1366 sit
1339 1323 1431 1383 aene·

201 1411 296 1468 ratim
317 1407 497 1476 obseruare,
527 1406 676 1466 Arionem
696 1408 876 1485 ίιομίιίιιίινι
896 1405 985 1485 plene
1008 1406 1054 1469 hie
1082 1407 1255 1484 confutari,
1285 1411 1431 1487 νονιόριιι

201 1508 392 1570 Ariauarurn
414 1516 594 1586 aroumsnta
626 1517 653 1568 et
676 1524 826 1587 responso
848 1508 968 1585 referri
987 1519 1017 1570 et
1039 1507 1151 1585 refelli.
1196 1506 1257 1569 Neo
1278 1525 1353 1569 aero
1377 1525 1431 1568 so-

204 1609 265 1670 bam
287 1610 473 1671 Arianoram
495 1608 643 1670 haeresim
667 1612 796 1671 conterit
818 1606 849 1669 S.
873 1607 982 1680 Pater,
1011 1610 1063 1669 sed
1091 1607 1223 1670 odiorum
1244 1612 1337 1670 etiam
1357 1608 1431 1669 hae-

202 1715 377 1785 retieorum,
400 1714 453 1790 qui
472 1714 555 1771 eirea
577 1709 730 1770 Christum
746 1708 908 1771 Dominum
929 1703 1123 1780 erraverunt,
1147 1721 1311 1772 commento
1334 1710 1431 1771 obiter

203 1809 352 1882 dissoluit,
375 1815 438 1874 siae
459 1815 512 1890 oui
533 1811 684 1872 Christum
703 1829 821 1890 purum
842 1830 905 1874 esse
929 1812 1083 1881 hominem,
1106 1813 1168 1871 siae
1189 1815 1242 1890 qui
1260 1829 1329 1873 eum
1351 1828 1431 1872 non-

201 1916 266 1974 nisi
286 1913 513 1992 phoretastieum
542 1911 683 1973 habuisse
718 1930 846 1992 eorpus,
879 1915 943 1974 siae
970 1916 1023 1993 qui
1047 1913 1119 1993 quid
1145 1911 1230 1974 aliud
1256 1912 1430 1992 fiuaerunt.

206 2014 288 2087 Quin
316 2018 405 2075 etiam
431 2017 475 2074 ita
502 2014 595 2075 nitide
624 2032 729 2075 ueram
752 2015 786 2076 de
810 2013 929 2075 Christo
953 2013 1081 2076 Domino
1103 2014 1193 2094 fidem
1221 2017 1362 2092 exponit,
1395 2022 1431 2076 ut

202 2120 340 2194 ipsorum
360 2133 485 2196 quoque,
509 2118 561 2194 qui
571 2125 645 2195 post
659 2119 757 2195 ipsum
773 2119 875 2177 exorti
888 2127 970 2186 ssent,
995 2116 1150 2193 confodiat
1165 2115 1322 2176 haeresim
1351 2112 1431 2178 Hine

202 2215 379 2278 Nestorium
396 2219 563 2297 profliyot,
596 2233 664 2278 sum
686 2216 770 2277 docet
794 2215 963 2288 Christum,
995 2216 1092 2277 Deum
1120 2216 1187 2277 h'oet
1215 2226 1242 2276 et
1271 2215 1430 2288 homiuem,

200 2337 302 2404 unum¹
317 2329 416 2379 tomen
438 2335 510 2388 esse,
533 2322 683 2397 uniusque
705 2335 770 2379 esse
791 2322 854 2380 eius
879 2336 944 2380 sum
966 2319 1068 2380 diuina
1091 2327 1155 2378 tum
1177 2317 1310 2378 humana
1327 2337 1429 2397 opera,

202 2438 268 2480 eum
295 2418 419 2480 Verbum
440 2437 503 2480 non
526 2423 557 2480 in
580 2418 726 2480 hominem
748 2421 948 2491 descendisse,
983 2420 1036 2481 sed
1057 2419 1205 2481 hominem
1225 2420 1343 2496 foetum
1365 2439 1431 2482 esse

202 2521 346 2590 ostendit,
378 2539 444 2581 oum
473 2521 596 2600 denique
626 2521 740 2582 beatam
766 2519 915 2600 Viryinem
938 2521 1067 2581 Mariam
1087 2515 1250 2584 Osoebuor
1273 2520 1428 2599 Deiparam

97 2623 100 2628 ’
200 2625 321 2702 saepius
344 2622 487 2702 appellat.
532 2621 601 2683 Non
622 2625 724 2683 missus
746 2626 835 2684 etiam
850 2621 993 2702 Eutychis
1016 2625 1124 2683 errori
1144 2623 1340 2692 adversatur,
1365 2641 1430 2682 cum

198 2728 314 2803 possim
337 2724 523 2786 demonstrat
546 2725 703 2785 distinctas
729 2724 844 2785 Christi
863 2735 992 2785 staturas
1022 2729 1166 2802 uarioque
1199 2740 1306 2783 eorum
1327 2728 1430 2783 messeio

201 2826 313 2888 diserte
334 2825 475 2905 eapiioot.
519 2823 600 2886 Hine
621 2829 722 2886 sonesti
741 2824 849 2886 Patres
873 2830 904 2885 in
929 2825 1084 2895 Consiliis,
1118 2826 1280 2902 inquibus
1303 2824 1430 2886 illorum

201 2927 424 2990 haeretieorum
446 2927 588 2989 daurraata
610 2930 747 3006 impietas
770 2937 823 2997 est,
847 2931 927 2992 tona'
937 2926 1080 2988 Dostoris
1097 2930 1267 2989 testimonia
1283 2927 1431 2987 adducere

200 3029 345 3109 [idemque
369 3027 552 3089 Cathohieom
581 3032 645 3089 esus
668 3028 853 3107 eotefirmare
875 3031 1058 3090 auctoritate
1085 3045 1148 3088 reon
1172 3031 1355 3097 otniserunt,
1385 3032 1431 3089 uti

200 3130 240 3189 ad
258 3132 392 3208 propria
415 3129 481 3190 loeo
501 3133 681 3190 mouso'mus.

285 3229 332 3289 tv.
369 3229 480 3304 Photii,
498 3234 550 3309 qui
563 3231 680 3309 quidem
693 3235 756 3310 ipse
771 3233 899 3311 quinque
915 3229 947 3291 S.
964 3230 1125 3294 Athanasii
1140 3231 1304 3292 Orationes
1322 3242 1431 3292 eontra

200 3332 331 3393 Arianos
355 3341 511 3401 numerat,
547 3332 581 3393 de
609 3334 713 3394 iisdem
737 3332 935 3393 Orationibus
958 3333 1100 3394 iudicium
1127 3350 1190 3394 nou
1218 3333 1264 3392 hio
1287 3333 1429 3394 dussimus

198 3434 512 3513 praetermittendum.
549 3432 600 3493 Sis
616 3437 710 3512 s‘9itur
723 3433 776 3496 ίίίι
789 3433 989 3497 Bibliothecae
1008 3434 1112 3496 Codice
1130 3438 1217 3498 tto:
1236 3423 1429 3516 ἀνεγνώσθη

200 3534 259 3597 τοῦ
282 3525 382 3597 αὐτοῦ
406 3525 759 3618 ἀγίουίἈθανασίονί
781 3526 801 3617 ἦ
823 3531 907 3598 κατὰ
925 3527 1057 3618 Ἀρείου
1082 3535 1225 3608 καὶτῶν
1249 3526 1350 3598 αὐτοῦ
1374 3532 1430 3597 bo-

199 3631 332 3718 γμάτων
354 3632 583 3717 πεντάβιβλος.
606 3632 665 3720 τὴν
691 3634 752 3719 μὲν
775 3622 833 3699 οὖν
856 3632 979 3720 φράσιν
1003 3631 1113 3720 σαφής
1134 3639 1170 3699 τί
1190 3633 1290 3713 ἐστιν,
1315 3629 1361 3712 ὡς
1375 3632 1429 3700 καί

167 3753 170 3758 ’
199 3733 234 3801 ἐν
255 3737 359 3815 πᾶσι,
391 3738 446 3802 καί
470 3730 647 3820 ἀπέριττος
668 3737 723 3802 καί
746 3726 879 3822 ἀφελής,
905 3734 1022 3821 δριμὺς
1041 3733 1099 3801 καὶ
1118 3734 1244 3821 βαθύς,
1273 3737 1329 3801 καί
1357 3745 1429 3814 τοῖς

200 3834 451 3924 ἐπιχειρήμασιν
485 3833 626 3915 εάτονος.
659 3834 716 3903 καί
742 3833 782 3902 τὸ
808 3834 944 3921 γόνιμον
967 3837 1003 3904 δὲ
1026 3830 1126 3903 αὐτοῦ
1149 3836 1185 3904 ἒν
1205 3825 1337 3916 τούτοις
1358 3833 1430 3922 ἡλί·

199 3961 271 4017 uor,
301 3934 381 4004 ὅσον
401 3941 456 4005 καί
478 3938 680 4022 θαυμάσιον.
710 3938 857 4024 λογικοῖς
885 3963 922 4005 τε
942 3938 1105 4023 μεθόιίοις
1127 3936 1203 4005 οάτε
1223 3942 1353 4024 γυμνῶς
1375 3940 1426 4004 καί

200 4036 270 4106 ἀπὸ
293 4039 422 4108 ἐκεῖθεν
444 4042 571 4120 λέξεων,
596 4036 706 4127 ὥςπερ
729 4040 762 4108 oi
783 4042 905 4118 παῖδες
925 4043 980 4107 καί
1003 4036 1203 4126 ἀρτιμαθεῖς
1223 4038 1425 4126 μειρακιώδη

199 4143 394 4230 φιλοτιμίαν
424 4141 688 4226 ἐπιδεικνύμενοι
709 4141 929 4229 πράττουσιν,
954 4137 1029 4208 ἀλλ’
1054 4140 1293 4230 έμφιλοσόφως
1314 4167 1351 4209 τε
1373 4143 1424 4207 καί

112 4298 114 4303 .
136 4286 143 4302 ·
198 4247 472 4331 μεγαλοπρεπῶς,
486 4243 542 4311 καὶ
557 4255 632 4323 ταῖς
648 4245 789 4323 ἐννοίαις
803 4243 922 4329 μόναις
935 4246 990 4311 καί
1005 4243 1141 4322 ταύταις
1154 4245 1424 4330 διεσχηματισμέ-

198 4371 273 4424 ναις
295 4340 531 4434 ἀποκέχρηται·
553 4355 732 4434 γραφικοῖς
752 4371 789 4412 τε
810 4352 1007 4432 μαρτυρίαις
1027 4348 1080 4411 καί
1098 4340 1309 4425 ἀποδείξεσιν
1326 4345 1374 4424 είς
1387 4342 1423 4409 τὸ

196 4448 354 4535 καρτερὸν
375 4445 624 4534 κατωχύρωται·
651 4449 707 4516 καί
734 4443 851 4529 ἁπλῶς
878 4441 971 4534 ἀρκεῖ
998 4446 1037 4516 τὸ
1064 4447 1196 4534 βιβλίον
1222 4449 1322 4515 τοῦτο
1344 4441 1423 4514 κατὰ
