2948 5092
425 261 534 304 oaurro
550 260 594 302 ru.
611 260 725 302 corrui
740 261 875 305 aurnuns.
1185 249 1247 312 563
1326 299 1334 309 ,

28 416 176 477 anmtione
199 398 391 493 ambigerent.
435 411 525 472 lllnlto
554 410 643 490 igitur
669 412 762 491 magis
784 413 892 475 Paulus
915 415 980 494 ipse
1002 424 1105 495 raptus
1127 426 1335 479 noveratrner.

32 519 133 591 etiam,
167 535 297 596 quonam
325 517 414 577 modo
443 522 546 592 raptus
577 514 692 576 luisset.
738 516 868 594 Namque
896 517 924 578 id
947 518 1005 596 ipsi
1026 518 1105 579 Eliae
1127 520 1249 582 minime

34 620 128 692 latuit,
147 619 198 694 ‚ita
226 628 259 681 ut
289 618 404 696 siquis
428 636 493 677 eum
516 617 683 678 haedere
710 617 939 696 interrogasset,
971 620 1120 698 potuisset
1147 622 1249 701 utiquo

40 731 167 795 narrare,
195 739 323 800 quonam
354 720 443 779 modo
467 718 574 779 luisset
595 719 660 798 ipse
681 729 841 796 assumtus.
886 720 944 784 Sed
968 730 1064 783 tarum
1086 723 1193 784 Paulus
1216 743 1250 786 se

43 825 144 884 nesure
166 832 300 896 testatur,
324 822 407 895 duas,
430 831 462 882 ut
484 840 538 900 ego
560 820 677 900 quidem
698 840 778 894 reor,
801 822 838 882 ob
854 841 968 885 causas.
1001 824 1113 898 Primo,
1135 835 1169 886 ut
1183 827 1250 905 ipse

46 925 119 998 dixit,
146 944 184 986 ne
207 925 273 1004 quis
295 924 442 985 visionum
466 923 635 984 excellentia
656 925 797 985 maiorem
820 942 886 985 eurn
908 934 1025 1003 putaret
1046 945 1129 999 esse,
1161 946 1249 1006 quarn

49 1027 112 1102 quod
133 1026 254 1086 rideret.
291 1026 404 1086 Deinde
426 1025 664 1104 quandoquidem
680 1025 812 1087 Salvator
837 1045 871 1087 so
887 1029 1003 1088 nescire
1026 1027 1148 1101 dixerat,
1171 1029 1250 1089 idern

51 1125 113 1188 illum
135 1127 256 1189 decebat
284 1129 397 1200 dicere,
431 1147 469 1188 ne
497 1146 600 1188 servus
629 1111 717 1207 s'u'pra
744 1128 901 1190 Dominum
924 1138 954 1190 et
975 1129 1137 1209 discipulus
1160 1148 1250 1207 supra

51 1230 204 1308 nagistrum
225 1249 292 1291 esse
315 1230 541 1291 existimaretur.
915 1252 917 1256 ⁸

117 1335 167 1397 48.
215 1333 272 1405 Qui
296 1332 385 1411 igitur
400 1332 491 1393 Paulo
515 1332 635 1393 dederat
657 1340 690 1393 ut
712 1333 810 1406 sciret,
833 1333 897 1412 ipse
912 1333 1003 1394 multo
1018 1334 1111 1413 magis
1127 1332 1248 1395 sciebat.

55 1431 99 1503 Qui
117 1435 192 1496 enim
215 1454 264 1507 ea,
289 1453 362 1512 quae
384 1433 505 1494 illidiei
527 1442 731 1512 praecurrunt,
755 1435 901 1508 enunciat,
923 1437 1004 1497 novit
1025 1445 1120 1510 certe,
1143 1455 1248 1514 quem·

54 1535 190 1597 admodum
222 1536 296 1609 dixi,
326 1536 512 1614 quandonam
545 1535 594 1596 illa
620 1536 684 1597 dies
713 1543 742 1596 et
763 1536 837 1618 bora
858 1518 979 1599 ventura
1002 1537 1058 1611 sit3
1090 1545 1248 1611 ettamen,

55 1632 107 1697 licet
125 1646 328 1716 cognosceret,
359 1638 442 1698 dicit:
475 1657 568 1718 neque
600 1637 696 1700 Filius
724 1644 817 1700 novit.
862 1639 951 1701 Cuius
975 1658 1045 1718 ergo
1069 1641 1160 1719 gratia
1181 1648 1252 1701 tuuc

49 1734 111 1797 ‘dixit
129 1743 227 1801 nerem
250 1758 325 1817 quae
347 1740 413 1818 ipse
434 1747 466 1800 ut
486 1740 633 1800 Dominus
655 1740 800 1802 noverat?
840 1741 918 1802 Sane
952 1741 977 1802 si
1010 1742 1180 1804 coniectura
1207 1740 1252 1802 uti

55 1832 119 1913 boet,
140 1849 261 1901 nostrae
284 1840 416 1902 utilitatis
438 1840 540 1915 causa,
565 1851 595 1903 ut
617 1860 703 1915 reor,
726 1842 754 1903 id
776 1843 853 1904 lecit.
898 1843 982 1905 Faxit
1002 1852 1098 1906 autern
1121 1844 1196 1922 ipso,
1219 1851 1253 1906 ut

23 1948 29 1955 '
56 1934 105 2013 her,
124 1943 201 2021 quod
225 1943 341 2022 opinor,
365 1962 467 2004 verum
490 1944 538 2004 sit.
582 1943 744 2023 Utrobique
759 1945 893 2006 Salvator
914 1945 950 2006 ad
972 1955 1108 2007 nostrum
1129 1945 1254 2007 attendit

57 2045 233 2105 commodum.
278 2045 349 2105 ttam
373 2064 446 2124 qnae
469 2055 536 2107 ante
558 2047 647 2107 linem
670 2056 825 2108 occurrent
852 2047 1006 2122 indicarit,
1038 2067 1092 2121 ne,
1110 2055 1155 2108 ut
1181 2047 1255 2108 dixit

56 2136 118 2217 itte,
139 2155 261 2224 stupore
282 2148 409 2226 perculsi
432 2148 479 2208 bis
504 2148 704 2210 accidentibus
728 2150 927 2224 turbaremur,
950 2150 1003 2212 sed
1024 2150 1125 2229 potius
1148 2168 1183 2210 ex
1204 2149 1253 2210 bis

10 2231 12 2245 '
56 2255 202 2309 tenatorum
237 2250 326 2309 linem
358 2249 619 2328 praestolaremur.
668 2249 767 2312 Noluit
799 2270 889 2330 porro
919 2251 956 2313 de
984 2245 1033 2312 illa
1059 2251 1107 2312 die
1128 2261 1159 2312 et
1179 2236 1280 2312 bora¹

10 2418 32 2433 Ι,
57 2350 195 2411 amodum
219 2351 399 2412 divinitatem
422 2352 519 2412 dicere
547 2355 636 2425 novt';
672 2352 740 2424 sed,
771 2360 805 2412 ut
831 2353 889 2414 iam
917 2353 1058 2434 exposui,
1091 2352 1255 2414 secundum

10 2438 16 2550 l
57 2458 168 2525 tarnem,
191 2471 266 2531 quae
288 2471 396 2533 nempe
418 2453 447 2514 id
469 2453 639 2532 ignorabat,
668 2455 709 2515 ait
730 2473 792 2516 non
813 2460 900 2528 noct,
929 2472 966 2515 ne
987 2473 1093 2515 rursus
1115 2473 1183 2515 eum
1205 2453 1254 2514 di-

10 2562 13 2573 '
57 2544 139 2626 tripuli
170 2555 404 2633 interrogarent,
437 2574 549 2633 eosque
565 2556 626 2616 ille
647 2555 673 2618 si
695 2556 958 2617 reticerettdolore
986 2557 1131 2629 alliceret,
1159 2555 1204 2615 rel
1227 2553 1256 2615 si

56 2641 154 2729 diceret,
176 2664 295 2735 praeter
316 2656 434 2717 illorum
457 2666 487 2717 et
508 2666 644 2719 nostrum
666 2657 854 2718 commodum
871 2655 979 2736 ageret.
1014 2656 1159 2736 Quicquid
1175 2655 1256 2718 enim

56 2743 125 2832 lecit,
151 2758 180 2819 id
210 2766 304 2819 toturn
334 2757 429 2819 nostri
457 2760 550 2837 gratia
584 2767 645 2832 est,
679 2758 917 2838 quandoquidem
946 2767 975 2821 et
1001 2759 1099 2838 ipsum
1124 2759 1256 2820 Verbum
1293 2790 1297 2815 ι
1349 2759 1359 2780 “

56 2859 158 2934 tropen
178 2878 236 2920 nos
259 2877 327 2919 caro
351 2861 458 2921 lactum
481 2869 537 2922 est
580 2861 706 2939 Propter
727 2878 783 2921 nos
805 2861 895 2939 igitur
916 2859 1004 2921 dixit:
1040 2879 1135 2942 neque
1157 2859 1256 2922 Filius

10 2954 17 3111 ι
56 2944 130 3020 torta
174 2960 237 3022 Neo
258 2979 328 3021 vero
352 2961 414 3021 boc
431 2961 615 3024 mendacium
641 2961 713 3036 suit,
747 2961 893 3041 siquidem
921 2980 976 3042 pro
999 2962 1126 3024 humana
1147 2960 1254 3024 condi-

10 3132 15 3145 ·
54 3046 117 3121 lione
136 3070 168 3123 nt
190 3062 280 3122 bomo
304 3061 377 3123 dixit
396 3066 506 3147 nean‘o,
530 3081 587 3124 nec
607 3062 754 3141 permisit,
776 3072 810 3124 ut
830 3063 966 3143 discipuli
988 3082 1021 3124 se
1043 3064 1142 3126 dicere
1162 3081 1255 3142 coge·
1312 3129 1316 3135 ,

51 3163 112 3239 rent,
134 3164 242 3243 quippe
263 3183 330 3224 cnm
352 3164 523 3226 huiusmodi
544 3163 635 3225 verbo
657 3169 757 3226 nascio
785 3165 903 3226 illorum
925 3166 1105 3246 represserit
1125 3182 1255 3245 percun-

49 3263 191 3327 meones.
223 3266 381 3327 Praeterea
404 3259 547 3345 scripturn
570 3273 617 3326 est
632 3264 663 3326 in
676 3265 796 3328 Actibus
810 3267 1031 3349 Apostolorum,
1053 3286 1121 3329 cum
1134 3266 1342 3347 Augebantur.

45 3348 234 3441 itreberet‘ur,
257 3376 291 3429 ut
310 3369 400 3428 borno
423 3367 587 3429 ascendens
610 3376 639 3430 et
661 3386 795 3443 carnem,
818 3388 905 3449 quam
927 3370 1069 3450 gestabat,
1091 3371 1122 3431 in
1144 3369 1258 3431 caelum

42 3467 178 3540 murus,
200 3468 287 3548 idque
309 3470 444 3531 ridentes
467 3469 605 3548 discipuli
625 3468 699 3532 baec
720 3469 886 3532 iterum-ab
900 3490 936 3533 eo
952 3479 1137 3552 quaererent,
1160 3489 1256 3550 quan-

39 3559 144 3632 donam
166 3570 234 3631 linis
258 3572 374 3634 tuturus
402 3578 485 3633 esset
514 3580 544 3633 et
571 3569 689 3650 quando
713 3579 744 3633 tu
765 3580 909 3636 venturus
932 3591 982 3647 es,
1004 3573 1101 3652 ipsum
1125 3570 1257 3652 apertius

36 3750 116 3813 «aaa
133 3750 172 3812 air
189 3751 320 3818 δεσπότης
335 3747 420 3808 οἶδεν·
440 3751 621 3823 ώςδὲδιερευ-
685 3788 688 3794 ·
707 3757 731 3807 b.
749 3757 805 3820 Beg.
818 3758 840 3808 l.
858 3767 882 3809 et
894 3757 993 3820 Segner.
1008 3754 1046 3824 μὴ
1064 3753 1259 3824 nortpertinor-

37 3825 149 3880 aanor.
674 3834 721 3873 ow
746 3817 845 3881 αὐτὸν,
879 3819 925 3874 καὶ
950 3821 1046 3875 λοιπὸν
1071 3822 1109 3894 μὴ
1137 3820 1257 3894 εἰρηκώς.

65 3913 88 3946 e.
109 3897 167 3957 lleg.
181 3895 202 3943 l.
221 3894 321 3956 Segner.
340 3897 437 3946 Gobler.
452 3894 587 3943 etFelclm.
600 3892 623 3943 l.
674 3895 739 3943 llaec
756 3902 834 3943 antem
853 3908 914 3958 qnae
931 3904 1065 3959 sequuntur
1074 3896 1143 3945 rerba
1154 3887 1256 3962 λυπήσῃ

35 3956 185 4030 παράσχοι.
204 3970 230 4012 ιιι
247 3964 370 4026 etdnglic.
389 3965 413 4012 in
431 3961 546 4022 margine.
576 3961 622 4011 Ce-
672 3954 735 4010 τότε
757 3955 822 4015 τοὺς
841 3955 985 4028 μαθητὰς,
1009 3954 1154 4030 deiparam
1171 3963 1259 4015 absunt

36 4034 77 4083 tert
95 4039 128 4082 σι’
139 4031 196 4081 editi
213 4027 332 4096 παρέχει.
368 4031 441 4081 Panlo
459 4040 516 4111 post
528 4031 584 4091 Reg.
599 4029 622 4078 l.
674 4045 688 4079 a
705 4030 778 4079 basil.

36 4100 107 4181 W·
124 4099 196 4177 00])1·
210 4108 233 4148 ⁸¹
246 4100 350 4178 ffstlffll·
366 4100 387 4148 ¹·
406 4091 435 4146 ἐν
452 4093 623 4178 “ll‘WfQff‘s
708 4114 723 4164 i.
742 4115 799 4175 lieg.
818 4115 841 4164 l.
860 4123 883 4165 et
900 4115 998 4179 Segner.
1016 4109 1123 4182 ποιήσῃ.
1158 4116 1215 4178 lleg.
1233 4114 1258 4166 2.

33 4167 108 4234 29¹⁷·
127 4165 173 4216 ΝΠ
186 4167 275 4217 “edlu
287 4160 317 4216 ἐν
328 4163 498 4233 “lli“''ftw‘f
508 4162 621 4232 drqu.
674 4181 755 4232 ποιεῖ.
793 4182 855 4233 Editi
878 4182 945 4250 ποιῇ
962 4185 1026 4249 quod
1044 4185 1140 4234 verbum
1158 4191 1184 4232 nt
1202 4173 1259 4234 eti¹

66 4238 85 4286 t.
103 4236 146 4314 §ic
163 4234 220 4297 lieg.
232 4236 372 4314 usqua,
384 4236 489 4312 ⁸Gobler.
507 4234 624 4312 etlelclt·
673 4244 728 4317 γὰρ
746 4241 781 4298 ἄν
798 4251 866 4301 deest
883 4252 907 4302 in
925 4252 1023 4303 Gobler.
1041 4251 1225 4302 errarunt.

33 4318 116 4356 unni
127 4302 152 4353 1.
186 4304 215 4353 dt
233 4305 273 4352 aln
292 4313 315 4353 et
333 4304 534 4354 odrtroConrmel.
552 4311 623 4354 omit·
708 4345 732 4394 k·
750 4346 806 4408 Res·
822 4345 844 4395 1·
862 4351 887 4394 a
902 4346 1003 4408 Saum·
1020 4335 1075 4394 ,gg

31 4381 86 4425 tunt
101 4365 175 4439 μηδὲ
192 4370 368 4437 θροηθῶμεν.

64 4456 89 4504 g.
109 4439 185 4490 basil.
204 4448 228 4489 et
245 4440 350 4490 lelclm.
369 4439 393 4489 b.
410 4437 512 4494 driade
528 4431 622 4498 εἰπεῖν,
708 4434 725 4487 l.
744 4438 800 4501 lieg.
820 4438 842 4488 l.
861 4445 885 4488 et
901 4438 1040 4501 Segnerlrn.
1058 4436 1148 4490 addant
1163 4429 1260 4496 εὶποῐν,

28 4498 78 4566 ὅτι
93 4499 147 4559 οὒκ
164 4493 236 4557 οἰδα.
674 4505 740 4573 qnod
756 4507 783 4578 ip
799 4505 854 4558 aliis
871 4512 895 4558 et
910 4505 982 4558 edlttr
999 4505 1075 4557 deut.

925 4619 926 4622 ,
1000 4587 1057 4641 gg*
