2948 5092
438 264 583 309 errarunt
597 266 634 308 rr.
650 266 687 307 an
702 265 898 310 emorousae.
1211 252 1274 317 805

49 415 240 489 bernantem,
263 416 327 478 ausi
350 426 448 478 essent
469 417 576 490 dicere,
598 434 698 491 rernm
720 425 853 478 naturam
872 417 1075 481 aBeelzebule
1089 420 1182 481 luisse
1197 436 1359 481 con-nur.

47 518 157 592 dium,
180 527 230 580 aut
252 519 361 591 solem,
384 528 417 589 ut
438 518 555 580 diabolo
577 518 808 598 obsequeretur,
832 520 921 593 oriri,
944 522 1060 583 eteius
1083 541 1171 584 causa
1193 528 1275 584 astra

47 620 85 683 in
107 621 189 685 caeto
212 622 378 700 circumagi.
422 621 495 682 Nam
517 620 761 701 quemadmodum
783 619 856 682 baec
870 622 922 683 llei
940 624 1132 697 sunt-itaet
1152 623 1200 685 illa
1215 623 1274 686 Pe·
1349 628 1356 643 ‘

47 722 111 785 tris
134 732 219 784 erant
240 742 346 803 opera,
376 718 405 784 et
426 724 451 784 si
474 723 522 784 illa
543 722 740 796 Beelzebulis,
770 725 941 784 necessario
964 735 995 786 et
1016 725 1072 804 ista
1094 725 1275 787 beelzebulis

45 823 182 898 tuerim3
205 835 234 884 et
256 843 398 904 quorsum
420 833 525 904 postea
546 825 620 886 baec
640 825 787 886 referent:
805 824 844 887 lu
857 830 1008 907 principio
1022 829 1095 906 serit
1109 827 1191 890 Deua
1207 847 1276 890 eoe-

48 924 118 987 lum
140 938 169 987 et
190 925 328 988 terram?
372 927 479 988 Verum
500 944 560 987 non
580 925 716 987 insolens
738 937 792 987 est.
807 926 918 988 isthaec
938 929 1179 990 eoremrinsania.
1224 926 1274 991 Si-

47 1027 173 1107 quidem
196 1027 302 1089 horum
325 1029 426 1089 Patres
450 1030 552 1090 eadem
573 1037 672 1090 mente
693 1027 818 1107 praediti
840 1027 871 1087 iri
893 1047 1008 1102 eremo,
1036 1048 1104 1090 curu
1125 1049 1219 1108 nuper
1240 1048 1276 1090 ex

47 1129 186 1219 Aegypto
210 1131 321 1209 egressi
345 1139 462 1203 essent,
486 1130 575 1191 vitulo
598 1149 614 1190 a
637 1148 671 1192 se
693 1130 818 1191 conllato
841 1129 892 1190 bet
915 1148 983 1209 erga
1006 1149 1040 1192 se
1061 1131 1201 1193 benetieia
1223 1150 1276 1193 re·

51 1230 188 1292 luentes
212 1231 361 1293 dicebant:
385 1232 428 1294 Hi
448 1246 519 1296 aaut
542 1234 585 1294 dtr·
606 1236 659 1304 teti,
682 1231 792 1304 lsrael,
815 1235 868 1312 qui
888 1243 915 1293 te
937 1234 1109 1294 eduxerunt
1135 1235 1170 1295 de
1192 1245 1278 1295 terro

52 1331 191 1413 demet.
238 1333 282 1394 Ob
306 1335 380 1394 hanc
402 1335 499 1412 itaque
519 1333 733 1413 blasphemiam
754 1334 891 1413 protinus
913 1352 948 1393 cx
971 1333 1023 1407 iis',
1052 1335 1101 1413 qui
1124 1334 1191 1395 talia
1211 1334 1277 1396 ansi

53 1433 190 1506 formant,
223 1434 306 1495 initio
329 1454 389 1507 non
411 1437 495 1515 pauci
519 1437 571 1497 sed
593 1436 711 1516 plurimi
734 1435 822 1497 occisi
846 1444 929 1509 sunt,
957 1436 1140 1498 denuntiavit
1159 1455 1277 1516 quoque

51 1533 138 1597 Beue
160 1535 278 1597 dicens:
310 1539 380 1611 Quo
401 1540 447 1604 die
468 1539 609 1610 visitabo,
638 1539 778 1600 iudeorum
800 1556 893 1618 super
915 1556 965 1599 eos
984 1550 1139 1618 peecatum
1162 1557 1277 1600 eorum.

50 1635 133 1698 Nam
154 1639 292 1717 quamdiu
320 1640 360 1701 illi
389 1641 427 1700 ob
455 1640 540 1719 panis
570 1647 601 1702 et
620 1658 713 1719 aquae
734 1639 886 1719 penuriam
910 1639 1187 1712 obmurmurabant,
1219 1639 1278 1700 bo·

50 1737 154 1800 mines
176 1741 333 1815 tolerabat,
361 1742 439 1803 haud
467 1716 552 1804 sebus
576 1759 662 1821 quam
684 1743 784 1803 nutrix
804 1741 955 1802 alumnum
977 1760 1080 1814 suurn,
1108 1741 1158 1801 ubi
1180 1749 1276 1800 autem

50 1838 94 1901 a'd
115 1841 259 1902 maiorem
281 1843 426 1904 insaniam
448 1843 611 1922 progressi,
634 1852 668 1905 ut
687 1843 787 1922 psallit
807 1850 910 1903 contra
933 1862 995 1925 eos,
1007 1842 1151 1921 Spiritus,
1175 1841 1365 1909 Muto-moer

49 1953 170 2003 emat
190 1943 320 2022 plorabere
341 1965 427 2006 auem
449 1950 481 2007 ia
503 1945 728 2008 similitudinem
749 1944 841 2008 vituli
861 1946 1038 2006 comedentis
1056 1946 1198 2023 saeuum,-
1220 1944 1279 2004 iam

50 2061 124 2105 urm
145 2063 210 2137 rem
234 2046 479 2126 indeprecabilcm
503 2048 566 2108 ausi
589 2056 705 2120 essent,
728 2047 861 2126 percussi
884 2057 967 2120 suut,
1002 2055 1035 2107 ut
1056 2045 1097 2106 ait
1117 2044 1279 2125 Scriptura,
1350 2040 1354 2049 '

52 2144 98 2209 ob
119 2145 292 2210 fabricatum
315 2149 448 2223 vitulum,
472 2168 560 2228 (quem
581 2150 692 2211 iecerat
711 2150 819 2210 Aaron.

149 2560 197 2620 17.
242 2557 350 2618 Eadem
382 2567 411 2619 et
439 2576 516 2618 nunc
544 2556 607 2617 ausi
629 2556 780 2618 Pharisaei
808 2555 894 2617 talem
923 2575 939 2616 a
962 2555 1087 2616 Domino
1116 2536 1282 2615 retulerunt

52 2656 293 2732 damnationem,
325 2660 440 2738 qualem
460 2657 632 2733 beelzebul,
661 2676 748 2738 quem
776 2657 817 2718 illi
840 2675 944 2717 eornm
966 2664 1117 2718 auctorem
1140 2653 1283 2734 suspicati

55 2767 148 2832 sunt,
171 2761 229 2820 iam
252 2769 313 2821 tum
336 2761 438 2821 babuit
459 2770 490 2821 et
510 2760 615 2834 habet3
643 2760 683 2822 ita
704 2769 737 2821 nt
757 2758 815 2840 ipsi
837 2742 954 2838 quoque
976 2758 1007 2819 in
1034 2758 1103 2836 igne
1125 2757 1161 2819 ab
1183 2767 1282 2818 aeter-

54 2861 152 2923 nitate
174 2860 215 2922 illi
236 2872 410 2941 praeparate
433 2880 497 2922 cum
519 2861 587 2942 ipso
609 2861 783 2924 absumendi
806 2860 876 2921 sint.
920 2860 987 2920 Non
1009 2861 1089 2921 enim
1120 2859 1193 2920 haec
1214 2859 1282 2919 ideo

55 2962 203 3042 loquutus
227 2973 282 3036 est,
304 2973 336 3024 ut
357 2963 573 3041 blasphemiam
589 2964 623 3025 in
645 2983 678 3026 se
700 2963 844 3044 prolatam
866 2981 932 3024 cum
954 2961 1136 3041 blasphemia
1158 2961 1189 3023 in
1211 2951 1299 3039 Spi-⁸

56 3064 153 3128 ritum
176 3074 310 3127 sanctum
333 3065 490 3139 conferret,
514 3065 599 3144 quasi
621 3065 748 3144 Spiritus
770 3073 890 3126 sanctus
912 3082 946 3125 se
968 3064 1064 3124 maior
1085 3071 1175 3135 esset,
1196 3061 1282 3122 ideo·

57 3186 121 3251 quc
142 3167 237 3228 mains
260 3167 372 3228 crimen
394 3176 476 3228 esset
497 3167 678 3246 blasphemia
700 3166 731 3229 in
755 3166 898 3249 Spiritum
909 3168 1069 3241 dauctum3
1089 3165 1178 3227 absit.
1209 3163 1283 3227 Nam

56 3278 130 3333 ente
153 3270 303 3341 domerat,
327 3269 435 3342 omnia,
458 3288 532 3349 quae
553 3269 641 3337 Pater
662 3266 761 3341 babet,
783 3268 848 3330 Filii
871 3287 957 3339 esse,
980 3277 1066 3329 etex
1088 3267 1161 3328 Filio
1186 3264 1283 3346 Spiri-

57 3382 124 3434 tum
148 3366 220 3433 esse
239 3358 442 3449 accepturum,
471 3371 628 3451 ipsumque
654 3370 797 3450 Spiritum
822 3370 1051 3455 glorifieabrrmn
1077 3388 1145 3431 esse
1163 3368 1282 3451 Eilium.

56 3472 316 3553 Nequeo-Spiritus
338 3473 443 3535 Filium
466 3474 530 3548 dat,
554 3473 609 3534 sed
629 3472 722 3553 Filius
744 3470 887 3555 Spiritum
907 3468 1031 3553 praebet
1050 3468 1228 3552 Discipulis,
1249 3487 1285 3532 ao

56 3594 116 3657 per
138 3573 206 3635 illos
227 3574 280 3645 iis,
312 3575 363 3653 qui
391 3575 422 3635 in
449 3594 482 3636 se
512 3575 644 3636 credunt
688 3574 755 3636 Non
777 3590 813 3635 eo
835 3573 1054 3653 itaqnereuimo
1075 3572 1219 3653 loquutus
1239 3579 1286 3635 eet

58 3765 128 3815 tetra
152 3763 208 3822 lqu.
228 3763 326 3823 Seguer.
346 3770 369 3810 et
387 3763 492 3812 Graecus
510 3762 648 3826 Scripturas
699 3761 741 3817 sed
760 3759 1072 3824 praestarevidetnrprior.
1100 3746 1281 3823 llorpoatpet'

57 3840 142 3883 textos
159 3822 243 3886 δόξαν
261 3820 359 3878 αὐτῶν.
390 3821 649 3884 Εὼῑίδόξαθαύτοῦ.
699 3819 784 3876 αὐτοῦ
801 3830 857 3891 lteq.
876 3837 900 3877 et
917 3828 1019 3891 Sequar,
1033 3817 1075 3875 ὑπ’
1096 3818 1188 3874 αὐτοῦ.

191 3898 298 4016 tutu
318 3892 649 4017 trituranti.
733 3944 756 3992 e·
1141 3936 1166 3978 ·¹
1179 3926 1284 3979 uer

58 4035 117 4086 llos
141 4048 186 4098 pro
209 4025 404 4098 ἰπατάχθησαν
426 4022 516 4095 Angli'c.
540 4025 650 4099 ἐμαστί·
702 3998 724 4048 ¹·
759 3996 822 4048 mm
839 3989 877 4051 εἰς
893 3990 998 4048 ἑαυτόν·
1100 4098 1104 4107 ¹

51 4101 180 4171 χὴσαν.
199 4103 304 4152 lelclm.
314 4101 338 4150 2.
350 4094 566 4166 ἱπεστάχθηων.
585 4100 648 4153 Edit.
734 4101 758 4149 b.
777 4100 817 4150 Sic
833 4100 889 4162 urg.
913 4099 1014 4161 Sequar.
1035 4097 1129 4159 Anglre.
1146 4095 1243 4146 Gobler.
1262 4102 1287 4144 et

61 4171 184 4223 comnel.
201 4162 398 4235 ἐπετάχθησαν.
703 4167 1076 4225 lelchro.1.etedit.l'arie.‚
1098 4167 1122 4215 ie
1174 4173 1287 4213 eumen

99 4240 118 4290 t.
135 4239 178 4289 Sic
199 4239 255 4301 Req.
283 4247 306 4287 et
328 4240 429 4300 seruet.
463 4237 489 4289 lu
513 4237 584 4287 editis
601 4227 653 4295 τήν
703 4230 772 4287 deest
787 4230 961 4303 ,thermaico
978 4242 1034 4298 poet
1049 4246 1111 4297 γινο
1179 4246 1209 4287 c,
1228 4228 1302 4301 cdlii,

60 4309 143 4359 deese
178 4304 229 4358 tter
254 4307 311 4368 lter.
335 4315 359 4356 et
381 4306 481 4366 Senam.
498 4294 561 4353 oter
578 4312 651 4354 reete.
702 4304 845 4355 (tonnella.
861 4298 1007 4371 λεγομένης
1021 4295 1194 4367 picturales
1209 4286 1289 4349 edd.
1385 4302 1395 4353 l

59 4376 127 4428 Editi
145 4359 199 4423 ola.
234 4375 298 4424 lutra
317 4382 373 4438 post
388 4372 443 4440 πῦρ
461 4374 485 4423 in
504 4374 608 4423 Felclrm.
626 4371 651 4422 2.
701 4362 806 4440 εἴρηκεν
822 4373 920 4423 omlssie
938 4370 1087 4421 intermediis
1102 4384 1149 4435 pro
1214 4380 1289 4433 repe·

58 4453 88 4495 et
114 4444 236 4495 ineditis
263 4435 364 4508 ἐκείνῳ.
405 4443 432 4491 lu
458 4440 513 4499 aliie
538 4441 651 4501 omnibus
701 4442 769 4491 titan
857 4434 963 4507 ,cpias
979 4452 1069 4507 rpeena
1105 4438 1140 4489 lbi
1157 4450 1197 4487 em
1212 4434 1289 4489 nent.

56 4508 165 4566 &aba
196 4513 301 4577 tltraqne
324 4511 395 4563 lectio
418 4509 538 4576 quadrare
560 4506 650 4575 penei,
701 4506 817 4567 τοιαῦτα
875 4520 945 4569 quer.
1202 4526 1213 4543 ··
