2948 5092
414 272 556 320 canrosa
570 275 610 320 na
625 274 792 323 scuranum
805 277 945 323 nroursu.
1064 259 1067 265 ’
1229 269 1289 334 133

69 427 257 490 smdsbtatis
279 426 512 508 propugnandae
534 444 623 488 causa
645 428 783 500 tradidit,
808 411 983 492 seutentiam
1013 432 1099 506 item,
1132 453 1189 513 qua
1219 435 1377 498 dicitnam

66 530 163 592 lilium
186 547 255 591 esse
277 546 315 590 cx
336 527 498 610 substantia
519 527 628 600 Patris,
651 547 707 590 uec
728 536 788 590 non
810 532 1013 593 aeternitatem
1035 533 1111 607 cius,
1134 537 1289 615 coguatio-

64 650 126 692 uem
147 631 258 692 mentis
280 648 349 692 oum
370 629 478 703 verbo,
506 629 598 692 tontis
627 648 693 692 cum
724 631 811 692 tluvio
841 641 871 693 at
898 641 1013 707 cetera;
1045 644 1078 696 ut
1099 636 1144 698 vel
1167 656 1203 698 ex
1225 638 1291 717 ipsa

63 751 158 795 rerum
175 731 382 812 'discrepantia
405 731 550 805 noverint,
574 733 724 810 quomodo
746 734 846 812 priora
869 734 988 814 quidem
1010 736 1058 797 illa
1079 755 1134 816 per
1155 757 1289 801 oecono-

62 836 146 897 miam
168 834 289 906 dinem,
310 833 385 895 haec
406 850 477 894 vero
499 840 532 895 ut
552 834 619 914 piae
641 833 710 895 fidei
731 835 863 914 postulat
883 836 971 897 ratio.
1004 837 1046 898 dc
1061 837 1200 919 deinceps
1215 839 1290 904 baec

60 937 233 1016 profitentes
256 953 328 996 suas
351 934 399 997 his
431 935 622 996 adversantes
644 936 805 999 sententias
828 937 994 1017 repudient.
1040 939 1118 1013 Quid
1141 941 1221 1003 enim
1243 941 1290 1004 vel

60 1038 227 1116 proximum
249 1034 387 1099 habuerit
406 1035 468 1097 Arii
496 1035 669 1115 malignitati
696 1035 828 1116 Dionysii
857 1036 955 1100 tides?
998 1039 1104 1102 Nonne
1126 1040 1213 1102 Arius
1236 1059 1288 1104 se-

60 1138 185 1201 cundum
208 1137 359 1217 cogitandi
379 1137 502 1199 modum
525 1138 664 1199 duntaxat
677 1137 806 1199 Verbum
829 1158 896 1201 esse
912 1140 991 1213 dicit,
1014 1141 1172 1221 Dionysius
1190 1151 1290 1205 autem

60 1258 123 1301 rere
146 1248 179 1301 et
206 1246 313 1300 natura
336 1258 391 1300 sna
412 1232 538 1300 Verbbm
560 1238 614 1300 bei
637 1236 730 1300 essai
774 1240 824 1301 llle
852 1241 981 1303 Verbum
1009 1241 1088 1304 Patri
1116 1251 1290 1307 extraneum

60 1442 178 1504 uerbum
201 1461 220 1503 a
241 1450 341 1504 mente
364 1451 394 1503 et
416 1443 525 1504 tlumeu
547 1461 563 1503 a
585 1443 678 1504 tonte.
722 1444 754 1504 Si
776 1444 843 1522 quis
866 1443 954 1522 igitur
975 1445 1087 1525 poterit
1108 1443 1238 1506 dividere
1258 1453 1290 1508 et

59 1544 183 1605 alienare
206 1542 333 1605 verbum
355 1563 372 1604 a
394 1552 503 1617 mente,
526 1543 573 1604 vel
594 1543 715 1606 fluvium
738 1563 754 1606 a
776 1546 860 1605 sonte
882 1563 1021 1625 separare
1044 1555 1073 1605 et
1094 1546 1180 1624 quasi
1201 1564 1290 1625 muno

59 1655 209 1708 astructo
243 1645 400 1720 dirimere,
434 1646 479 1706 vel
509 1646 588 1707 ausit
618 1646 719 1708 dicere
750 1647 871 1708 fluvium
901 1648 1035 1710 diuersae
1064 1646 1289 1711 substantiane

60 1748 145 1819 tonte,
168 1765 206 1808 ac
227 1746 375 1808 diversam
398 1746 434 1808 ab
458 1765 494 1808 eo
516 1766 621 1826 aquam
644 1756 890 1823 commonstrare,
912 1748 958 1809 vel
979 1747 1169 1826 splendorem
1191 1747 1290 1810 aluos

59 1848 208 1922 dirimere,
231 1856 262 1909 et
283 1848 429 1910 affirmare
452 1867 489 1910 ex
511 1849 604 1910 aliena
627 1848 790 1911 substantia
813 1869 880 1911 esse
903 1849 1168 1928 splendoremnec
1190 1849 1288 1913 alucc

60 1949 195 2027 prodire,
225 1950 253 2010 is
282 1968 349 2012 cum
370 1950 440 2012 driu
469 1950 613 2025 insaniat,
648 1950 795 2012 eiusmodi
824 1952 932 2041 quippe
959 1951 1050 2013 bomo
1086 1968 1123 2010 ne
1156 1956 1290 2011 mentem

62 2171 124 2212 asse
146 2153 212 2231 ipsa
235 2154 319 2214 novit
334 2143 461 2227 natura,
490 2172 652 2233 eorumque
678 2154 779 2234 proles
810 2154 884 2232 ipsis
912 2153 1034 2232 propria
1063 2160 1127 2226 est3
1155 2170 1193 2213 ue
1219 2150 1288 2230 quis

64 2252 145 2330 igitur
165 2253 308 2333 deinceps
332 2271 399 2314 cum
419 2254 490 2315 Ario
512 2255 622 2316 s'entiat
643 2262 695 2316 aut
716 2254 889 2334 Dionysium
912 2253 1082 2316 calumniari
1105 2254 1200 2326 ausit3
1233 2252 1285 2313 sed

64 2354 149 2432 magis
169 2353 242 2416 binc
264 2354 328 2417 eius
350 2372 418 2416 cnm
440 2357 590 2417 sermonis
618 2356 860 2436 perspicuitatem
890 2365 952 2417 tum
980 2365 1090 2418 rectam
1119 2354 1207 2416 sulem
1231 2353 1285 2415 ad·
1298 2360 1323 2409 tr

67 2454 190 2517 miretur.

142 2658 193 2720 25.
238 2657 325 2729 Quod
355 2665 469 2736 spectat
494 2666 592 2719 autem
622 2657 701 2719 illam
722 2656 782 2735 bril
812 2657 973 2730 insaniam,
1003 2676 1059 2736 qua
1088 2656 1173 2729 dicit,
1207 2654 1292 2717 aliud.

72 2759 225 2836 essequod
248 2757 364 2819 iubeo
387 2767 436 2819 est
455 2759 593 2832 Verbum,
617 2767 648 2819 et
669 2759 746 2820 aliud
769 2760 885 2837 dequo
908 2759 1048 2837 loquutus
1072 2765 1119 2818 est
1138 2758 1266 2818 loannes
1276 2775 1292 2818 ε.

73 2857 104 2918 ln
119 2863 267 2940 principio
290 2871 358 2922 erat
383 2860 517 2930 Verbum,
541 2869 571 2921 et
593 2859 679 2921 aliam
701 2860 852 2939 propriam
875 2878 943 2920 esse
965 2859 995 2918 iu
1014 2858 1075 2919 lieo
1099 2857 1286 2936 sapientiam,

75 2958 147 3021 dam
165 2979 235 3021 rero
258 2978 345 3039 quam
368 2960 417 3021 his
439 2960 537 3022 verbis
560 2960 670 3022 iudicat
689 2960 865 3040 Apostolus:
897 2960 1036 3022 Christus
1060 2959 1118 3021 Dei
1137 2962 1238 3022 uirtus
1257 2968 1286 3020 et

76 3058 121 3120 θα·
138 3066 301 3142 sapienetm
329 3060 400 3122 illud
429 3079 543 3122 summa
572 3062 598 3121 vi
631 3063 781 3143 impugnat
810 3060 969 3141 Dionysius
999 3078 1177 3139 pravamque
1205 3059 1285 3120 illam

76 3168 234 3224 sententiam
263 3171 385 3224 strenue
412 3162 583 3225 insectatur.
628 3163 700 3225 Vide
723 3181 848 3242 quaeso,
883 3181 941 3241 quo
974 3170 1061 3242 pacto
1094 3161 1125 3222 iu
1153 3161 1284 3222 secundo

76 3259 137 3322 libro
156 3263 202 3324 bis
225 3263 262 3324 de
283 3263 375 3325 rebus
398 3263 486 3325 rerba
508 3264 608 3325 saciat:
632 3263 693 3339 „lu
712 3269 866 3345 principio
890 3274 958 3325 erat
984 3263 1125 3333 Verbum3
1147 3260 1201 3322 sed
1224 3279 1284 3322 uon

76 3371 148 3430 „erat
169 3363 307 3438 Verbum,
330 3364 409 3443 quod
424 3364 553 3426 Verbum
574 3365 749 3443 protulerit,
772 3365 928 3426 eratenim
944 3364 1072 3425 Verbum
1087 3362 1164 3440 apud
1180 3361 1283 3421 Deum.

75 3461 228 3530 „Dominus
251 3466 397 3546 sapientia
419 3473 482 3538 est3
505 3483 565 3527 non
589 3473 652 3527 erat
673 3466 762 3545 igitur
776 3466 929 3544 sapientia,
953 3464 1002 3543 qui
1019 3463 1192 3542 sapientiam
1208 3478 1283 3540 pro-

75 3563 183 3639 „duxit3
206 3584 274 3628 uam
296 3585 348 3646 epo
371 3586 469 3637 eram,
500 3567 612 3644 inquit,
646 3565 941 3648 condelectabatur.
986 3563 1101 3625 Veritas
1124 3571 1172 3624 est
1193 3561 1368 3628 Chri-naor.

75 3674 164 3733 astus:
192 3668 371 3730 benedictus
394 3680 508 3736 nutem,
539 3666 594 3739 ait,
623 3666 705 3729 Deus
728 3671 876 3728 veritatis.
920 3666 964 3727 lbi
991 3685 1050 3727 uua
1072 3664 1230 3727 Sabellium
1254 3672 1284 3724 et

71 3818 123 3877 quod
144 3821 242 3882 pbrasis
266 3827 332 3869 esset
349 3820 502 3882 praecedenti
521 3811 643 3886 ὃμοιοτέ-
694 3813 742 3865 καί
769 3818 860 3868 uddnut
888 3826 942 3867 anto
969 3809 1060 3876 citium
1098 3817 1150 3866 lton
1175 3807 1281 3864 iidemd

70 3878 156 3938 imvm
190 3887 239 3936 Sed
267 3887 389 3936 habentur
413 3888 437 3936 in
463 3888 518 3949 lter.
544 3888 641 3937 Tauria.
695 3881 815 3940 Heraites,
836 3887 875 3934 nbi
895 3887 953 3948 3⁰8·
971 3885 1045 3936 Basil.
1065 3893 1088 3934 et
1106 3883 1163 3934 editi
1183 3875 1197 3929 ὁ
1216 3873 1297 3929 dud--

71 3952 128 4002 Colb.
146 3955 193 4004 les.
213 3955 251 4004 Fr.
264 3954 284 4003 l.
694 3950 797 4006 στολος.
1283 3980 1288 3988 ·

94 4022 170 4071 asic
195 4022 251 4084 lter.
269 4022 367 4071 Tauria.
386 4022 432 4072 les.
468 4022 495 4072 ln
514 4023 584 4072 oditis
603 4013 644 4069 ἔτι
729 4056 745 4105 ἰ.
764 4054 804 4104 Sic
822 4055 919 4103 Tamm-
939 4054 1008 4104 colb.
1027 4054 1072 4102 109·
1091 4053 1159 4105 Μ
1185 4053 1279 4113 lanes.

27 4109 29 4115 ⁵
66 4086 293 4220 affluam·
313 4156 382 4205 con.
402 4156 448 4205 us.
467 4149 573 4205 zatzon
600 4157 643 4206 aa.
696 4130 719 4175 ⁰²
736 4122 760 4172 ³¹¹
780 4123 850 4171 ⁰⁶¹¹³⁵
868 4115 963 4186 βιβλίῳ
982 4123 1057 4171 ‘'m‘'

65 4231 85 4271 et
100 4225 252 4274 ielclrmanni
271 4223 368 4273 codices
386 4215 499 4272 τούτων.
728 4225 750 4273 li.
771 4225 796 4273 ln
816 4225 914 4273 Tauria.
933 4224 1002 4274 Colb.
1021 4224 1067 4272 les.
1086 4214 1100 4268 ὁ
1120 4228 1173 4270 auto
1191 4212 1280 4284 λόγος.

91 4308 111 4353 t·
131 4294 187 4355 Vett-
206 4292 307 4341 Trutin·
326 4290 395 4339 Colb·
414 4292 461 4340 let·
479 4284 508 4338 ἐκ
525 4286 640 4345 τούτων,
695 4292 742 4341 Sed
762 4293 785 4341 in
804 4292 904 4355 reliquis
923 4300 946 4340 at
960 4293 982 4339 iu
995 4290 1065 4339 editis
1078 4290 1145 4338 deest
1155 4288 1278 4336 articulus.

61 4362 143 4410 rectius
161 4374 234 4424 qnam
255 4361 312 4407 editi
331 4351 361 4406 ἐκ
377 4351 485 4406 τούτου.
695 4361 769 4409 Panlo
795 4368 850 4423 post
874 4361 971 4409 Taurin.
997 4365 1021 4407 et
1046 4358 1092 4406 les.
1109 4350 1278 4421 γεγέννηται.

89 4428 112 4477 b.
130 4429 187 4489 lter.
200 4428 300 4477 laurio.
315 4426 384 4475 Colb.
400 4427 445 4477 les.
460 4426 499 4477 Fr.
510 4425 530 4478 l.
549 4417 641 4485 ἄλλην,
694 4427 739 4476 dlii
758 4442 843 4479 omnes
860 4422 1012 4492 γεγένηται,
1050 4425 1101 4474 llox
1120 4424 1188 4474 Colb.
1207 4424 1245 4472 Fr.
1257 4423 1276 4472 l.

58 4503 80 4543 et
96 4497 130 4546 sic
148 4496 211 4545 intra
230 4494 272 4544 ubi
292 4501 397 4558 quatuor
415 4495 535 4558 postremi
545 4495 643 4546 codices
695 4479 743 4543 οὖν
761 4487 776 4555 ἡ
797 4499 893 4560 σοφία.
1288 4522 1292 4531 -
