2948 5092
468 256 577 304 ummo
593 259 625 303 ιι.
643 259 759 302 course
773 256 908 303 sauses.
1231 247 1299 310 35¹·

69 412 151 476 dixit:
184 411 257 476 mar
286 411 344 474 duc
370 417 401 471 et
429 419 629 491 conprepetur
654 428 732 492 opuo
754 418 784 470 et
803 411 956 490 producut
977 420 1066 476 terro
1089 392 1118 472 ‘et
1139 414 1384 493 (cotoniensis.

68 515 231 586 buriam,
254 521 343 592 atquo
363 518 398 572 ut
419 510 499 572 canit
519 509 624 571 beatos
647 509 753 573 David:
780 514 844 590 ipse
866 512 943 574 dim‘t
965 523 994 574 et
1015 513 1100 592 (octo
1122 527 1203 585 aaut,
1226 518 1298 595 ipss

63 618 221 698 proecepit
243 625 274 676 et
296 624 402 676 creato
421 625 504 676 sunt.
547 611 627 672 Dixit
648 611 778 691 inquam,
801 630 861 673 non
884 620 926 686 ut,
950 613 1197 693 quemadmodum
1213 614 1292 693 apud

64 717 203 779 homines
224 714 290 778 beri
306 715 400 789 solet,
424 722 563 794 tanquam
585 712 722 775 minister
744 712 848 793 aliquis
871 715 996 788 audiret,
1020 735 1055 777 ac
1076 715 1125 776 ubi
1142 716 1293 797 loquentis

64 817 220 881 didicisset
249 816 445 889 voluntatem,
478 814 515 876 ad
543 833 620 894 opus
652 815 851 894 peragendum
880 825 1066 895 properaret.
1117 817 1181 878 dioc
1212 817 1293 881 enim

63 937 161 982 mmm
191 925 359 981 creatarum
387 916 542 997 proprium
563 904 635 992 est,
663 916 743 996 quod
772 915 809 977 de
836 915 932 978 Verbo
963 917 1094 996 cogitare
1123 918 1169 979 ved
1190 918 1291 981 dicero

62 1020 142 1082 ridde
165 1019 303 1082 dedecet
348 1017 502 1098 Siquidem
519 1017 646 1080 Verbum
662 1018 714 1080 Dei
731 1019 829 1098 opifex
852 1025 900 1080 eat
920 1028 950 1080 et
964 1019 1108 1093 efficiens,
1131 1020 1291 1101 ipsumque
1350 1074 1358 1083 .

61 1130 101 1185 est
130 1121 236 1183 Patris
265 1120 433 1183 consilium.
479 1119 555 1183 ilinc
583 1140 654 1182 sane
682 1110 782 1182 divina
811 1119 962 1200 Scriptura
991 1140 1051 1182 non
1074 1121 1162 1196 dixit,
1192 1123 1291 1203 ipsum

61 1223 211 1286 audivisse
233 1231 322 1304 atque
344 1222 555 1303 respondisse,
585 1241 715 1302 quonam
737 1222 827 1284 modo
849 1221 894 1284 vei
916 1222 1018 1302 quales
1042 1222 1128 1285 veliet
1150 1242 1218 1285 esse
1240 1240 1291 1286 res

59 1326 169 1400 iactam
199 1325 254 1388 sed
276 1324 350 1386 dixit
370 1333 485 1386 tantum
507 1324 588 1386 Deus
614 1324 695 1399 Fiot,
725 1324 1071 1405 deindequesubditur:
1109 1324 1148 1388 Bt
1174 1327 1292 1406 (octona

60 1438 101 1490 ert
123 1431 182 1492 ito.
230 1426 318 1501 Quod
341 1425 419 1489 enim
441 1425 522 1488 Deus
545 1425 610 1486 beri
632 1425 742 1501 voluit,
772 1426 872 1489 statim
894 1426 991 1488 Verbo
1014 1428 1122 1489 iactum
1146 1434 1176 1488 et
1196 1427 1289 1490 abeo-

58 1528 151 1591 lutum
180 1536 240 1591 est
286 1527 412 1602 Quando
440 1536 539 1590 autem
561 1527 626 1590 aliis
648 1529 693 1591 ved
714 1529 834 1607 Angelis
863 1528 1006 1610 praecipit
1026 1538 1079 1591 aut
1100 1547 1166 1591 cum
1188 1529 1292 1610 bdoyse

58 1629 193 1710 loquitur
216 1637 267 1692 aut
289 1629 435 1710 promittit
455 1629 633 1704 bbrabamo,
657 1638 725 1692 tnnc
748 1630 798 1711 qui
820 1632 919 1705 audit,
934 1631 1109 1711 respondet,
1133 1640 1221 1712 atque
1242 1630 1293 1695 bio

59 1733 180 1812 quidem
203 1731 261 1794 ait:
298 1731 381 1794 Unde
402 1736 481 1795 scire
499 1730 652 1814 possum?
680 1732 729 1794 ille
750 1751 839 1795 vero:
873 1732 974 1796 dirum
996 1733 1087 1815 adipe,
1116 1744 1146 1795 et
1167 1751 1290 1796 rursus:

60 1833 91 1896 Si
109 1853 162 1897 ma
184 1837 461 1915 eiaterropooerint,
490 1834 571 1916 puod
599 1845 645 1896 ert
665 1853 775 1897 nomen
797 1832 885 1898 eiua?
917 1836 989 1918 quid
1016 1837 1112 1898 dicam
1140 1833 1210 1898 eia?
1244 1834 1292 1898 bit

60 1953 177 2016 quoqne
206 1936 244 1997 ed
273 1935 441 2007 Zachariam
471 1934 615 2013 Angelus:
652 1935 734 1998 Haec
762 1938 834 1998 dicit
862 1935 1022 2000 Dominus.
1066 1939 1104 1998 bt
1125 1937 1202 1998 idem
1224 1938 1291 2017 ipsc

60 2033 220 2098 bominum
242 2037 282 2098 ita
304 2037 551 2116 interrogaverat:
584 2038 712 2100 Domine
742 2042 945 2119 omnipotens,
972 2058 1125 2120 usquequo
1150 2059 1211 2102 non
1232 2043 1291 2101 mi-

61 2138 212 2200 mederis
235 2136 429 2201 damoclem?
451 2145 655 2218 expectatque,
678 2146 711 2199 ut
732 2137 830 2200 bonos
853 2147 882 2201 et
897 2138 1115 2202 consolatorios
1130 2158 1288 2202 sermones

63 2238 166 2301 audiat
211 2238 257 2300 dlii
287 2257 393 2319 nempe
422 2239 529 2319 singuli
552 2240 763 2302 intermedium
785 2238 933 2303 habebant
953 2240 1006 2302 Dei
1028 2241 1156 2303 Verbum
1180 2250 1210 2303 et
1231 2241 1289 2303 Sa-

63 2339 217 2416 pientiam,
239 2358 316 2420 quae
336 2340 434 2403 Patris
456 2342 635 2404 voluntatem
658 2342 833 2404 declarabat.
878 2343 953 2410 Cum
975 2353 1072 2407 autem
1095 2344 1192 2424 ipsum
1214 2345 1290 2406 Ver-

65 2437 128 2503 bum
148 2441 211 2522 agit
233 2451 263 2505 et
285 2452 382 2516 creat,
410 2443 488 2505 nulla
516 2444 557 2506 ibi
581 2452 628 2506 est
649 2445 858 2524 interrogatio,
881 2445 960 2506 nulia
981 2447 1157 2526 responsi03
1186 2445 1216 2505 in
1239 2443 1290 2506 idio

68 2545 134 2607 enim
159 2554 210 2606 est
231 2545 333 2619 Pater,
357 2554 388 2607 et
409 2546 537 2608 Verbum
560 2548 591 2622 in
613 2548 715 2620 Patre,
743 2548 798 2608 sed
821 2556 853 2608 ut
876 2566 952 2626 opus
975 2547 1041 2620 fiat,
1065 2545 1194 2607 voluisse
1217 2545 1291 2607 satis

70 2654 121 2720 nt,
142 2647 184 2708 ita
208 2655 241 2707 ut
262 2647 322 2708 boe
340 2647 462 2709 verbum
485 2648 635 2711 Di'cit‘sit
656 2648 752 2710 nostri
775 2649 867 2727 gratia
889 2648 1004 2709 divinae
1027 2647 1187 2708 voluntatis
1210 2647 1289 2708 indi·

72 2746 153 2822 tium,
181 2748 230 2809 bis
260 2757 357 2809 autem
388 2749 486 2810 verbis
515 2749 554 2812 m
580 2752 697 2831 sumum
725 2762 772 2812 est
799 2755 842 2811 ito
864 2768 939 2829 opus
960 2768 1015 2828 per
1035 2749 1163 2811 Verbum
1186 2757 1216 2811 et
1238 2766 1289 2810 sa·

74 2847 199 2923 pientiam
222 2851 330 2911 iactum
353 2851 549 2930 significetur,
574 2871 630 2931 qna
652 2851 771 2931 quidem
794 2851 823 2912 in
847 2851 991 2930 sapientia
1015 2860 1061 2912 est
1082 2849 1170 2912 etiam
1192 2850 1289 2912 Patris

75 2950 205 3013 voionus.
255 2951 356 3031 itaque
390 2952 468 3014 istud
501 2953 588 3015 dimit
616 2954 700 3015 dirus
732 2953 763 3014 in
792 2952 888 3013 Verbo
920 2953 1126 3032 cognoscitur3
1164 2969 1290 3032 namquo

76 3058 174 3126 maio,
204 3053 316 3133 inquit,
345 3059 377 3116 in
405 3053 562 3134 Sapientia
590 3057 706 3136 fecisti,
737 3063 780 3116 et:
818 3055 910 3118 Verbo
933 3056 1057 3117 Doniini
1078 3054 1154 3117 coedi
1172 3056 1293 3136 firmati

77 3164 140 3224 nni,
162 3163 208 3216 et:
236 3154 320 3217 Unus
342 3156 490 3219 Dominus
513 3157 600 3219 lesus
622 3157 770 3229 Christus,
792 3175 850 3237 per
872 3177 957 3238 quem
981 3162 1081 3220 omnio
1104 3168 1209 3219 einos
1229 3174 1290 3238 per

78 3268 168 3329 iprum.

142 3461 194 3524 32.
239 3459 283 3520 1⁸11
311 3459 418 3539 quibus
445 3460 637 3541 perspicuum
664 3470 744 3528 certe
774 3469 835 3535 est,
865 3461 989 3523 brianos
1017 3460 1073 3522 bae
1095 3479 1148 3522 sna
1170 3459 1288 3522 haeresi

72 3672 174 3728 dunat.
213 3654 647 3743 idoxSepoer.Gobder.etFeicbm.
699 3690 803 3731 notator.
838 3683 917 3732 Ceteri
932 3691 955 3731 et
968 3674 1085 3732 editirdr
1101 3673 1287 3747 μεσιτεύοντα.

72 3740 85 3791 l.
99 3741 255 3797 battutas.
699 3750 750 3799 idos
760 3752 859 3811 sepner.
871 3747 920 3826 aopi
938 3747 1004 3798 tisoni
1022 3743 1073 3808 τὴν
1088 3745 1287 3814 γνωρίζουσαν.

92 3833 106 3879 d.
124 3834 225 3894 Seguer.
240 3823 353 3896 ἄγγελος
369 3827 408 3882 δέ.
443 3833 504 3882 Editi
525 3841 548 3882 et
565 3833 604 3882 aiii
616 3827 647 3881 δέ
698 3818 760 3896 ΕάῘΙῙ
779 3826 802 3866 ⁸¹
820 3819 859 3868 ⁸¹55
878 3832 929 3876 ‘'d''
946 3825 1066 3898 ⁰V¹l¹¹¹¹¹¹b
1238 3876 1247 3897 ‚

67 3903 176 3949 imnum,
704 3901 745 3963 Ιι.
764 3888 871 3964 «sepner.
897 3887 958 3962 dtep.¹
974 3885 1084 3964 ¹botrium
1104 3885 1168 3964 ⁴2⁶¹
1188 3884 1210 3932 ξι.
1231 3873 1285 3931 ed?

89 4007 109 4055 ..
580 3994 602 4044 ι.
621 3995 644 4045 .
696 3966 782 4082 nm
807 3954 980 4070 ituit
996 3966 1041 4079 t:
1057 3952 1287 4083 ue⁴;.,b¹te

64 4059 645 4127 etbnmoxpa'rmp,itaquetiabetorloebor.
697 4089 751 4137 dem
777 4059 916 4149 §eguerim
940 4035 1287 4153 τῷεῑπώτῖνπωρρα.
1349 4117 1355 4127 ,

65 4125 80 4186 Ι,
101 4129 139 4180 12.
176 4131 239 4180 Editi
264 4146 319 4179 vero
344 4139 367 4178 et
386 4131 426 4178 atii
443 4125 644 4196 πανιόκρατορ.
698 4157 797 4207 compr.
822 4157 928 4205 felem
950 4159 971 4205 ¹·
990 4165 1013 4205 a
1031 4157 1054 4205 d.
1079 4149 1110 4203 τὸ
1135 4146 1220 4203 εἰπεῖν
1237 4146 1288 4201 τὸν

62 4192 104 4246 dos
124 4200 180 4259 iteg.
202 4207 225 4247 et
243 4198 333 4259 dn'giio.
353 4189 475 4257 ἱλεῆσεθς-
696 4219 810 4288 πατέρα.
849 4225 908 4274 item
928 4226 984 4274 ibid.
1003 4226 1101 4285 Segner.
1122 4222 1286 4282 neg.dobter.

88 4293 111 4339 b.
130 4293 233 4351 Sepuer.
254 4292 309 4352 fleg.
322 4290 394 4340 [iasii.
405 4291 438 4340 bn
458 4292 495 4341 iic.
508 4291 644 4340 otVeiobm.
698 4292 802 4340 Veii-dnn.
818 4292 837 4340 1.
851 4293 907 4342 etb.
919 4287 1093 4358 σημαίνηται.
1119 4290 1168 4339 Adii
1188 4296 1211 4339 et
1229 4289 1286 4339 editi

59 4358 75 4408 d.
93 4351 216 4412 ἕκαστος.
253 4359 315 4409 Eciiti
339 4368 363 4409 et
380 4360 420 4408 aiii
438 4306 546 4408 dunno.
586 4359 645 4408 ibid.
697 4354 866 4425 σημαίνεται.

59 4425 153 4490 Signat.
172 4437 197 4478 et
215 4428 320 4478 Feta-tm.
332 4428 356 4477 d.
375 4421 425 4475 τὸν
441 4423 564 4494 μεσίτην,
586 4435 610 4475 nt
623 4435 646 4475 et
731 4431 752 4476 t.
773 4429 877 4478 Feb-dim.
891 4419 982 4480 tint
1001 4422 1031 4477 δὲ
1049 4417 1161 4474 τούτων.
1197 4425 1287 4487 Regius

58 4491 181 4559 degendum
206 4511 262 4546 esse
289 4496 314 4546 in
332 4498 440 4559 margine
457 4495 581 4559 anglicani
599 4509 644 4546 ms.
697 4487 751 4544 ἀπὸ
770 4492 885 4546 τούτων.
