2948 5092
1369 174 1377 247 νζ

1375 256 1377 275 .

112 231 175 293 700
491 254 495 259 ·
511 236 540 280 ε.
554 234 707 280 ευιιειειι
723 232 945 277 nmmum

25 410 102 457 w.
111 364 235 469 πάντες
264 384 313 468 είς
343 387 409 454 είσι
430 387 478 471 τῷ
501 377 647 470 ἀριθμῷ.
696 375 789 468 ἢτίς
811 375 919 447 αύτῶν
942 375 1034 448 ἔστιν
1056 375 1077 446 δ
1099 380 1274 449 κατελθὼν
1292 382 1328 462 είς
1375 422 1377 427 -

85 535 94 571 μ
111 493 169 560 τὸν
197 487 361 577 Ἰορδάνην
388 488 423 555 ἐν
452 487 535 554 εῖδει
563 486 780 571 περιστερᾶς,·
807 484 912 566 χίλιαι
939 482 1000 569 γὰρ
1027 483 1182 566 χιλιάδες
1204 482 1268 551 εἰσί
1285 487 1328 550 καὶ
1375 470 1377 499 ²

110 594 228 680 μύριαι
249 589 408 676 μυριάδες
429 589 461 654 οί
484 589 785 672 λειτουργοῦντες“).
822 579 949 672 ἢδιατί
963 580 1194 671 ἀνοιγομένων
1208 588 1273 653 τῶν
1285 581 1330 652 ού-

112 698 221 782 ρανιῦν
244 687 301 757 οῦκ
324 691 469 777 εἴρηται·
491 688 548 756 καὶ
568 690 733 773 κατῆλθεν
755 686 790 754 ἐκ
811 691 877 753 τῶν
899 686 1055 753 ἐκλεκτῶν
1080 682 1239 773 ἀγγέλων,
1261 681 1330 754 ἀλλά

112 795 152 862 τὸ
180 798 311 877 πνεῦμα
337 791 376 857 τὸ
405 787 519 876 ἅγιον,
552 785 573 877 ἢ
595 791 685 856 διατί
707 784 805 868 αὐτὸς
828 784 845 854 ὁ
867 788 977 873 κύριος
999 788 1081 872 περὶ
1102 791 1166 873 μὲν
1189 792 1248 876 τῆς
1268 813 1331 856 συν·
1375 824 1377 835 ·

112 897 240 973 τελείας
262 892 493 979 διαλεγόμενος
514 902 586 970 τοῖς
607 898 779 979 μαθηταῖς
801 888 1000 957 διαστέλλων
1022 892 1086 973 μέν
1109 891 1237 977 ἔλεγεν·
1259 885 1331 957 ἀπα
1372 862 1377 971 λ

114 998 224 1064 στελεῖ
253 991 366 1074 ῦυλὸς
385 998 445 1061 τοῦ
468 989 652 1080 ἀνθρώπου
674 992 753 1072 τοῦς
774 990 926 1078 ἀγγέλους
948 986 1065 1071 αὐτοῦ,
1098 995 1155 1058 καὶ
1180 990 1250 1079 πρὸ
1270 992 1331 1058 τοῦ·

113 1124 181 1165 των
211 1097 338 1184 εἴρητο·
372 1096 406 1162 ολ
427 1092 560 1180 ἄγγελοι
582 1094 752 1182 διηκόνουν
774 1090 878 1180 αύτῷ,
912 1095 966 1160 καί
988 1093 1095 1160 πάλιν
1117 1089 1223 1174 αὐτὸς
1245 1096 1330 1180 λέγει·
1375 1076 1377 1095 ¹

115 1198 341 1281 ἐξελεύσονται
362 1198 395 1263 οἱ
418 1194 593 1282 ἀγγελοιἺ,
617 1207 689 1276 τοῖς
712 1197 748 1263 δὲ
769 1201 938 1282 μαθηταῖς
961 1194 1074 1274 διδούς
1098 1195 1209 1282 ἔλεγε·
1232 1196 1332 1279 λάβετε

114 1303 247 1384 πνεῦμα
269 1295 402 1382 ἀγιον’),
425 1293 659 1364 ·ἀποστέλλων
680 1323 718 1366 τε
732 1293 850 1381 αύτούς
866 1297 969 1382 ἔλεγε·
990 1304 1223 1383 πορευθέντες
1235 1303 1332 1383 μυθη-

113 1401 251 1469 τεύσατε
272 1398 384 1466 πάντα
404 1398 446 1466 τὰ
469 1399 561 1486 ἔθνη,
583 1399 800 1484 βαπτίζοντες
822 1393 940 1478 αύτούς
961 1398 1008 1477 είς
1022 1398 1061 1464 τὸ
1078 1395 1191 1484 ῦνομα
1204 1403 1265 1467 τοῦ
1278 1423 1333 1466 πο·

114 1502 193 1589 τρδς
224 1504 279 1567 καί
307 1503 365 1567 τοῦ
395 1501 467 1566 υίσῦ
495 1502 563 1576 καλ,
576 1503 635 1567 τοῦ
665 1497 760 1588 ἀγίου
788 1499 1025 1585 πνεύματος’),·
1058 1494 1099 1566 οῦ
1121 1499 1197 1597 γὰρ.
1212 1497 1333 1586 ἄγγελον

115 1609 295 1692 συνέτασσε
315 1605 355 1690 τῇ
377 1600 525 1690 θεύτητι,
549 1595 625 1669 οῦδὲ
648 1601 682 1692 ἐκ
703 1608 860 1688 κτίσματι
882 1605 1045 1689 συνῆπτεν
1066 1598 1158 1690 ἡμᾶς
1181 1602 1288 1689 ἑαυτῷ
1305 1625 1334 1668 τε

114 1707 238 1790 καὶτῷ
261 1709 379 1789 πατρί,
403 1697 479 1769 ἀλλ”
497 1703 530 1770 έν
551 1706 599 1790 τῷ
621 1702 786 1789 πνεύματι
806 1707 854 1791 τῷ
876 1700 967 1790 ἁγίῳ,
992 1700 1076 1790 ὅπερ
1096 1698 1201 1782 αύτδς
1224 1703 1334 1788 Ι’ἐπογ-

113 1805 307 1894 γελλύμενος
328 1800 387 1872 οῦκ
409 1806 534 1892 εἴρηκεν
556 1803 690 1891 ἀγγελον
713 1801 939 1887 ἀποστέλλειν,
963 1800 1048 1872 ἀλλὰ
1068 1805 1109 1871 τὸ
1131 1799 1269 1889 πνεῦμα
1287 1807 1333 1890 τῆς

115 1905 286 1994 ἀληθείας,
311 1904 329 1972 ὃ
352 1904 447 1991 παρὰ
468 1910 526 1972 τοῦ
549 1906 678 1993 πατρὸς
699 1907 912 1999 ἐκπορεύεται
932 1911 986 1975 καὶ
1009 1907 1044 1974 έκ
1065 1910 1125 1973 τοῦ
1142 1902 1248 1974 αὐτοῦ
1263 1909 1332 1989 λομ·

114 2011 209 2096 βάντι
229 2011 284 2075 καί
308 2008 478 2089 δίδοταιλ).

111 2119 114 2131 ’
204 2118 251 2177 12.
296 2109 365 2177 Καὶ
376 2113 507 2198 Μωσῆς
527 2104 553 2196 γ’
564 2099 622 2176 οῦν
643 2110 810 2196 γινώσκων
832 2109 908 2189 τοῦς
922 2112 982 2195 μὲν
997 2105 1154 2196 ἀγγέλους
1169 2116 1331 2194 κτίσμοτο,
1363 2140 1367 2150 ·

116 2212 156 2278 τὸ
179 2212 215 2278 δέ
237 2215 368 2295 πνεῦμα
387 2211 427 2278 τὸ
450 2208 543 2297 ἀγιον
565 2207 730 2300 ἡνωμένον
752 2214 799 2298 τηῦ
821 2213 881 2298 υἱῷ
904 2216 957 2278 καί
980 2215 1027 2298 τῷ
1050 2219 1166 2295 πατρί,
1193 2214 1332 2298 λέγοντος

116 2308 206 2400 αύτῷ
234 2316 293 2379 τοῦ
321 2318 422 2380 θεοῦ·
450 2312 598 2400 πορεύου
624 2308 772 2401 ἀνάβηθι
791 2312 964 2381 αἐντεῦθεν
986 2311 1026 2378 σύ
1047 2311 1103 2379 καὶ
1127 2309 1145 2379 ὁ
1169 2315 1252 2392 λαός
1273 2334 1331 2388 σου,

116 2413 173 2494 οῦς
196 2413 347 2501 ἐξήγαγες
368 2415 403 2481 έκ
423 2418 482 2503 γῆς
502 2414 690 2500 Αἰγύπτου,
715 2414 762 2493 είς
781 2414 841 2501 τὴν
861 2418 929 2501 γῆν,
952 2412 991 2500 ἢν
1013 2410 1132 2498 ι’ύμοσα
1152 2419 1204 2498 τῷ
1224 2411 1333 2499 Ἀβρο-

117 2514 162 2601 ἀμ
185 2516 240 2583 καὶ
261 2520 308 2603 τῷ
328 2512 434 2582 Ἰσαάκ
456 2519 508 2582 καί
531 2520 578 2602 τῷ
597 2511 710 2601 ’ίακιὺβ
730 2517 848 2601 λέγων·
870 2519 917 2602 τῷ
940 2522 1107 2603 σπέρματι
1129 2511 1225 2598 ῦμιῦν
1248 2514 1332 2581 δεύσω

117 2613 235 2706 αὐτήν·
258 2622 312 2684 καὶ
335 2621 572 2684 συναποστελῶ
595 2617 661 2704 πρὸ
683 2617 866 2704 προςώπου
889 2641 948 2683 σου
970 2617 1028 2683 τὸν
1044 2616 1183 2702 άγγελόν
1198 2641 1273 2700 μου,
1288 2615 1332 2681 κολ

117 2720 248 2806 ἐκβαλεῖ
269 2719 326 2785 τὸν
349 2726 552 2798 Χαναναῖον,
575 2723 812 2806 ἆπαραιτεῖται
834 2721 950 2804 λέγων·
974 2719 1003 2785 εί
1023 2718 1068 2805 μὴ
1089 2713 1193 2798 αῦτὸς
1215 2740 1334 2803 συμπο·

31 2822 193 2909 σεσερεύῃ
227 2817 304 2908 μεθ’
328 2816 436 2909 ἡμῶν,
469 2819 512 2907 μη
540 2845 581 2904 με
609 2816 772 2909 ἀναγάγῃς
795 2821 985 2901 ἐντεῦθενϋ).
1024 2817 1081 2886 οῦκ
1103 2820 1262 2906 ἐβούλετο
1282 2818 1333 2907 γάρ

117 2932 254 3007 οκτίσμα
275 2927 502 3010 προηγεῖσθαι
523 2925 582 2986 τοῦ
605 2923 695 3003 λαοῦ,
718 2924 774 2990 ἵνα
794 2924 838 3009 μὴ
860 2923 1001 3007 μάθωσι
1021 2920 1192 3007 λατρεύειν
1215 2927 1256 3011 τῇ
1277 2927 1334 2989 κτί·

117 3049 170 3093 σει
191 3024 285 3110 παρὰ
305 3024 364 3091 τὸν
386 3026 572 3102 κτίσανταλ)
594 3022 636 3089 τὰ
657 3024 769 3091 πάντα
790 3025 881 3091 θεόν.
919 3020 1033 3109 ἀμέλει
1049 3024 1106 3090 τὸν
1124 3024 1263 3110 ἀγγελον
1278 3048 1333 3090 πο·

116 3127 356 3214 ραιτησάμενος
378 3124 558 3210 παρεκάλει
581 3120 680 3192 αὐτὸν
703 3125 760 3192 τὸν
781 3126 864 3193 θεὸν
885 3133 1113 3214 καθηγεῖσθαι
1129 3123 1251 3195 αῦτιῦν.
1285 3126 1334 3193 τοῦ

116 3231 153 3295 δὲ
180 3231 264 3295 θεοῦ
293 3228 571 3312 ἐπαγγειλαμένου
600 3226 656 3293 καὶ
683 3228 836 3308 εἰπόντος
862 3228 949 3314 πρὸς
969 3223 1102 3294 ῐαῦτόν·
1138 3232 1193 3295 καί
1228 3225 1334 3295 τοῦτόν

116 3353 177 3396 σου
205 3329 262 3395 τὸν
292 3327 404 3413 λόγον,
436 3326 473 3393 ὃν
496 3329 640 3414 εἴρηκας,
664 3329 812 3418 ποιήσω·
843 3327 977 3418 εῦρηκας
997 3331 1058 3416 γὰρ
1078 3329 1177 3415 χάριν
1201 3328 1334 3397 ἐνώπιόν

115 3456 189 3515 μου,
212 3433 266 3496 καί
290 3425 366 3496 οἶδά
389 3454 426 3496 σε
448 3430 541 3513 παρὰ
563 3431 731 3514 πάντος’),
754 3439 937 3519 γέγραπται
952 3433 985 3498 ἒν
999 3435 1045 3518 τῷ
1065 3427 1207 3519 Ἡσαΐᾳ·
1232 3427 1334 3499 δάνο-

114 3530 258 3618 βιβύσας
280 3557 314 3597 εκ
335 3558 392 3618 της
413 3557 471 3617 γης
491 3556 549 3598 τον
571 3540 716 3617 ποιμένα
736 3538 803 3601 τῶν
825 3533 1018 3621 προβάτων·
1041 3537 1109 3599 ποῦ
1126 3532 1219 3600 ἐστιν
1237 3531 1255 3601 ὁ
1271 3535 1335 3609 θείς

117 3634 151 3701 έν
184 3630 298 3711 αῦτοῖς
326 3628 365 3697 τὸ
392 3637 523 3717 πνεῦμα
551 3633 589 3698 τὸ
613 3632 721 3720 ἅγιον,
759 3631 989 3721 ῦΰάναγαγιὺν
1011 3639 1050 3723 τῇ
1075 3636 1169 3722 δεξιᾷ
1192 3639 1333 3722 Μωσηνς

116 3736 173 3803 καὶ
199 3730 267 3820 μετ’
293 3731 387 3820 ὀλίγα
416 3741 515 3823 φησί·
544 3741 664 3825 κατέβη
692 3741 822 3821 πνεῦμα
849 3737 942 3822 παρὰ
963 3743 1074 3822 κυρίου
1096 3741 1153 3803 καὶ
1177 3733 1335 3826 ιῦδήγησα

187 3927 209 3985 l)
229 3926 286 3974 Dan.
305 3926 329 3985 λ,
352 3925 389 3974 10.
459 3925 483 3975 21
503 3925 582 3974 Μοῑιίι.
604 3925 644 3983 13,
663 3926 942 3989 41;4,11;13,-49.
1013 3926 1249 3988 3)1oan.20‚2·z.
1313 3925 1335 3984 ί)

116 3993 207 4121 gago
210 3993 351 4120 38:331?st
370 3995 394 4052 5)
413 3993 478 4042 Ιοεσ.
501 3994 539 4053 15,
559 3993 606 4056 26;
628 3994 666 4054 16,
688 3996 727 4047 15.
780 3997 889 4056 6)Exod.
909 3995 949 4057 33,
970 3995 991 4044 1.
1010 3993 1034 4043 2.
1054 3995 1095 4044 15.
1150 3997 1258 4058 Ἱλλοω.
1270 3998 1291 4056 1,
1301 3994 1335 4046 25.

151 4213 173 4245 ε.
192 4196 261 4248 Gobl.
288 4206 310 4245 ει
328 4195 466 4244 λεΙιλυ,1.
485 4196 591 4262 πνεῦμα
615 4189 703 4261 ἀγιον.
754 4198 1019 4258 Ang1ic.nasss.0uob.
1039 4189 1087 4244 οῦκ
1105 4191 1212 4264 εἴρηκεν
1230 4191 1335 4265 ἀγγεῖα

115 4259 169 4319 καὶ,
190 4260 368 4331 πορευθέντες
384 4259 574 4329 μαθητεύσατε
593 4274 636 4315 ete.
755 4258 944 4327 ἀποστέλλειν,
972 4257 1038 4312 ἀλλὰ
1061 4261 1093 4312 τὸ
1112 4268 1222 4335 πνεῦμα
1241 4278 1285 4319 ele.
1302 4266 1335 4316 uhi

151 4333 173 4380 b.
192 4336 232 4382 Sic
250 4335 305 4394 [λος.
320 4334 340 4381 1.
360 4335 458 4394 Seguer.
478 4335 703 4383 G01›1er.etfelck-
754 4345 833 4383 tamen
852 4335 923 4382 nasu.
942 4328 1114 4384 ἐπιστέλλειν.
1154 4338 1233 4387 Ceteri
1252 4347 1275 4385 ει
1288 4335 1335 4384 editi

117 4401 240 4451 mannil.
276 4402 319 4450 Alii
338 4410 362 4450 οι
386 4403 442 4450 editi
466 4395 701 4466 ἐπαγγειλάμενος.
754 4404 870 4452 mendose
890 4394 936 4449 σῦκ
954 4395 1042 4467 εἴρηκε
1054 4398 1334 4469 πνεῦμαάνισσκέχεν.

117 4468 701 4532 lbid.ness.1.e12.SequeneoblerfflelckmA.
753 4470 805 4531 Mox
830 4471 918 4520 ibidem
943 4471 1041 4522 βουλον.
1066 4473 1177 4525 Felckm.
1198 4475 1220 4525 1.
1243 4475 1297 4536 λος.
1315 4470 1334 4520 1.
