2948 5092
529 249 687 295 nxoosmo
704 252 792 295 stass.
1259 240 1279 303 3

57 406 131 487 opst
144 402 306 467 astlolieos
323 412 485 465 auctores:
507 405 551 464 sia
571 406 651 465 utine
666 403 774 464 senilit
788 402 837 465 lib.
856 408 885 465 1.
908 403 1040 467 lletract.
1064 424 1089 466 o.
1108 408 1157 469 ts.
1179 426 1211 469 n.
1228 410 1353 473 sana.

59 505 116 569 llos
135 506 249 587 quilleno
270 517 308 569 ut
331 506 470 575 literne,
493 504 576 583 sputi
596 504 741 582 quonlam
764 505 822 583 lepi
842 514 1025 567 traslatores
1048 505 1212 570 aatlolioos
1229 508 1279 571 tli-

59 612 191 669 oinoruut
212 606 416 686 eloquiorum.
460 603 574 665 Deinde
594 604 695 666 addit:
718 605 771 667 sed
791 606 959 686 stliounpus
982 606 1037 668 loo
1060 608 1139 683 (listi,
1162 610 1279 673 slt’toisse

58 728 97 770 ue
117 707 244 770 nollent:
264 716 376 787 posteo
397 708 506 787 quippe
527 706 598 775 ailo}
621 724 682 767 non
705 724 769 768 esse
792 706 956 777 aliaestslunt,
978 708 1279 786 qnaotaisnonttullo

56 816 146 889 possit
165 812 287 871 ratione
309 808 442 886 defendi.
485 804 576 869 llatio
599 819 698 869 anteon
720 826 776 869 aar
798 808 871 871 liaeo
886 808 1096 887 reprehendat,
1121 810 1197 871 lano
1211 814 1276 891 ipse

58 912 154 971 niteas
176 912 289 991 affert:
319 908 390 971 Non
410 908 511 978 aieleo,
535 917 641 969 utrum
663 918 743 969 reate
766 908 887 969 ‹lieatur
908 908 997 969 homo
1020 908 1203 983 domininus,
1226 916 1280 991 qui

58 1024 99 1071 est
124 1011 273 1072 mediator
295 1008 353 1071 ttae·
379 1022 409 1071 et
436 1009 590 1071 leontinum
618 1008 705 1071 leonto
731 1008 869 1071 Christus
892 1008 995 1084 lesus,
1024 1029 1089 1071 eston
1112 1016 1277 1093 titulique

60 1110 208 1173 lions'nns.
251 1110 429 1172 Dominious
458 1121 559 1171 nostem
588 1109 673 1171 loono
703 1113 769 1189 quis
798 1114 829 1170 in
858 1114 921 1170 eins
944 1122 1050 1172 saneta
1071 1110 1191 1188 [astilia
1211 1131 1275 1176 non

54 1224 148 1293 potest
176 1210 262 1273 elisi?
305 1210 440 1292 Denique
463 1210 623 1273 Facundus
644 1208 876 1273 llertnianensis
906 1210 984 1272 libro
1007 1210 1060 1271 xt.
1086 1230 1146 1291 pro
1169 1213 1276 1293 desen-

57 1320 135 1375 sione
161 1318 258 1375 trium
285 1312 492 1395 capitulorum
514 1331 540 1374 o.
555 1314 585 1375 2.
610 1314 672 1375 trio
702 1312 767 1374 lota
795 1329 834 1373 en
862 1310 917 1373 ltao
937 1312 1011 1393 [idei
1031 1316 1218 1391 expositione
1240 1314 1273 1376 S.

56 1414 210 1477 etiamn·
230 1414 376 1495 profert,
404 1415 487 1476 inter
514 1433 589 1495 qnae
617 1432 697 1475 sottus
727 1412 812 1474 loeus
841 1422 901 1489 est,
930 1414 984 1475 ulti
1004 1413 1058 1474 lae
1081 1418 1166 1493 ipsos
1186 1433 1274 1478 oooet

56 1514 139 1577 homo
160 1514 331 1576 dominicus
353 1514 506 1595 lepuntur.
553 1514 646 1576 l'erla
669 1518 735 1593 ipsa
756 1514 844 1592 infra
866 1514 905 1575 ael
923 1519 1056 1594 propria
1077 1514 1144 1577 losa
1166 1518 1199 1579 in
1215 1534 1276 1581 no-

56 1620 91 1679 tit
110 1616 313 1699 sperem).
357 1614 408 1677 tta
430 1616 475 1677 ln's
496 1618 592 1697 ipitut·
614 1616 735 1677 eaitlens
758 1625 811 1687 est,
835 1613 924 1677 attollo
946 1616 1031 1676 tnatlo
1050 1632 1143 1695 posse
1163 1619 1198 1679 in
1214 1618 1275 1679 alu-

55 1714 130 1779 lin
150 1721 301 1787 renotari,
324 1726 431 1777 utrum
446 1716 476 1776 S.
494 1716 677 1779 Athanasius
693 1719 732 1776 sit
748 1727 857 1777 attolor
873 1716 962 1777 luins
978 1719 1176 1796 expositionis
1190 1716 1273 1798 fidei.

56 1816 111 1881 lieo
135 1837 209 1881 aero
238 1818 311 1881 toea
334 1818 445 1880 looutio
467 1820 500 1879 in
521 1810 687 1879 Athanasio
710 1817 860 1895 stilponis
883 1826 942 1888 est,
972 1834 1061 1896 piton
1081 1835 1186 1897 stampe
1207 1822 1273 1896 ipss

56 1938 88 1981 se
103 1930 177 1999 post
197 1938 268 1981 snos
287 1918 476 2000 Bpiplttnius
499 1920 531 1980 in
552 1918 706 1981 lustrato
728 1920 758 1995 θ.
774 1918 827 1981 95.
850 1928 879 1979 et
903 1918 1066 1981 Cassianus
1091 1916 1200 1981 Collat.
1217 1918 1271 1981 lll.

57 2040 79 2081 e.
96 2024 143 2085 ts.
170 2032 199 2085 et
228 2022 265 2084 le
293 2023 504 2083 intornotione
526 2018 579 2083 lul.
598 2018 627 2083 l'.
652 2038 715 2099 sap.
731 2022 761 2083 5.
784 2030 815 2083 et
836 2018 888 2081 lil.
908 2018 954 2081 l⁷l.
978 2038 1042 2098 sap.
1059 2020 1110 2081 22.
1132 2020 1274 2103 [arteque

56 2121 107 2185 alii
131 2122 276 2185 sotlolice
297 2132 508 2201 usurparunt:
535 2122 615 2185 utile
636 2126 700 2200 ipss
721 2122 924 2201 Aupuetinut,
946 2124 1000 2199 qni
1018 2138 1083 2180 eant
1105 2120 1273 2203 retorquet,

55 2236 87 2287 st
105 2226 241 2295 allinus,
265 2222 416 2286 nonnulla
438 2234 537 2285 tannen
555 2240 648 2302 posse
669 2224 791 2285 ratione
812 2220 935 2303 ‹lesendi
952 2221 1081 2299 [otetur.
1125 2220 1169 2283 lli
1188 2223 1274 2283 seili-

15 2330 20 2337 '
57 2336 96 2387 tet
120 2344 195 2407 qnos
222 2326 313 2389 molo
340 2329 585 2394 meinoravionus,
612 2341 670 2403 per
697 2322 850 2383 hominem
876 2321 1057 2383 dominicum
1084 2320 1164 2385 nilil
1190 2324 1276 2387 aliud

56 2426 229 2507 intellipnnt,
253 2445 344 2507 quant
366 2426 526 2487 humanans
543 2424 657 2487 Christi
676 2434 830 2494 naturam,
853 2424 1098 2503 puetnaimoslunt
1113 2436 1193 2487 terte
1209 2444 1276 2487 cuns

57 2530 136 2591 illan
155 2540 185 2591 et
206 2528 265 2591 alii
284 2546 300 2589 e
323 2526 466 2589 Potriltus
488 2524 640 2587 hominem
662 2544 681 2587 a
707 2524 798 2587 Verlo
822 2534 989 2586 assumtum
1012 2535 1074 2585 tom
1096 2525 1204 2589 erebro
1227 2526 1275 2587 eli-

59 2642 135 2702 eunt,
157 2628 322 2691 lunanatn
345 2638 462 2692 tantum
485 2639 631 2689 naturam
650 2626 800 2697 indicant,
823 2644 886 2687 non
908 2625 1079 2689 distinctam
1097 2643 1274 2705 personant.

60 2728 128 2791 llise
148 2732 316 2794 Cassianus
345 2732 378 2791 in
409 2729 454 2789 liis
483 2732 558 2809 s'psis
588 2728 679 2799 lotis,
711 2729 765 2789 nli
791 2727 964 2789 Nestooinm
994 2725 1070 2786 duos
1098 2730 1130 2787 in
1154 2726 1274 2791 lllristo

57 2848 192 2907 personas
213 2834 409 2895 induentem
431 2830 555 2910 refellit,
577 2828 681 2893 iisdem
695 2826 759 2890 illis
775 2829 896 2890 ossibus
912 2828 960 2886 ati
972 2828 1090 2886 minime
1106 2826 1231 2907 reinolt.

116 2986 138 3043 ll
154 2984 193 3037 ld.
210 3000 236 3051 p.
250 2986 276 3037 t.
296 2998 357 3047 Μ.
377 2998 402 3049 p.
415 2983 439 3033 6.
457 2998 480 3033 n.
493 2998 515 3032 a.
534 2998 557 3046 p.
569 2982 595 3033 9.
615 2998 671 3044 ng.
