2948 5092
511 250 859 296 cosrsaarocunaarott
871 251 996 299 wear.
1293 242 1354 305 887

124 425 185 466 vos
210 413 319 465 lemme
341 401 481 474 tenutis,
494 400 634 462 homines
655 418 727 463 saue
748 400 915 479 arrogantia
936 401 1115 481 plenissimi.
1158 405 1260 485 Neque
1276 409 1441 488 enimnoos.

124 506 278 585 Pnoplteta
302 522 398 582 neque
412 502 573 581 Apostolus
596 520 693 580 neque
714 501 968 580 Euangelistarum
992 504 1137 584 quispiam
1159 505 1206 568 illa
1221 509 1355 586 protulit,

126 624 207 687 qnae
234 625 289 666 vos
318 604 480 684 impudenti
509 603 596 683 plane
624 602 723 663 animo
751 601 832 682 loqui
860 603 984 666 audetis.
1028 605 1061 667 Si
1093 606 1172 668 enim
1205 608 1278 671 alter
1310 621 1357 674 est

128 707 268 769 Christus
296 726 313 768 a
342 705 461 767 caelesti
490 713 591 766 mente
613 704 645 765 in
667 722 703 767 eo
726 704 793 778 sita,
816 706 1009 784 perfectaque
1031 716 1080 768 est
1100 727 1186 770 mens
1207 711 1272 786 illa,
1295 713 1355 776 duo

124 828 202 888 ergo
230 807 394 870 secundum
423 825 476 867 vos
499 815 602 878 erunt,
618 816 662 868 >et
682 806 780 869 sicin
802 825 866 867 eam
887 808 1020 869 reciditis
1043 811 1237 886 sententiam,
1267 833 1356 892 quam

125 910 269 972 uidemini
302 908 464 970 maledictis
496 908 652 970 insectare.
710 907 876 969 Caelestem
915 927 984 970 vero
1025 921 1156 974 mentem
1188 913 1356 993 Prophetae

125 1029 248 1091 quoquc
269 1010 410 1082 habuere,
435 1008 486 1088 qui
509 1009 648 1070 caelestia
670 1017 700 1069 et
721 1010 819 1071 lutura
842 1009 925 1088 qnasi
947 1012 1115 1089 praesentia
1136 1012 1266 1075 luissent
1288 1016 1353 1078 elo·

124 1113 304 1191 quebantur.
356 1110 434 1184 Quid
463 1111 552 1189 igitur
581 1111 655 1172 haec
684 1111 806 1172 omuino
835 1111 934 1173 dicere
963 1112 994 1172 in
1022 1114 1153 1176 animum
1184 1116 1354 1194 induxistis,

125 1212 215 1292 quasi
248 1231 319 1273 vero
353 1213 383 1273 in
412 1214 549 1274 confesso
577 1229 639 1272 non
668 1220 750 1274 esset
777 1213 953 1274 interiorem
983 1223 1120 1277 nostrum
1148 1216 1301 1280 hominem
1323 1218 1355 1282 in

125 1312 247 1376 Christo
276 1311 366 1376 eise?
411 1313 470 1375 Cur
497 1314 556 1375 hoc
584 1315 621 1374 de
649 1313 747 1375 anima
776 1333 894 1394 quoque
916 1315 1087 1394 loquimini,
1116 1336 1224 1398 nempe
1245 1337 1356 1399 corpus

125 1424 157 1477 et
185 1415 311 1476 animam
341 1434 409 1476 esse
437 1405 616 1477 exteriorem
644 1415 813 1489 hominem,
843 1425 876 1477 ut
903 1418 939 1477 de
962 1418 1106 1496 sanguine
1127 1428 1157 1481 et
1179 1437 1267 1481 carne
1288 1419 1355 1503 quis

124 1515 260 1580 dixerit?
303 1516 363 1578 Sed
385 1516 462 1578 sicut
484 1537 592 1596 corpus
616 1526 644 1578 et
667 1517 789 1597 sanguis
813 1527 980 1579 contactum
1003 1528 1033 1580 et
1055 1519 1175 1581 vulnera
1197 1539 1259 1582 non
1277 1521 1353 1582 cliu-

124 1619 220 1700 giunt,
243 1637 310 1680 cum
333 1620 393 1679 sint
414 1619 556 1693 visibilia,
580 1619 727 1682 ostendite
748 1618 837 1680 nobis
859 1621 986 1681 animam
1002 1640 1120 1701 quoque
1136 1621 1183 1683 itta
1197 1640 1260 1683 nou
1276 1623 1355 1684 ellu-

123 1739 198 1800 gcre
231 1729 261 1781 et
287 1720 432 1783 iisibilem
459 1740 538 1782 esse.
583 1723 638 1782 Aut
667 1722 694 1782 si
722 1721 881 1782 ostendere
902 1740 963 1782 non
986 1724 1131 1802 potestis,
1163 1724 1355 1786 manifestum

126 1831 179 1884 cst
198 1841 296 1901 neque
319 1823 410 1883 videri
432 1823 559 1884 animam
582 1841 681 1903 neque
702 1822 738 1884 ab
760 1823 883 1884 homine
904 1823 982 1884 sicut
1003 1843 1112 1903 corpus
1136 1824 1229 1885 occidi
1250 1843 1355 1905 posse,

124 1933 161 1986 ut
188 1924 260 1984 dixit
287 1922 443 1986 Dominus.
489 1925 605 1987 Credite
633 1924 724 2003 igitur
752 1923 924 1986 interiorem
953 1934 1089 1988 nostrum
1111 1925 1263 1987 hominem
1286 1943 1355 1987 esse

124 2024 266 2096 animam,
291 2026 370 2103 qnod
393 2044 464 2087 sane
488 2034 518 2086 et
537 2026 633 2104 prima
655 2025 794 2087 lormatio
817 2026 993 2105 comprobat
1017 2035 1047 2087 et
1069 2046 1200 2106 sequens
1223 2026 1354 2088 dissolu·

123 2128 169 2188 tio
191 2126 345 2205 propalam
367 2126 452 2199 lacit,
476 2135 564 2205 atque
586 2145 646 2187 nou
670 2127 768 2188 solum
791 2126 821 2186 in
843 2127 949 2200 nohis,
978 2128 1031 2188 sed
1054 2137 1083 2191 et
1105 2129 1135 2189 in
1157 2130 1224 2208 ipsa
1246 2126 1356 2189 Christi

121 2238 224 2290 morte
250 2227 381 2307 idipsum
410 2238 677 2301 commonstretur,
705 2228 823 2308 quando
855 2247 963 2307 corpus
985 2229 1105 2307 quidem
1127 2228 1279 2309 usquead
1303 2247 1354 2290 se-

123 2329 262 2409 pulcrum
285 2338 398 2391 tantum
420 2331 564 2409 pervenit,
588 2330 685 2390 anima
708 2348 778 2391 vero
801 2329 838 2390 ad
860 2330 1009 2390 infernum
1031 2349 1127 2409 usquc
1150 2329 1354 2405 transmeavit,
1398 2353 1403 2358 ·

123 2433 261 2511 locisque
288 2432 381 2493 multo
411 2432 506 2511 spatio
536 2432 714 2494 distantibus
743 2431 912 2511 sepulcrum
942 2432 1060 2510 quidem
1090 2431 1276 2510 corporalem
1296 2430 1352 2491 ad·

124 2543 248 2594 sentum
285 2534 420 2612 excepit,
456 2553 491 2594 ac
525 2533 566 2594 ibi
600 2552 710 2614 corpus
739 2533 847 2607 adluit,
880 2533 1014 2595 infernus
1046 2551 1115 2594 vero
1143 2533 1354 2613 incorporeum

124 2635 256 2697 admisit.

214 2741 263 2800 tt.
309 2736 372 2810 Qua
403 2736 518 2797 ratione
539 2736 650 2814 igitur,
681 2755 748 2798 cum
769 2735 914 2797 Dominus
937 2735 996 2798 illic
1017 2735 1244 2814 incorporaliter
1265 2736 1353 2799 ades·

125 2845 190 2911 set,
225 2838 314 2898 homo
348 2847 446 2898 tamen
475 2856 492 2898 a
522 2846 619 2898 morte
641 2838 826 2899 existimatus
851 2846 913 2911 est,
946 2845 978 2899 ut
1000 2836 1154 2898 arrimaltus
1174 2837 1207 2898 iu
1230 2822 1354 2900 iinculis

127 2939 256 2999 detentis
284 2940 424 3018 propriae
454 2939 569 2999 animae
592 2940 718 3001 lormam
739 2939 909 3019 incapacem
932 2939 1117 3000 vmctrlorum
1139 2940 1245 3001 mortis
1268 2940 1354 3018 quasi

126 3058 266 3119 caperem
290 3040 443 3127 exhibens,
466 3040 675 3118 praesentibus
696 3049 905 3120 praesentem,
928 3041 1042 3101 vtrmta
1065 3040 1228 3102 animarum
1251 3040 1282 3101 in
1303 3041 1351 3101 in-

123 3145 213 3202 terno
230 3143 422 3211 detentarum
445 3143 655 3220 disrumperet,
678 3142 966 3220 resurrectionisque
992 3144 1149 3203 terminum
1172 3141 1353 3220 designaret,

124 3252 160 3305 ut
181 3243 320 3304 conditor
342 3252 372 3304 et
392 3244 648 3329 lactorhominis,
672 3244 773 3323 etqui
796 3244 946 3304 hominem
970 3243 1152 3304 damnationi
1175 3241 1353 3317 subiecerat,

122 3346 191 3424 ipse
218 3363 360 3423 praesens
387 3365 442 3424 per
472 3345 603 3424 seipsum
626 3344 778 3407 homiaem
799 3345 888 3425 mane
911 3344 942 3405 in
966 3364 1020 3407 sua
1040 3345 1138 3425 ipsius
1160 3346 1255 3406 forma
1276 3343 1353 3406 libe·
1436 3354 1440 3358 “

122 3444 229 3508 roret?
272 3446 461 3525 Nequaquam
484 3449 563 3509 enim
587 3457 666 3508 tanta
687 3448 794 3510 mortis
818 3448 862 3508 vis
884 3446 948 3520 luit,
973 3456 1006 3508 ut
1027 3446 1191 3508 subiiceret
1213 3444 1271 3506 sibi
1293 3445 1352 3507 lin·

124 3567 243 3610 manain
268 3547 354 3610 Verbi
384 3550 512 3611 animam
540 3570 575 3611 nc
604 3569 669 3611 eam
697 3549 728 3611 in
758 3549 882 3611 vinculis
905 3549 1070 3621 detineret,
1104 3566 1201 3626 reque
1232 3563 1353 3608 rursum

122 3649 278 3729 corruptio
302 3652 482 3728 tyrannicam
505 3652 535 3712 in
558 3670 667 3730 corpus
691 3653 756 3714 eius
778 3653 837 3713 vim
860 3650 917 3711 silei
941 3651 1105 3730 arrogavit,
1129 3656 1162 3710 ut
1181 3649 1351 3726 putrclace·

122 3760 174 3813 ret
195 3751 305 3831 ipsum,
328 3753 413 3829 quasi
436 3771 485 3814 res
507 3753 584 3814 nulla
605 3753 793 3832 previdentia
814 3761 998 3832 gererentur.
1044 3751 1088 3811 lta
1112 3749 1191 3810 euim
1212 3767 1247 3809 ea
1267 3748 1353 3808 dere

120 4011 223 4068 Segunr.
243 4007 314 4056 Cobl.
333 4016 356 4055 et
369 4008 473 4056 feleltm.
486 4006 506 4054 l.
527 3999 541 4052 ὁ
559 3997 613 4053 ἔσω
632 4001 712 4071 ἡμῶν
763 4014 819 4070 post
836 4003 962 4069 παροῦσα
980 3999 1130 4067 παρουσῶν
1145 4002 1216 4050 iidem
1228 4017 1285 4050 mss.
1297 4017 1354 4066 per·

120 4069 281 4139 ἇνθρωπος.
763 4088 856 4138 peram.
893 4073 943 4121 uox
961 4073 1059 4132 Seguer.
1079 4062 1155 4132 ᾅδου.

159 4145 174 4192 l.
193 4143 333 4204 Segnerlou.
353 4143 449 4193 anler.
468 4151 492 4190 et
510 4142 614 4191 Felckm.
629 4141 648 4191 l.
667 4132 713 4189 ἵνα
797 4157 819 4202 g.
839 4138 889 4187 τοῦ
912 4133 995 4202 λόγου
1019 4141 1088 4188 deest
1113 4140 1136 4187 in
1154 4136 1227 4186 editis
1246 4137 1353 4198 (ἶηοοίι,

119 4213 233 4274 (Seguer.
253 4201 335 4264 ὅπως)
353 4207 428 4274 ψυχῇ
446 4211 478 4274 τῇ
496 4201 526 4257 ἐν
543 4203 654 4275 δεσμοῖς
667 4223 713 4259 m·
764 4210 807 4259 sed
831 4209 972 4272 exprimitur
997 4208 1021 4256 in
1046 4207 1136 4255 Latinis
1157 4215 1184 4254 et
1208 4206 1231 4254 in
1253 4206 1354 4267 Segucr.

120 4274 255 4345 τεχομένῃ
282 4272 370 4343 τούτῳ
396 4276 445 4326 τοῦ
469 4271 554 4343 Ἀδὰμ
584 4270 710 4342 μορφήν,
765 4277 873 4325 habetur.
914 4275 966 4323 lior
991 4275 1053 4323 idem
1079 4288 1132 4322 cura
1157 4273 1306 4323 Gobieriono
1330 4281 1355 4322 et

120 4351 167 4398 sed
188 4347 313 4406 mendose,
331 4355 356 4396 ut
375 4347 474 4396 ridetur.
510 4347 561 4395 ldox
581 4339 713 4398 deteae
764 4345 869 4394 tetum.
892 4343 912 4391 l.
932 4334 947 4400 ἢ
966 4335 1048 4390 πάλιν
1065 4333 1080 4399 ἦ
1098 4334 1207 4405 φθορά.
1246 4341 1353 4390 ilexSe·

119 4410 174 4474 ug‘r
191 4417 216 4464 in
234 4417 306 4465 editis
324 4417 421 4473 deerat,
445 4428 472 4463 ex
491 4416 576 4463 iisdem
595 4430 653 4463 mss.
671 4429 713 4462 re·
764 4428 832 4474 gner.
855 4402 940 4458 aduae
966 4404 996 4457 τὸ
1021 4407 1109 4474 σῶμα.
1148 4410 1238 4458 lleidero
1264 4421 1353 4457 omnes

121 4486 262 4545 stitnlmus,
282 4491 305 4532 et
323 4485 358 4533 sie
377 4484 468 4546 legerat
484 4483 601 4534 Naeuius.
638 4481 712 4531 Paulo
764 4495 823 4530 mss.
841 4473 1013 4546 διαφθοράν.
1042 4469 1354 4544 Editidtapepcimalc·
