2948 5092
458 254 764 303 :mammam
775 248 945 303 suarm(
1134 296 1137 303 .
1224 244 1291 311 420

70 408 320 475 emnia
363 405 398 470 ln
420 406 471 470 illo
494 425 565 487 ergo
587 407 751 487 perlectum
773 417 821 471 est
841 409 996 472 bominum
1018 429 1123 491 genus,
1145 411 1291 496 qualeque
1299 427 1376 478 rats.

67 511 150 577 initio
176 511 288 574 laetum
319 512 416 573 luerat
441 509 488 575 vel
515 509 617 590 potius
644 509 787 590 ampliore
808 529 875 573 curn
897 512 988 591 gratia
1008 514 1180 576 restitutam
1201 522 1292 597 atque

65 621 236 694 npmton
256 619 314 676 est.
348 610 502 691 Siquidem
520 630 557 673 or
574 611 702 675 mortuis
719 612 837 675 excitati
854 622 981 676 mortem
997 632 1060 676 non
1077 615 1203 696 amplius
1217 634 1291 696 per·

66 714 263 788 timeseims,
280 712 334 775 sed
348 711 380 774 in
392 710 511 783 Christo
526 730 645 803 semper
659 711 691 774 in
707 714 798 776 caelis
814 733 919 795 eumue
936 716 1098 796 regnaturi.
1121 717 1210 791 Quod
1221 718 1290 782 ideo

64 815 288 896 murannimur,
310 813 390 895 quod
406 813 504 895 ipsum
517 813 573 876 bei
587 813 720 877 Verbum
729 816 885 895 proprium
899 824 987 898 atque
1002 837 1037 880 ex
1053 819 1140 881 Patre
1155 821 1289 899 genitum

62 936 184 981 mern
195 915 293 980 induit
303 917 458 996 iactusque
467 915 559 978 bomo
573 923 631 979 cst.
652 915 726 979 Nam
741 916 769 979 si
783 925 912 981 creatam
923 937 990 980 cum
1005 919 1129 982 haberet
1143 932 1290 998 naturam,

61 1019 156 1084 belus
176 1026 286 1101 postea
306 1020 415 1082 fuisset
433 1017 537 1092 bomo,
559 1016 639 1080 idern
659 1019 794 1098 prolecto
816 1019 897 1098 qnod
911 1029 996 1082 antea
1013 1022 1174 1085 mansisset
1188 1022 1289 1086 homi·

60 1139 131 1185 om
152 1139 267 1203 genus,
295 1138 393 1201 neque
413 1137 480 1182 enm
501 1118 564 1180 beo
586 1119 776 1183 coniunctum
797 1119 915 1184 luisset.
959 1121 1019 1196 Qui
1040 1123 1120 1185 enim
1141 1143 1192 1186 res
1214 1125 1290 1188 lacta

60 1241 112 1304 per
132 1240 204 1286 rem
223 1223 329 1285 iactam
349 1239 418 1285 oum
439 1219 579 1306 creatore
600 1219 740 1301 coniungi
760 1221 888 1301 posset?
908 1221 967 1286 lut
988 1223 1059 1304 quid
1081 1224 1180 1286 auxilii
1202 1226 1289 1289 simi-

41 1323 140 1388 bbns
162 1331 273 1406 posset
293 1322 356 1387 dari
378 1340 396 1384 a
418 1321 576 1398 similibus,
599 1340 666 1385 cum
687 1322 753 1404 ipsa
776 1324 882 1388 eodem
903 1325 1011 1388 auxilio
1032 1325 1206 1407 indigeant?
1230 1328 1289 1403 Qut

59 1444 148 1501 sero,
179 1425 210 1488 si
238 1424 365 1488 Verbum
393 1442 444 1485 res
472 1433 569 1486 creatu
599 1431 697 1497 esset,
731 1429 837 1505 posset
861 1425 915 1488 Dei
947 1427 1124 1490 sententiam
1145 1428 1290 1508 abrogare

13 1530 15 1534 ”
59 1535 276 1610 peccatumque
303 1526 468 1600 dimittere,
500 1544 567 1588 cum
595 1526 655 1588 boo
675 1525 727 1590 Dei
749 1527 903 1608 proprium
925 1548 992 1592 esse
1014 1530 1192 1611 scripserint
1210 1529 1288 1594 Pro·

58 1628 190 1712 phetam
212 1629 287 1691 Nam
305 1629 381 1704 Quis
397 1628 481 1691 Deus
503 1623 612 1691 nmilia
634 1632 689 1701 tui,
712 1633 765 1710 pul
784 1631 893 1710 ossen
912 1641 1038 1715 peccato
1053 1641 1083 1695 et
1098 1633 1290 1696 transcendit

37 1729 263 1821 'niquitatem‘
295 1729 448 1810 Siquidem
469 1729 550 1792 Deus
573 1730 661 1792 dixit:
689 1730 793 1795 Terra
814 1751 844 1794 ea
867 1742 897 1795 et
917 1737 951 1796 in
972 1745 1090 1797 terrens
1111 1738 1290 1812 reuerteris,

60 1854 153 1916 nque
175 1852 266 1897 causa
288 1842 344 1908 est,
367 1851 420 1896 cur
441 1832 578 1895 homines
600 1832 669 1920 faeti
690 1834 832 1896 mortales
854 1834 974 1897 luerint.
1020 1836 1179 1909 Quomodo
1200 1835 1290 1914 igitur

58 1945 214 2018 peccatum
235 1943 364 2017 possenl
383 1953 434 1997 res
456 1936 550 1998 laetae
572 1933 714 1997 solvere?
742 1935 850 1998 Verum
872 1936 940 2016 ipse
960 1937 1050 1999 solvit
1070 1937 1233 2011 Dominus,
1255 1945 1291 2000 ut

60 2038 138 2104 bem
165 2039 234 2119 ipse
261 2038 317 2100 ait:
352 2034 424 2100 Nisi
450 2035 548 2099 Filius
575 2055 629 2099 noa
661 2036 855 2108 liberaverit,
887 2056 1015 2118 roreque
1044 2038 1177 2102 ostendit
1198 2038 1289 2103 Filius

58 2139 258 2206 liberatores
278 2158 334 2202 nee
355 2145 487 2202 creatum
515 2157 571 2201 nee
596 2139 705 2202 iactum
735 2158 819 2213 esse,
854 2139 907 2201 sed
940 2149 1063 2203 naturae
1089 2141 1204 2216 Patris,
1237 2140 1290 2222 qni

60 2243 240 2308 molentium
261 2241 339 2304 illam
362 2241 448 2303 initio
478 2240 587 2304 tulerat
613 2239 757 2321 solusque
783 2250 901 2322 peccata
935 2243 1100 2317 condonat,
1131 2242 1289 2323 proprium

61 2365 128 2410 esse
150 2344 285 2411 Verbum
307 2352 337 2406 et
358 2343 545 2427 imaginem„
573 2342 646 2404 Cum
663 2343 743 2405 enim
764 2344 794 2406 in
810 2343 907 2406 Verbo
929 2345 1039 2407 dictum
1062 2345 1168 2408 luerit:
1192 2345 1291 2409 Yerro

60 2468 87 2511 ea
108 2458 140 2523 ,et
161 2451 197 2509 in
219 2458 337 2512 terram
358 2450 534 2518 reuerteris,
556 2443 639 2506 valde
661 2453 859 2524 congruenter
880 2465 942 2526 per·
954 2447 1032 2509 idem
1048 2447 1145 2528 ipsum
1159 2446 1290 2509 Verbum

61 2560 144 2632 atque
167 2549 200 2610 in
222 2549 290 2630 ipso
310 2547 433 2610 libertos
456 2554 487 2609 et
507 2547 617 2609 solutio
639 2547 837 2609 damnationis
859 2549 933 2610 lacta
955 2557 1013 2610 est.

143 2754 197 2818 68.
226 2751 337 2841 Atqui,
360 2749 507 2830 inquiunt,
531 2749 648 2812 euamsi
670 2749 805 2812 Salvator
825 2759 941 2813 creatus
964 2760 1056 2824 esset,
1077 2757 1196 2832 poterat
1210 2748 1289 2811 Deus

59 2854 265 2918 tantummodo
294 2854 394 2916 dicere
421 2859 509 2931 atquc
540 2852 578 2914 ita
601 2851 717 2915 solvere
738 2851 986 2915 maledictionem.
1029 2851 1068 2914 At
1087 2851 1176 2914 simili
1197 2850 1289 2913 modo

59 2956 132 3039 ipsis
161 2958 203 3019 ita
233 2955 348 3018 occurri
376 2953 491 3034 possit:
523 2954 619 3015 Etiam
647 2953 713 3016 sine
732 2953 800 3016 ‘ullo
829 2955 893 3016 eius
923 2955 1048 3017 adventu
1069 2962 1187 3036 poterat
1207 2952 1372 3020 bessem

57 3058 263 3122 tantummodo
285 3057 384 3119 dicere
405 3063 493 3135 atque
514 3055 555 3117 ita
577 3057 693 3118 solvere
714 3055 961 3117 maledictionem.
1005 3056 1115 3118 Verum
1135 3055 1289 3119 attendere

59 3168 195 3244 oportet,
218 3159 290 3239 quid
312 3158 352 3222 sit
372 3157 544 3220 hominibus
566 3158 655 3232 utile,
678 3176 740 3219 uon
763 3167 860 3219 autern
883 3158 952 3238 quid
975 3160 1005 3221 in
1029 3159 1168 3221 omnibus
1189 3158 1290 3241 possit

56 3262 147 3326 beus.
193 3262 327 3341 Namque
350 3260 439 3322 etiam
461 3269 528 3321 ante
549 3260 615 3321 Noe
637 3279 734 3322 arcam
757 3260 905 3336 homines,
928 3262 978 3341 qui
1000 3269 1207 3343 peccaverant,
1229 3279 1287 3340 po-

55 3373 134 3429 terat
155 3363 346 3437 interimere,
375 3373 474 3423 tamen
496 3361 525 3422 id
548 3363 671 3424 nonnisi
692 3371 763 3442 post
784 3382 881 3425 arcam
903 3364 981 3425 lecit.
1025 3364 1148 3426 Poterat
1169 3379 1289 3442 quoque

55 3468 170 3548 nsque
193 3466 294 3546 Moyse
315 3463 504 3526 solummodo
527 3463 627 3525 dicere
648 3465 851 3545 populumque
874 3465 1000 3527 educere
1023 3484 1058 3526 ex
1079 3465 1229 3545 Aegypto,
1259 3473 1290 3526 at

53 3569 83 3631 id
104 3588 163 3650 per
189 3568 322 3648 lloysem
350 3566 415 3627 lieri
447 3565 652 3628 conveniebat.
695 3566 818 3628 Poterat
848 3567 920 3628 item
948 3566 1028 3628 Deus
1056 3567 1199 3648 populum
1221 3565 1290 3626 sine

53 3670 205 3734 iudicibus
238 3687 432 3742 conservare3
465 3687 568 3729 verum
598 3687 615 3729 e
642 3686 676 3729 re
708 3668 830 3748 populi.
844 3677 907 3730 erat
935 3669 1048 3730 iudices
1075 3688 1131 3749 pro
1154 3677 1288 3748 tempore

52 3774 178 3837 babere.
214 3773 294 3846 Quin
317 3771 405 3833 etiam
427 3770 492 3850 ipae
508 3769 643 3831 Salvator
662 3778 779 3850 poterat
800 3770 837 3832 ab
861 3769 945 3831 initio
969 3770 1118 3844 advenire,
1140 3769 1185 3831 vel
1200 3778 1287 3849 post-

86 3962 113 4011 d.
130 3957 273 4011 telerna.
292 3968 315 4038 et
333 3956 405 4038 editip
416 3956 533 4007 Commel.
554 3940 587 4016 ἦν
603 3948 646 4003 λᾶ-
678 3945 756 4009 ὐἱὸς
774 3949 787 4003 l
806 3949 1004 4022 ἐλευθερώσας,
1032 3947 1076 4004 ‘o'u
1094 3947 1142 4004 οὐκ
1153 3949 1219 4034 ἔστι
1235 3954 1289 4006 κτλ-

49 4044 114 4149 γοὲ
128 4029 273 4158 sami
288 4018 564 4159 i1,.⁶,²ss,⁷,⁰{imm
698 4035 763 4141 wlf
774 4025 1029 4154 selg’l‘g'rfebl'ikffc'uss.
1040 4038 1191 4144 λελλλΐν
1201 4091 1246 4142 atti
1265 4098 1289 4140 a

85 4166 104 4216 l.
129 4164 231 4226 Segner.
255 4170 279 4213 et
296 4163 353 4224 lieg.
370 4160 429 4216 πῶς
445 4155 547 4210 τοίνυν.
581 4160 645 4210 Editi
696 4160 752 4211 editi
769 4153 920 4228 λύτρωσις.Ι

47 4232 112 4288 πός
127 4226 193 4298 γάρ·
730 4229 746 4277 i.
771 4230 911 4291 Segnariao.
929 4220 989 4278 laet
1013 4236 1036 4277 et
1060 4228 1148 4277 ibidem
1166 4218 1288 4291 πρὸτῆς

84 4318 109 4364 g.
125 4301 227 4364 Segaer.
246 4308 270 4350 et
288 4298 429 4349 veterna.
448 4290 527 4363 ἡμᾶς.
553 4297 645 4345 ibidem
696 4294 760 4346 Nola
787 4295 913 4361 κιβωτοῦ.
951 4297 996 4348 tui
1022 4306 1046 4347 et
1069 4296 1126 4346 editi
1148 4287 1241 4353 ἐπειδή
1264 4301 1289 4344 et

48 4371 154 4432 Segnar.
175 4369 232 4429 lien.
252 4367 350 4418 Gobler.
368 4366 474 4417 Felclm.
496 4366 518 4414 l.
536 4364 561 4413 4.
580 4372 603 4413 et
621 4365 645 4413 5.
696 4359 751 4430 πρὸ
771 4362 961 4431 reexspectat.

47 4429 166 4498 ἀληθοῦς
183 4428 198 4482 ὃ
216 4428 275 4488 vide
292 4427 307 4482 ὁ
325 4426 523 4501 Ιλευθεραλσας,
543 4425 580 4485 ὡς
598 4424 646 4480 οὔκ
732 4435 753 4481 lr.
773 4436 872 4495 Segoer.
891 4433 964 4484 llasil.
979 4432 1076 4484 Gobler.
1088 4429 1288 4480 Felelno.l.etl.

41 4499 113 4558 ἔστι
134 4502 246 4572 nupto„
280 4503 327 4555 Alii
350 4512 373 4555 et
396 4502 454 4554 editi
477 4494 587 4562 ἀληθῶς
610 4492 648 4555 de
693 4499 755 4554 vols
770 4496 854 4556 laea.
889 4501 936 4552 alti
953 4507 978 4551 et
994 4500 1053 4552 aditi
1069 4498 1128 4554 tole
1144 4489 1242 4551 ἄλλοις.
