2934 5078
467 254 578 304 mmo
592 258 635 303 ru.
651 259 768 306 consu
780 258 917 306 ms.
1134 231 1141 240 ’
1225 254 1289 318 545
1329 322 1332 328 ¹

59 413 122 466 tum
143 414 180 467 ut
199 421 258 467 nos
279 406 410 481 doceret,
432 407 565 488 seipsum
585 417 709 490 propter
728 429 787 473 nos
808 412 844 475 ad
867 413 998 476 omnium
1022 415 1147 478 salntem
1161 417 1380 485 missuum
1439 433 1440 438 ’

61 523 144 580 esse,
173 509 233 586 qud
261 509 353 587 gratia
381 508 459 572 nulia
481 517 562 572 certe
582 508 679 571 maior
698 511 798 593 possit
819 531 898 577 esse.
944 514 994 576 iila
1015 517 1106 596 igitur
1127 517 1288 582 Salvatoris
1358 499 1362 508 ¹

59 605 161 682 rerba,
184 625 261 687 quae
280 608 380 671 Ariani
402 609 554 685 obiiciunt,
577 611 658 673 Data
680 624 726 674 eat
746 614 822 675 mibi
837 626 991 695 potestas,
1014 625 1045 678 et
1067 618 1215 701 Glorifico
1235 619 1288 684 Fi·

60 708 135 771 bunt
157 720 259 782 mum,
288 719 321 771 ut
343 719 373 772 et
393 710 473 772 hunc
492 710 573 774 Petri
600 711 713 775 iocum:
746 713 829 778 Doto
856 727 901 779 est
928 717 979 779 etta·
1000 728 1155 800 potestas,
1184 721 1287 784 eadem

59 826 188 889 prorsus
208 810 325 874 ratione
347 811 537 892 explicamus.
568 812 699 875 Dicimus
720 831 829 894 nempe
850 815 908 879 ista
922 818 1022 879 omnia
1037 828 1162 900 propter
1175 838 1286 900 cotpus

59 929 128 975 eum
161 912 292 987 humano
325 930 410 975 more
440 913 532 992 ioqui.
575 911 647 975 Nam
673 912 744 977 licet
770 916 849 978 uuila
878 936 912 980 re
940 918 1102 998 indigeret,
1134 921 1288 1001 accepisse

59 1021 158 1081 tamen
186 1013 308 1088 dicitur,
342 1033 417 1094 qnae
444 1021 478 1076 ut
497 1014 588 1075 bomo
616 1015 744 1097 aceepit,
774 1026 808 1079 nt
834 1018 975 1080 nimirum
998 1028 1137 1100 tanquam
1157 1021 1287 1087 Domino

58 1113 222 1193 accipiente
244 1122 275 1176 et
295 1114 375 1176 douo
397 1115 429 1176 in
450 1115 703 1194 ipso-considente
719 1117 835 1180 subitis
849 1120 942 1199 gratia
956 1131 1157 1201 permaneret
1188 1121 1286 1185 Purus

59 1213 138 1276 enim
161 1215 253 1278 homo
275 1215 334 1289 his,
357 1234 432 1296 quae
453 1215 569 1295 accipit,
591 1216 714 1296 spoliari
734 1226 846 1298 potest,
869 1227 903 1280 ut
917 1239 953 1282 ex
967 1221 1078 1283 Adamo
1094 1221 1206 1285 darum
1226 1228 1285 1296 est,

58 1316 109 1395 qui
137 1315 252 1377 scilicet
278 1335 353 1395 quae
380 1324 535 1396 acceperat
562 1317 699 1397 perdidit.
743 1319 889 1392 Quocirca
918 1328 951 1381 ut
978 1322 1070 1400 gratia
1092 1321 1201 1383 auferri
1222 1340 1285 1384 non

57 1424 182 1496 posset,
216 1434 340 1496 eamque
367 1424 540 1478 constanter
567 1417 703 1488 homines
725 1429 949 1494 conservarent,
977 1421 1132 1502 proprium
1154 1421 1204 1483 ille
1225 1421 1285 1484 sibi

56 1517 119 1579 vult
142 1534 213 1579 esse
235 1516 371 1578 collatum
393 1515 425 1577 in
448 1534 504 1581 nos
532 1509 726 1592 beneficium,
757 1537 849 1599 seque
879 1528 911 1582 ut
932 1520 1084 1584 bominem
1106 1529 1285 1603 potestatem

57 1618 212 1698 accepisse
233 1622 373 1690 testatur,
403 1635 491 1696 quam
519 1635 638 1699 semper
657 1617 747 1681 habet
768 1629 801 1682 ut
821 1620 918 1695 Deus,
947 1630 977 1684 et
998 1623 1040 1684 ait
1061 1623 1208 1704 Glorifico
1228 1641 1284 1695 ate,

57 1719 108 1799 qui
131 1718 207 1780 alios
228 1717 386 1798 glorificat,
415 1724 450 1780 ut
478 1719 617 1781 nimirum
639 1737 757 1781 carnem
779 1720 826 1781 his
849 1720 940 1786 rebus
963 1731 1097 1802 egentem
1120 1742 1153 1785 se
1175 1723 1286 1786 habere

57 1820 247 1899 significaret
292 1808 376 1881 Unde
403 1818 452 1880 itu
479 1819 641 1900 accipiente
670 1821 922 1902 quandoquidem<
938 1824 1002 1903 ipsa
1024 1824 1172 1905 accipiens
1194 1824 1226 1884 in
1246 1842 1284 1889 eo

57 1929 116 1994 est,
149 1939 207 2000 qua
228 1928 361 1982 assumta
382 1921 477 1982 iactus
501 1930 548 1984 est
568 1921 676 1996 homo,
703 1920 815 1984 ideirco
837 1924 921 2002 quasi
943 1925 1009 2004 ipae
1031 1935 1112 1986 esset
1132 1925 1181 2004 qui
1204 1919 1283 1987 aori*-

40 2006 154 2101 peret,
176 2020 284 2082 dictim
305 2020 449 2101 accipere.
1311 2081 1314 2088 .

145 2124 198 2186 39.
243 2120 275 2183 Si
295 2120 397 2200 igitur,
419 2129 454 2183 ut
474 2121 594 2201 saepius
614 2121 725 2184 dictum
748 2130 805 2197 est,
828 2122 958 2185 Verbum
979 2123 1072 2185 bomo
1094 2143 1156 2185 nou
1176 2127 1285 2187 iactum

57 2233 114 2299 ost,
138 2231 206 2285 esto
228 2223 390 2285 secundum
414 2242 468 2284 ros
489 2223 642 2304 proprium
663 2221 752 2285 Verbi
774 2225 917 2304 accipere,
940 2224 1034 2303 gloria
1050 2242 1136 2303 egere
1151 2225 1370 2305 utiquo-ensa.

56 2340 135 2385 rare.
180 2323 242 2385 Sed
263 2324 288 2386 si
311 2324 439 2386 Verbum
462 2326 570 2387 factum
592 2333 639 2386 est
664 2324 773 2398 bomo,
802 2325 844 2386 uti
868 2342 970 2386 revera
992 2333 1048 2396 est,
1070 2325 1285 2404 propriumque

57 2425 251 2486 sithominis
273 2425 416 2505 accipere,
440 2442 528 2503 cgere
550 2431 580 2485 et
600 2423 748 2504 ignorare,
771 2443 824 2487 cur
845 2425 963 2487 dantem
986 2425 1069 2505 quasi
1092 2425 1285 2504 accipientem

57 2523 248 2605 cogitamus?
276 2544 329 2588 cur
350 2526 448 2598 illum,
470 2525 521 2605 qui
542 2524 608 2586 aliis
629 2524 798 2587 necessaria
820 2525 1003 2605 suppeditat,
1026 2525 1160 2604 indigere
1180 2509 1284 2605 auspi-

57 2625 182 2688 camur?
214 2644 267 2688 mr
288 2627 416 2705 denique
437 2624 565 2688 Verbum
587 2644 604 2687 a
626 2624 713 2688 Patre
734 2634 767 2688 ut
789 2625 991 2705 imperfectum
1014 2633 1044 2686 et
1064 2643 1154 2704 egens
1175 2624 1284 2687 diridi-

54 2746 135 2802 mus,
156 2728 375 2807 humanumque
397 2745 490 2806 genus
512 2725 603 2806 gratia
624 2725 743 2807 privare
765 2725 933 2789 audemus?
954 2725 1113 2787 Enimvero
1135 2723 1162 2787 si
1184 2725 1285 2804 ipsum

55 2827 204 2903 Verbum,
226 2818 372 2908 quatenus
394 2826 523 2889 Verbum
545 2835 600 2899 eat,
622 2846 677 2907 per
699 2827 831 2907 seipsum
854 2827 1018 2908 accepisset
1039 2835 1069 2888 et
1090 2823 1283 2904 glorificatum

55 2929 180 3004 suisset,
209 2930 237 2992 si
265 2929 336 2990 item
364 2929 527 2990 secundum
556 2926 737 2989 divinitatem
765 2927 950 2989 sanctitatem
979 2934 1059 2989 esset
1088 2926 1227 3005 adeptum
1249 2943 1284 2987 ac

56 3031 228 3105 revixisset,
251 3050 326 3110 quae
348 3048 419 3111 spes
440 3048 551 3109 quaeso
573 3027 745 3090 hominibus
768 3022 873 3109 posset
894 3026 987 3090 esaei
1009 3026 1086 3088 Nudi
1109 3013 1195 3087 enim
1208 3043 1283 3105 pro-

56 3135 135 3195 iecto
157 3132 313 3211 timidique
333 3144 365 3192 et
386 3132 505 3205 mortui,
528 3129 631 3209 quales
647 3138 740 3202 erant,
763 3137 962 3198 remanerent,
985 3127 1152 3217 audiamque
1167 3143 1283 3198 eorum,

56 3253 133 3316 quae
155 3233 230 3294 Filio
258 3233 324 3294 data
353 3240 438 3306 sunt,
467 3232 613 3293 baberent
639 3229 888 3292 communionem.
933 3229 1011 3303 Quid
1039 3245 1132 3308 porro
1155 3226 1285 3289 Verbum

56 3335 177 3397 advenit
198 3341 229 3395 et
250 3351 318 3395 caro
340 3335 448 3395 iactum
471 3331 542 3394 est?
563 3331 595 3394 Si
617 3340 653 3394 ut
672 3331 745 3393 baec
767 3332 924 3413 acciperet,
945 3348 1020 3411 quae
1034 3328 1187 3409 accepisse
1200 3327 1281 3403 dicit,

55 3454 183 3499 vacuum
204 3434 293 3514 igitur
315 3433 362 3495 iris
385 3442 469 3495 antea
493 3442 571 3507 erat,
605 3432 788 3513 omninoque
811 3435 942 3495 futurum
964 3442 1027 3505 est,
1051 3437 1083 3494 ut
1102 3429 1205 3509 potius
1225 3426 1284 3508 ipsi

57 3536 176 3616 corpori
205 3535 350 3596 maximas
379 3534 486 3596 babeat
518 3534 644 3613 gratias,
676 3552 735 3613 quo
765 3533 902 3596 videlicet
923 3540 1058 3594 assumto
1080 3531 1138 3592 iata
1159 3548 1183 3591 a·
1197 3528 1286 3601 Patre

56 3637 216 3717 acceperit,
238 3655 314 3717 quae
335 3644 492 3715 autequam
514 3636 544 3697 in
567 3651 687 3697 carnem
707 3635 878 3697 advenisset
893 3653 953 3695 non
969 3631 1081 3704 babuit,
1103 3649 1137 3692 ac
1158 3627 1286 3710 proinde

55 3738 186 3800 Verbum
208 3737 308 3817 potius
329 3737 476 3799 ridebitur
497 3735 602 3798 melius
623 3744 748 3817 propter
776 3753 885 3815 corpus
914 3735 1051 3796 effectum
1079 3749 1165 3803 esse,
1196 3746 1285 3808 qnam

92 3925 115 3973 d.
136 3922 648 3986 SicReg.l.Seguer.Gobler.etFeicim.
700 3930 745 3970 etc.
780 3920 810 3968 dt
833 3918 931 3971 Gobler.
955 3927 979 3968 et
1002 3915 1108 3991 Feiciqr.
1129 3913 1150 3962 i.
1175 3913 1289 3990 omittant

59 3993 81 4040 l.
116 3993 147 4041 dt
163 3991 205 4040 atii
225 4000 248 4041 et
266 3992 323 4040 editi
341 3983 387 4038 διὰ
406 3988 496 4038 τοῦτο.
699 3980 800 4038 ἐκεῖνος
816 3979 887 4035 κατὰ
903 3979 955 4044 τὴν
970 3978 1090 4043 sedeque
1107 3973 1183 4029 ἔστιν
1200 3970 1215 4026 ὅ
1231 3990 1290 4042 ayo·

90 4074 113 4108 e.
133 4059 206 4108 basii.
224 4049 286 4106 καθ’
306 4051 386 4124 ἡμᾶς,
406 4059 529 4107 mendose.
701 4048 804 4124 ασιῗεές.
1284 4112 1290 4124 ¹

90 4128 107 4176 i.
127 4126 169 4176 Sic
186 4128 278 4188 Regi.
296 4127 394 4188 Segner.
414 4126 484 4177 Gobt.
503 4132 526 4174 et
543 4122 649 4173 Feicim.
687 4162 691 4169 ,
734 4122 759 4172 b.
777 4122 833 4183 iirg.
853 4120 875 4170 i.
901 4128 925 4169 et
942 4119 1041 4182 Segner.
1059 4108 1173 4180 έγένετο.
1210 4112 1291 4189 Cetera

58 4194 80 4243 ί.
115 4193 162 4244 tut
185 4209 243 4243 raro
261 4201 285 4242 et
302 4195 375 4244 editio
392 4192 538 4243 Commeiin.
554 4184 600 4239 καὶ
617 4181 649 4237 mi
702 4197 726 4238 et
743 4188 800 4239 editi
818 4180 933 4255 έγένεαο.
970 4186 1021 4234 tior
1039 4181 1290 4259 Regulb'egpsrraa.

56 4251 182 4325 ἄγνοια·
202 4254 279 4308 dauri
295 4254 344 4308 τὸν
362 4252 475 4308 διδόντα
488 4268 533 4309 etc
551 4257 650 4308 omissis
701 4246 770 4324 ἅπερ
798 4250 871 4319 λέγει
899 4246 1053 4319 εἰληφέναι·
1083 4260 1160 4299 κενοα
1189 4260 1223 4304 tv
1244 4251 1292 4295 ⁰¹0·

56 4322 243 4380 intermediis'
702 4323 799 4375 Gobter.
825 4325 883 4373 item
911 4329 936 4371 et
958 4321 1063 4370 retain.
1084 4317 1106 4366 i.
1131 4306 1291 4378 εἰληφέναι·

89 4413 112 4459 g.
131 4397 174 4448 Sic
191 4397 249 4457 lieg.
271 4396 292 4445 i.
311 4400 335 4446 et
352 4393 452 4455 Seguer.
487 4394 532 4444 diii
551 4400 575 4442 et
593 4391 650 4441 editi
700 4384 776 4444 navic
793 4374 827 4449 ἢν
843 4397 890 4440 eto.
925 4387 1014 4464 ttiqer
1026 4383 1084 4434 editi
1102 4372 1120 4431 ἃ
1136 4377 1209 4445 Myce
1225 4370 1292 4438 tide-

55 4456 116 4514 iore
133 4458 300 4531 λαμβάνων,
326 4453 373 4509 καὶ
390 4454 534 4518 detodoris
549 4452 651 4512 isaim
701 4453 796 4525 φέναι,
814 4449 1011 4513 sciamusne.

97 4550 230 4595 banaiau
243 4560 294 4594 ore.
307 4559 379 4593 noes.
394 4559 443 4591 aas.
1057 4533 1090 4585 36
