2948 5092
180 262 222 327 60
583 277 610 320 ε.
625 273 1017 318 Ατοιιιιειιιυεοτενιεαοτι

95 447 170 496 εστι.
179 429 238 493 τοῦ
260 428 360 505 θεοῦ,
395 419 479 491 ἀλλὰ
500 426 556 490 καὶ
578 423 704 506 μᾶλλον
727 410 948 504 ἀποδεχέσθω
970 419 1047 498 τοῦς
1069 426 1217 505 πατέρας
1238 420 1408 487 διακαθά-

179 552 299 614 ραντας
321 525 378 593 τόν
400 529 486 605 νοῦν,
511 523 700 607 λευκότερον
721 525 776 589 καὶ
799 519 843 602 ὥς
865 523 900 590 ἐκ
914 522 1128 610 παραλλήλου
1144 521 1183 588 τὸ
1199 522 1233 589 ἐκ
1247 525 1306 589 τοῦ
1322 526 1405 590 θεοῦ

178 629 372 716 γράψαντας
393 627 431 693 τό
454 627 488 693 ἐκ
508 630 567 714 τῆς
590 620 713 702 οὐσίας.
758 620 877 691 ταῦτὸν
898 624 960 711 γὰρ
982 621 1145 712 ἡγήσαντο
1168 625 1272 708 λέγειν
1295 623 1331 690 ἐκ
1348 628 1406 689 τοῦ

178 735 263 799 θεοῦ
285 733 339 797 καὶ
362 728 401 796 τὸ
423 731 526 815 λέγειν
549 727 585 794 ἐκ
605 731 663 814 τῆς
686 721 801 806 οὐσίας
822 729 882 792 τοῦ
903 728 988 792 θεοῦ
1012 720 1097 792 εἶναι
1121 724 1308 809 τὸνλόγον·
1332 725 1406 793 ἐπεὶ

179 831 235 900 καὶ
261 832 300 898 τό
328 831 424 910 θεός,
454 828 546 896 καθὰ
573 840 755 914 προεῖπον,
787 822 882 894 οῦδὲν
911 828 1021 913 ἕτερον
1043 821 1064 913 ἢ
1086 826 1143 911 τὴν
1167 821 1283 894 οῦσίαν
1306 823 1406 893 αῦτοῦ

179 939 238 1001 τοῦ
268 931 363 1013 όντος
391 938 552 1019 σημαίνει.
598 930 627 997 ελ
659 932 719 1015 μὲν
749 919 807 996 οῦν
835 928 879 1016 μὴ
904 928 937 996 ἐκ
959 932 1017 995 τοῦ
1036 932 1123 996 ’θεοῦ
1146 928 1235 995 ἐστιν
1259 923 1277 994 ό
1299 927 1405 1014 λόγος,

181 1033 226 1116 ὥς
249 1030 288 1102 ἀν
311 1033 381 1113 υἱὸς
404 1034 454 1121 εἴη
478 1032 577 1121 φύσει
597 1032 731 1119 γνήσιος
753 1031 788 1098 έκ
809 1031 945 1116 πατρός,
970 1025 1038 1097 ἀλλ’
1057 1027 1102 1110 ὥς
1116 1030 1158 1098 τὰ
1172 1038 1336 1115 κτίσματα
1352 1031 1408 1098 διὰ

179 1137 218 1204 τὸ
242 1139 554 1225 δεόημιουργὴσθαι,
578 1135 706 1221 λέγεται
726 1136 781 1200 καὶ
804 1129 902 1213 αῦτὸς
925 1129 970 1212 ὥς
991 1132 1033 1201 τὰ
1055 1133 1167 1200 πάντα
1182 1134 1216 1202 ἐκ
1230 1137 1290 1200 τοῦ
1305 1137 1407 1201 θεοῦ·

181 1239 257 1308 οῦτε
284 1239 318 1307 έκ
345 1242 403 1324 τῆς
424 1233 540 1316 οῦσίας
562 1235 633 1304 ἐστὶ
653 1239 712 1302 τοῦ
735 1235 878 1323 πατρός,
903 1233 980 1303 οῦτε
1001 1231 1100 1314 αὐτὸς
1123 1231 1142 1301 ό
1164 1235 1236 1315 υἱὸς
1257 1231 1325 1302 κατ’
1352 1232 1406 1303 οῦ-

181 1347 256 1408 σίαν
280 1341 349 1408 ἐστὶ
372 1338 453 1420 υἱός,
478 1333 546 1407 ἀλλ’
572 1338 608 1418 ἐξ
630 1334 755 1426 ἀρετῆς,
780 1333 825 1417 ὥς
846 1333 942 1424 ἡμεῖς
958 1339 990 1403 οἱ
1004 1336 1088 1403 κατὰ
1100 1338 1196 1425 χάριν
1210 1337 1407 1421 καλούμενοι

180 1444 257 1509 υἱοί.
303 1441 333 1509 εί
361 1441 398 1508 δὲ
420 1440 454 1508 έκ
475 1443 534 1506 τοῦ
557 1443 641 1507 θεοῦ
664 1440 736 1507 ἐστι
757 1439 859 1525 μόνος
883 1435 901 1505 ό
924 1438 1015 1517 “υλός
1035 1439 1183 1526 γνήσιος,
1215 1436 1325 1527 ὥςπερ
1349 1431 1406 1506 σῦν

180 1546 234 1611 καὶ
258 1544 345 1622 ἔστι,
370 1544 502 1628 λεχθείη
526 1536 566 1608 ἀν
589 1540 724 1621 εἰκότως
745 1544 798 1607 καί
822 1540 856 1608 ἐκ
877 1543 935 1628 τῆς
957 1536 1073 1620 οόσέας
1095 1545 1153 1607 τοῦ
1176 1545 1260 1608 θεοῦ
1284 1537 1302 1606 ὁ
1325 1542 1405 1620 υἱός.

172 1651 175 1658 ’
266 1651 316 1711 23.
363 1647 429 1710 Καὶ
457 1641 519 1730 γάρ
547 1645 601 1710 καὶ
630 1641 669 1708 τὸ
691 1642 904 1730 παράδειγμα
925 1645 983 1707 τοῦ
1007 1641 1119 1729 φωτὸς
1140 1645 1194 1709 καλ
1216 1647 1275 1710 τοῦ
1299 1639 1409 1710 ἀπαυ-

179 1746 348 1832 γάσματος
376 1749 528 1813 τοιοῦτον
556 1747 622 1828 ἔχει
650 1744 707 1811 τὸν
736 1749 821 1811 νοῦν.
868 1741 904 1811 οῦ
934 1743 996 1829 γάρ
1018 1744 1160 1811 κατὰτὸ
1184 1745 1408 1829 έξαπτόμενον

181 1847 215 1914 έκ
237 1852 294 1935 τῆς
315 1854 443 1935 θέρμης
463 1851 522 1913 τοῦ
543 1842 639 1934 ἡλίου
660 1848 738 1933 πῦρ,
762 1842 846 1932 ὅπερ
867 1849 920 1912 καί
938 1852 1141 1930 σβέννυσθαι
1156 1846 1258 1913 πάλιν
1274 1848 1406 1925 εἴωθεν,

180 1949 346 2037 είρὴκασιν
369 1951 400 2015 οἱ
423 1946 513 2033 άγιοι
536 1944 621 2016 εἶναι
641 1949 699 2016 τόν
721 1949 818 2034 λόγον
841 1947 926 2034 πρὸς
948 1947 1005 2014 τόν
1028 1947 1127 2015 θεόν·
1149 1953 1248 2015 τοῦτο
1270 1948 1332 2036 γάρ
1356 1949 1408 2034 ’έρ-

178 2074 236 2137 γον
259 2051 384 2130 ἔξωθεν
405 2054 459 2117 καὶ
481 2058 602 2135 κτίσμα
623 2055 681 2117 τοῦ
703 2055 883 2130 ποιοῦντος
903 2041 959 2135 ἡν
983 2045 1067 2116 ἀλλά
1089 2046 1291 2137 ἀπαύγασμα
1307 2045 1407 2116 αὐτὸν

181 2148 428 2240 εῦηγγελίοαντο
451 2153 589 2233 πάντες,
620 2153 676 2220 ἵνα
698 2152 736 2218 τό
759 2152 793 2219 ἐκ
815 2156 873 2238 τῆς
895 2148 1010 2230 οῦσίας
1034 2153 1120 2218 λ’όιον
1142 2155 1195 2219 καὶ
1219 2148 1408 2238 ἀδιαίρετον

180 2261 234 2321 καὶ
263 2254 321 2341 τὴν
350 2254 436 2340 πρὸς
458 2254 516 2322 τόν
539 2260 669 2339 πατέρα
691 2254 829 2341 ἑνότητα
853 2255 1037 2339 δηλώσωσι.
1082 2255 1219 2340 καὶγὰρ
1243 2251 1331 2321 οῦτω
1352 2257 1406 2320 καὶ

179 2357 218 2422 τό
251 2356 415 2442 ἄτρεπτον
447 2359 501 2423 καί
530 2352 755 2423 ἀναλλοίωτον
783 2352 882 2423 αῦτόν
912 2352 1048 2444 ἀληθοῦς
1081 2351 1166 2424 εἶναι
1199 2355 1408 2441 σωθήσεται·

181 2462 276 2538 1’πιῦς
304 2459 365 2544 γὰρ
395 2453 434 2524 ἀν
464 2456 572 2536 ἄλλως
601 2460 651 2544 εἴη
674 2462 840 2538 τοιοῦτος,
866 2459 894 2525 εἰ
915 2458 960 2543 μὴ
982 2462 1040 2544 τῆς
1061 2461 1120 2524 τοῦ
1143 2457 1271 2544 πατρὸς
1293 2454 1409 2536 οῦσίας

179 2561 267 2628 ἰ’ἀιόν
291 2561 362 2627 ἔστι
384 2566 543 2647 γέννημας
577 2555 697 2646 ἀνάγκη
720 2560 781 2646 γὰρ
803 2563 856 2627 καὶ
881 2560 915 2626 ἒν
929 2560 1035 2646 τούτῳ
1051 2559 1109 2646 τὴν
1124 2559 1308 2646 ταοτότητα
1323 2559 1409 2645 πρὸς

178 2661 236 2729 τὸν
260 2663 377 2729 ἑαυτοῦ
401 2669 529 2746 πατέρα
552 2661 677 2743 σώζειν.
710 2659 796 2728 οῦτω
820 2661 858 2750 δὴ
881 2663 1050 2748 τοῦλόγου
1067 2668 1227 2750 φανέντος
1243 2657 1407 2748 εὐσεβοῦς,

180 2760 366 2830 ἀκόλουθον
390 2759 429 2830 ἀν
454 2766 503 2851 εἴη
525 2765 608 2851 μηδὲ
631 2763 686 2831 ἐπὶ
710 2767 756 2850 τῷ
780 2760 946 2850 όμοουσίιμ
970 2765 1157 2844 ξενίζεσθαι
1177 2763 1255 2842 τοῦς
1274 2787 1409 2848 χριστο-

178 2865 310 2950 μάχους,
335 2867 470 2954 έχοόσης
491 2869 545 2932 καὶ
567 2870 625 2954 τῆς
648 2867 765 2946 λέξειας
786 2866 906 2950 ταύτης
928 2861 1002 2952 ῦγιὴ
1025 2865 1082 2953 τὴν
1106 2865 1256 2932 όιάνοιαν
1279 2868 1334 2932 καὶ
1350 2865 1408 2952 τὴν

180 2963 363 3047 ἀπόδειξιν.
410 2969 438 3034 εί
471 2968 531 3052 γὰρ
567 2967 605 3056 δὴ
635 2993 744 3055 φαμεν
774 2967 807 3034 έκ
836 2971 894 3052 τῆς
917 2962 1032 3046 οῦσίας
1055 2962 1140 3034 εἶναι
1161 2970 1220 3032 τοῦ
1243 2969 1327 3033 θεοῦ
1350 2966 1408 3031 τὸν

180 3067 290 3154 λόγον·
315 3067 434 3134 λοιπόν
457 3067 517 3153 γάρ
540 3065 559 3154 ἡ
583 3070 669 3148 λέξις
692 3066 923 3153 όμολογείσθω
945 3073 1000 3135 καὶ
1015 3063 1093 3152 παρ’
1111 3065 1235 3134 αῦτιῦν·
1251 3076 1285 3135 τί
1301 3062 1340 3134 ἀν
1358 3068 1407 3152 εἴη

179 3173 286 3248 τοῦτο,
311 3164 331 3254 ἡ
353 3168 391 3234 τὸ
415 3165 552 3256 ἀληθῶς
572 3169 627 3235 καὶ
651 3168 760 3237 ἀΐδιον
782 3175 840 3258 τὴς
862 3167 986 3251 οὗσίας,
1011 3171 1046 3250 ἒξ
1066 3161 1105 3257 ἡς
1126 3173 1178 3237 καὶ
1201 3176 1409 3258 γεγέννηταις

180 3266 218 3336 οό
240 3269 301 3357 γὰρ
325 3271 512 3356 ἑτεροειόές,
536 3273 591 3338 ἵνα
613 3271 657 3359 μὴ
680 3274 771 3352 ξένον
793 3276 847 3339 καλ
871 3269 1031 3358 ἀνόμοιον
1048 3268 1410 3360 τῇοῦσίᾳτσῦπατρός

180 3370 428 3459 έπεμιγνῦηται·
459 3367 535 3439 οῦδὲ
559 3374 683 3453 ἔξωθεν
707 3370 823 3453 άπλιῦς
846 3371 978 3459 ὅμοιος,
1009 3375 1131 3461 ἵναμὴ
1153 3370 1228 3440 καθ’
1255 3375 1367 3460 ἕτερον
1389 3369 1410 3462 ἡ

180 3469 266 3552 όλως
288 3472 496 3559 ἑτεροοόσιος
519 3481 686 3562 φαίνηται,
711 3472 821 3560 ὥςπερ
842 3476 961 3560 χαλκός
984 3479 1127 3563 στίλβων
1148 3479 1201 3542 καὶ
1215 3475 1338 3562 χρυσός
1352 3479 1407 3542 καὶ

179 3571 318 3660 άργυρος
345 3578 401 3640 καὶ
429 3582 631 3662 κασσίτερος.
676 3581 780 3644 ταῦτα
807 3577 868 3664 γάρ
898 3581 974 3659 ξένα
993 3581 1047 3645 καὶ
1072 3579 1233 3666 ἕτεροφυὴ
1257 3572 1410 3665 άλλὴλων

178 3678 232 3742 καὶ
245 3672 534 3761 Ιἀπεσχοινισμένα
555 3681 595 3767 τῇ
619 3678 719 3766 φύσει
740 3683 795 3746 καὶ
816 3684 856 3769 τῇ
881 3680 1016 3765 δυνάμει
1030 3681 1242 3765 τυγχάνουσι·
1264 3683 1319 3746 καί
1334 3677 1409 3747 οῦτε

180 3771 197 3841 ό
229 3776 347 3858 χαλκός
380 3781 467 3858 ἰ’όιος
496 3784 555 3846 τοῦ
583 3785 720 3865 χρυσοῦ,
755 3779 830 3849 οῦτε
858 3777 877 3868 ἡ
907 3781 1023 3869 φάσσα
1051 3781 1084 3849 ἐκ
1112 3785 1169 3870 τὴς
1191 3785 1407 3866 περιστερᾶς·

179 3872 264 3944 ἀλλὰ
287 3875 387 3962 όμοια
408 3882 468 3964 μέν
491 3883 659 3965 νομίζεται
681 3878 781 3963 εἶναι,
806 3883 997 3969 ένεροοῦοια
1020 3879 1227 3970 όὲάλλὴλων
1250 3883 1355 3950 ἐστίν·
1380 3882 1409 3949 ελ

177 3980 238 4064 μὲν
267 3970 323 4046 οῦν
351 3985 406 4047 καὶ
434 3977 470 4047 (ό
493 3982 564 4062 υἱός
587 3980 692 4062 οῦτως
714 3985 819 4065 ἐστίν,
852 3985 935 4051 ἔστω
957 3981 1079 4068 κτίσμα
1103 3981 1212 4068 ὥςπερ
1234 3987 1289 4050 καὶ
1311 3981 1409 4072 ἡμεῖς

177 4084 231 4148 καί
253 4080 298 4167 μὴ
322 4077 514 4165 όμοοῦσιος·
539 4084 567 4150 εἰ
590 4086 625 4150 ἀὲ
648 4084 719 4163 υἱός
741 4085 813 4152 ἐστι
828 4085 932 4171 λόγος,
950 4093 1063 4173 σοηνία,
1082 4084 1176 4152 είκιῦν
1191 4088 1250 4150 τοῦ
1266 4085 1406 4170 πατρός,

95 4204 166 4246 νυν.
179 4178 396 4269 ἀπαύγασμα,
433 4183 565 4264 εἰκότως
599 4183 776 4269 όμοοόσιος
805 4180 845 4253 ἀν
875 4187 934 4273 εἴη.
981 4186 1031 4254 δεῖ
1058 4186 1119 4272 γάρ
1149 4185 1189 4252 τὸ
1217 4185 1262 4274 μὴ
1292 4185 1326 4252 έκ
1348 4189 1407 4253 τοῦ

212 4389 232 4422 ο.
253 4375 292 4424 Sic
316 4376 371 4436 [λος.
392 4375 463 4423 nasu.
489 4382 514 4423 σί
532 4383 555 4424 οι
574 4375 631 4436 legit
649 4376 764 4425 Nannius.
852 4377 875 4425 b.
896 4377 936 4426 Sic
953 4378 1010 4439 fleg.
1048 4378 1126 4427 Celeri
1151 4392 1206 4426 vero
1231 4387 1254 4427 et
1273 4377 1331 4428 editi
1348 4375 1406 4430 πιῦς

179 4441 257 4517 (ἰείη-ἰ
276 4451 299 4492 εί
317 4443 501 4493 edi1.C0mme!.
523 4444 635 4492 omittunt
654 4434 691 4496 ὥς
708 4436 767 4496 υἱὸς
817 4439 872 4510 γὰρ
892 4438 985 4498 ἄλλως.

179 4521 292 4572 χνησιος
309 4517 354 4561 είς.
373 4526 452 4576 usque
470 4511 500 4560 τό
518 4503 564 4558 καὶ
581 4503 645 4578 γάρ.
