<?xml version="1.0" encoding="UTF-8"?>
<!DOCTYPE html PUBLIC "-//W3C//DTD XHTML 1.0 Transitional//EN"
    "http://www.w3.org/TR/xhtml1/DTD/xhtml1-transitional.dtd">
<html xmlns="http://www.w3.org/1999/xhtml" xml:lang="en" lang="en">
 <head>
  <title>
</title>
<meta http-equiv="Content-Type" content="text/html;charset=utf-8" />
  <meta name='ocr-system' content='tesseract 3.04.00' />
  <meta name='ocr-capabilities' content='ocr_page ocr_carea ocr_par ocr_line ocrx_word'/>
</head>
<body>
  <div class='ocr_page' id='page_1' title='image "./sanctiathanasii02athagoog_0042.png"; bbox 0 0 2948 5092; ppageno 0'>
   <div class='ocr_carea' id='block_1_1' title="bbox 642 202 1340 285">
    <p class='ocr_par' dir='ltr' id='par_1_1' title="bbox 642 202 1340 285">
     <span class='ocr_line' id='line_1_1' title="bbox 642 202 1340 285; baseline 0.001 -14"><span class='ocrx_word' id='word_1_1' title='bbox 642 228 811 273; x_wconf 73' lang='lat' dir='ltr'><strong>succurro.</strong></span> <span class='ocrx_word' id='word_1_2' title='bbox 1146 202 1151 211; x_wconf 78' lang='grc'><em>“</em></span> <span class='ocrx_word' id='word_1_3' title='bbox 1299 219 1340 285; x_wconf 78' lang='lat'><strong>35</strong></span> 
     </span>
    </p>
   </div>
   <div class='ocr_carea' id='block_1_2' title="bbox 137 377 1431 463">
    <p class='ocr_par' dir='ltr' id='par_1_2' title="bbox 137 377 1431 463">
     <span class='ocr_line' id='line_1_2' title="bbox 137 377 1431 463; baseline 0.006 -22"><span class='ocrx_word' id='word_1_4' title='bbox 137 398 243 461; x_wconf 68' lang='lat' dir='ltr'><strong>persus</strong></span> <span class='ocrx_word' id='word_1_5' title='bbox 264 388 423 459; x_wconf 83' lang='lat' dir='ltr'><strong>expertem</strong></span> <span class='ocrx_word' id='word_1_6' title='bbox 447 377 540 440; x_wconf 83' lang='lat' dir='ltr'><strong>luisse</strong></span> <span class='ocrx_word' id='word_1_7' title='bbox 562 396 621 440; x_wconf 87' lang='lat' dir='ltr'><strong>non</strong></span> <span class='ocrx_word' id='word_1_8' title='bbox 644 378 813 452; x_wconf 89' lang='lat' dir='ltr'><strong>mirabitur,</strong></span> <span class='ocrx_word' id='word_1_9' title='bbox 836 381 886 460; x_wconf 79' lang='lat' dir='ltr'><strong>dui</strong></span> <span class='ocrx_word' id='word_1_10' title='bbox 907 381 1118 463; x_wconf 87' lang='lat' dir='ltr'><strong>interpretandi</strong></span> <span class='ocrx_word' id='word_1_11' title='bbox 1146 386 1338 449; x_wconf 88' lang='lat' dir='ltr'><strong>consuetudi·</strong></span> <span class='ocrx_word' id='word_1_12' title='bbox 1428 410 1431 414; x_wconf 91' lang='lat'>·</span> 
     </span>
    </p>
   </div>
   <div class='ocr_carea' id='block_1_3' title="bbox 132 479 1338 1372">
    <p class='ocr_par' dir='ltr' id='par_1_3' title="bbox 132 479 1338 1372">
     <span class='ocr_line' id='line_1_3' title="bbox 135 479 1338 564; baseline 0.007 -21"><span class='ocrx_word' id='word_1_13' title='bbox 135 501 187 543; x_wconf 81' lang='lat' dir='ltr'><strong>ren</strong></span> <span class='ocrx_word' id='word_1_14' title='bbox 205 480 364 560; x_wconf 87' lang='lat' dir='ltr'><strong>plerisque</strong></span> <span class='ocrx_word' id='word_1_15' title='bbox 387 479 526 541; x_wconf 91' lang='lat' dir='ltr'><strong>omnibus</strong></span> <span class='ocrx_word' id='word_1_16' title='bbox 548 479 625 541; x_wconf 89' lang='lat' dir='ltr'><strong>illius</strong></span> <span class='ocrx_word' id='word_1_17' title='bbox 655 481 763 543; x_wconf 90' lang='lat' dir='ltr'><strong>saeculi</strong></span> <span class='ocrx_word' id='word_1_18' title='bbox 791 483 960 545; x_wconf 89' lang='lat' dir='ltr'><strong>doctoribus</strong></span> <span class='ocrx_word' id='word_1_19' title='bbox 988 485 1141 564; x_wconf 87' lang='lat' dir='ltr'><strong>probatam</strong></span> <span class='ocrx_word' id='word_1_20' title='bbox 1164 496 1194 548; x_wconf 89' lang='lat' dir='ltr'><strong>et</strong></span> <span class='ocrx_word' id='word_1_21' title='bbox 1215 487 1338 551; x_wconf 87' lang='lat' dir='ltr'><strong>ebraeae</strong></span> 
     </span>
     <span class='ocr_line' id='line_1_4' title="bbox 133 580 1337 668; baseline 0.007 -26"><span class='ocrx_word' id='word_1_22' title='bbox 133 584 228 662; x_wconf 84' lang='lat' dir='ltr'><strong>hguae</strong></span> <span class='ocrx_word' id='word_1_23' title='bbox 250 581 472 661; x_wconf 75' lang='lat' dir='ltr'>ignorantiam,</span> <span class='ocrx_word' id='word_1_24' title='bbox 487 598 557 668; x_wconf 44' lang='lat' dir='ltr'><strong>&#39;qua</strong></span> <span class='ocrx_word' id='word_1_25' title='bbox 579 580 764 656; x_wconf 78' lang='lat' dir='ltr'><strong>laborabant,</strong></span> <span class='ocrx_word' id='word_1_26' title='bbox 791 585 964 647; x_wconf 88' lang='lat' dir='ltr'><strong>recordatus</strong></span> <span class='ocrx_word' id='word_1_27' title='bbox 986 587 1025 648; x_wconf 92' lang='lat' dir='ltr'><strong>sit</strong></span> <span class='ocrx_word' id='word_1_28' title='bbox 1047 597 1077 648; x_wconf 90' lang='lat' dir='ltr'><strong>et</strong></span> <span class='ocrx_word' id='word_1_29' title='bbox 1096 588 1191 668; x_wconf 89' lang='lat' dir='ltr'><strong>ipsius</strong></span> <span class='ocrx_word' id='word_1_30' title='bbox 1214 598 1337 651; x_wconf 90' lang='lat' dir='ltr'><strong>contro·</strong></span> 
     </span>
     <span class='ocr_line' id='line_1_5' title="bbox 134 682 1336 766; baseline 0.003 -19"><span class='ocrx_word' id='word_1_31' title='bbox 134 687 224 747; x_wconf 74' lang='lat' dir='ltr'><strong>resae</strong></span> <span class='ocrx_word' id='word_1_32' title='bbox 244 684 399 746; x_wconf 82' lang='lat' dir='ltr'><strong>rationem</strong></span> <span class='ocrx_word' id='word_1_33' title='bbox 423 693 453 745; x_wconf 91' lang='lat' dir='ltr'><strong>et</strong></span> <span class='ocrx_word' id='word_1_34' title='bbox 474 683 532 743; x_wconf 83' lang='lat' dir='ltr'><strong>rim</strong></span> <span class='ocrx_word' id='word_1_35' title='bbox 554 682 735 763; x_wconf 78' lang='lat' dir='ltr'><strong>expenderit</strong></span> <span class='ocrx_word' id='word_1_36' title='bbox 769 684 850 747; x_wconf 63' lang='lat' dir='ltr'><strong>,Nam</strong></span> <span class='ocrx_word' id='word_1_37' title='bbox 878 704 967 766; x_wconf 74' lang='lat' dir='ltr'><strong>qurum</strong></span> <span class='ocrx_word' id='word_1_38' title='bbox 988 699 1201 766; x_wconf 84' lang='lat' dir='ltr'><strong>quaererentur</strong></span> <span class='ocrx_word' id='word_1_39' title='bbox 1222 701 1251 753; x_wconf 89' lang='lat' dir='ltr'><strong>et</strong></span> <span class='ocrx_word' id='word_1_40' title='bbox 1272 690 1336 752; x_wconf 87' lang='lat' dir='ltr'><strong>dis-</strong></span> 
     </span>
     <span class='ocr_line' id='line_1_6' title="bbox 134 784 1336 881; baseline 0.005 -34"><span class='ocrx_word' id='word_1_41' title='bbox 134 797 307 866; x_wconf 72' lang='lat' dir='ltr'><strong>putarentur,</strong></span> <span class='ocrx_word' id='word_1_42' title='bbox 341 803 419 865; x_wconf 84' lang='lat' dir='ltr'><strong>quae</strong></span> <span class='ocrx_word' id='word_1_43' title='bbox 442 784 550 865; x_wconf 87' lang='lat' dir='ltr'><strong>scripta</strong></span> <span class='ocrx_word' id='word_1_44' title='bbox 572 803 631 847; x_wconf 93' lang='lat' dir='ltr'><strong>non</strong></span> <span class='ocrx_word' id='word_1_45' title='bbox 653 794 723 847; x_wconf 88' lang='lat' dir='ltr'><strong>suut</strong></span> <span class='ocrx_word' id='word_1_46' title='bbox 750 784 898 851; x_wconf 70' lang='lat' dir='ltr'><strong>velicardi</strong></span> <span class='ocrx_word' id='word_1_47' title='bbox 925 784 1022 871; x_wconf 76' lang='grc' dir='ltr'><strong><em>ῥητόν</em></strong></span> <span class='ocrx_word' id='word_1_48' title='bbox 1049 789 1079 850; x_wconf 90' lang='lat' dir='ltr'><strong>iu</strong></span> <span class='ocrx_word' id='word_1_49' title='bbox 1108 792 1253 869; x_wconf 87' lang='lat' dir='ltr'><strong>scriptura</strong></span> <span class='ocrx_word' id='word_1_50' title='bbox 1275 810 1336 881; x_wconf 76' lang='lat' dir='ltr'><strong>nou</strong></span> 
     </span>
     <span class='ocr_line' id='line_1_7' title="bbox 137 886 1334 970; baseline 0.003 -21"><span class='ocrx_word' id='word_1_51' title='bbox 137 889 308 949; x_wconf 66' lang='lat' dir='ltr'><strong>amnentur</strong></span> <span class='ocrx_word' id='word_1_52' title='bbox 330 905 391 949; x_wconf 91' lang='lat' dir='ltr'><strong>nec</strong></span> <span class='ocrx_word' id='word_1_53' title='bbox 406 887 463 947; x_wconf 92' lang='lat' dir='ltr'><strong>nisi</strong></span> <span class='ocrx_word' id='word_1_54' title='bbox 485 886 686 948; x_wconf 80' lang='lat' dir='ltr'><strong>ratiocinando</strong></span> <span class='ocrx_word' id='word_1_55' title='bbox 709 887 776 948; x_wconf 93' lang='lat' dir='ltr'><strong>inde</strong></span> <span class='ocrx_word' id='word_1_56' title='bbox 797 888 862 951; x_wconf 93' lang='lat' dir='ltr'><strong>elici</strong></span> <span class='ocrx_word' id='word_1_57' title='bbox 882 900 1027 969; x_wconf 75' lang='lat' dir='ltr'><strong>possunt,</strong></span> <span class='ocrx_word' id='word_1_58' title='bbox 1050 898 1079 952; x_wconf 89' lang='lat' dir='ltr'><strong>et</strong></span> <span class='ocrx_word' id='word_1_59' title='bbox 1100 910 1190 970; x_wconf 80' lang='lat' dir='ltr'><strong>quum</strong></span> <span class='ocrx_word' id='word_1_60' title='bbox 1212 891 1242 952; x_wconf 92' lang='lat' dir='ltr'><strong>in</strong></span> <span class='ocrx_word' id='word_1_61' title='bbox 1265 892 1334 953; x_wconf 89' lang='lat' dir='ltr'><strong>uni·</strong></span> 
     </span>
     <span class='ocr_line' id='line_1_8' title="bbox 137 987 1335 1071; baseline 0.006 -24"><span class='ocrx_word' id='word_1_62' title='bbox 137 1008 231 1051; x_wconf 78' lang='lat' dir='ltr'><strong>rosum</strong></span> <span class='ocrx_word' id='word_1_63' title='bbox 253 989 411 1068; x_wconf 77' lang='lat' dir='ltr'><strong>expositio</strong></span> <span class='ocrx_word' id='word_1_64' title='bbox 427 989 589 1067; x_wconf 80' lang='lat' dir='ltr'><strong>scripturae</strong></span> <span class='ocrx_word' id='word_1_65' title='bbox 604 987 799 1067; x_wconf 81' lang='lat' dir='ltr'><strong>implicaretur</strong></span> <span class='ocrx_word' id='word_1_66' title='bbox 813 991 1065 1070; x_wconf 79' lang='lat' dir='ltr'><strong>argumentatione</strong></span> <span class='ocrx_word' id='word_1_67' title='bbox 1080 992 1240 1065; x_wconf 91' lang='lat' dir='ltr'><strong>dialectica,</strong></span> <span class='ocrx_word' id='word_1_68' title='bbox 1261 1011 1335 1071; x_wconf 93' lang='lat' dir='ltr'><strong>pro·</strong></span> 
     </span>
     <span class='ocr_line' id='line_1_9' title="bbox 133 1088 1335 1173; baseline 0.003 -22"><span class='ocrx_word' id='word_1_69' title='bbox 133 1090 184 1151; x_wconf 84' lang='lat' dir='ltr'><strong>dre</strong></span> <span class='ocrx_word' id='word_1_70' title='bbox 203 1100 269 1152; x_wconf 89' lang='lat' dir='ltr'><strong>erat</strong></span> <span class='ocrx_word' id='word_1_71' title='bbox 292 1088 533 1171; x_wconf 85' lang='lat' dir='ltr'><strong>disputatoribus</strong></span> <span class='ocrx_word' id='word_1_72' title='bbox 556 1089 585 1150; x_wconf 91' lang='lat' dir='ltr'><strong>in</strong></span> <span class='ocrx_word' id='word_1_73' title='bbox 609 1090 666 1152; x_wconf 90' lang='lat' dir='ltr'><strong>hoo</strong></span> <span class='ocrx_word' id='word_1_74' title='bbox 692 1089 821 1153; x_wconf 87' lang='lat' dir='ltr'><strong>incidere</strong></span> <span class='ocrx_word' id='word_1_75' title='bbox 849 1092 967 1165; x_wconf 82' lang='lat' dir='ltr'><strong>vitium,</strong></span> <span class='ocrx_word' id='word_1_76' title='bbox 995 1101 1027 1154; x_wconf 92' lang='lat' dir='ltr'><strong>ut</strong></span> <span class='ocrx_word' id='word_1_77' title='bbox 1057 1093 1161 1172; x_wconf 85' lang='lat' dir='ltr'><strong>cupide</strong></span> <span class='ocrx_word' id='word_1_78' title='bbox 1189 1093 1335 1173; x_wconf 88' lang='lat' dir='ltr'><strong>scriptura</strong></span> 
     </span>
     <span class='ocr_line' id='line_1_10' title="bbox 134 1190 1334 1272; baseline 0.003 -19"><span class='ocrx_word' id='word_1_79' title='bbox 134 1200 268 1253; x_wconf 77' lang='lat' dir='ltr'><strong>mentm</strong></span> <span class='ocrx_word' id='word_1_80' title='bbox 303 1200 336 1253; x_wconf 89' lang='lat' dir='ltr'><strong>et</strong></span> <span class='ocrx_word' id='word_1_81' title='bbox 365 1210 400 1252; x_wconf 86' lang='lat' dir='ltr'><strong>er</strong></span> <span class='ocrx_word' id='word_1_82' title='bbox 423 1190 614 1272; x_wconf 86' lang='lat' dir='ltr'><strong>opinionibus</strong></span> <span class='ocrx_word' id='word_1_83' title='bbox 635 1191 708 1253; x_wconf 92' lang='lat' dir='ltr'><strong>suis.</strong></span> <span class='ocrx_word' id='word_1_84' title='bbox 752 1192 837 1254; x_wconf 86' lang='lat' dir='ltr'><strong>Certe</strong></span> <span class='ocrx_word' id='word_1_85' title='bbox 860 1193 981 1272; x_wconf 84' lang='lat' dir='ltr'><strong>exiguus</strong></span> <span class='ocrx_word' id='word_1_86' title='bbox 1009 1195 1064 1255; x_wconf 91' lang='lat' dir='ltr'><strong>luit</strong></span> <span class='ocrx_word' id='word_1_87' title='bbox 1090 1195 1139 1256; x_wconf 91' lang='lat' dir='ltr'><strong>illa</strong></span> <span class='ocrx_word' id='word_1_88' title='bbox 1160 1204 1256 1258; x_wconf 86' lang='lat' dir='ltr'><strong>aetate</strong></span> <span class='ocrx_word' id='word_1_89' title='bbox 1276 1214 1334 1257; x_wconf 90' lang='lat' dir='ltr'><strong>nu-</strong></span> 
     </span>
     <span class='ocr_line' id='line_1_11' title="bbox 132 1292 1335 1372; baseline 0.004 -18"><span class='ocrx_word' id='word_1_90' title='bbox 132 1312 209 1355; x_wconf 81' lang='lat' dir='ltr'><strong>acrus</strong></span> <span class='ocrx_word' id='word_1_91' title='bbox 239 1293 474 1371; x_wconf 78' lang='lat' dir='ltr'><strong>theologorum,</strong></span> <span class='ocrx_word' id='word_1_92' title='bbox 503 1294 569 1372; x_wconf 40' lang='lat' dir='ltr'><strong>qui.</strong></span> <span class='ocrx_word' id='word_1_93' title='bbox 586 1292 630 1354; x_wconf 90' lang='lat' dir='ltr'><strong>sie</strong></span> <span class='ocrx_word' id='word_1_94' title='bbox 659 1294 821 1365; x_wconf 86' lang='lat' dir='ltr'><strong>sentirent,</strong></span> <span class='ocrx_word' id='word_1_95' title='bbox 852 1295 895 1356; x_wconf 93' lang='lat' dir='ltr'><strong>uti</strong></span> <span class='ocrx_word' id='word_1_96' title='bbox 923 1294 1082 1357; x_wconf 82' lang='lat' dir='ltr'><strong>Eusebium</strong></span> <span class='ocrx_word' id='word_1_97' title='bbox 1105 1296 1275 1357; x_wconf 85' lang='lat' dir='ltr'><strong>Emiscnum</strong></span> <span class='ocrx_word' id='word_1_98' title='bbox 1298 1297 1335 1359; x_wconf 90' lang='lat' dir='ltr'><strong>de</strong></span> 
     </span>
    </p>
   </div>
   <div class='ocr_carea' id='block_1_4' title="bbox 134 1393 1438 1475">
    <p class='ocr_par' dir='ltr' id='par_1_4' title="bbox 134 1393 1438 1475">
     <span class='ocr_line' id='line_1_12' title="bbox 134 1393 1438 1475; baseline 0.002 -20"><span class='ocrx_word' id='word_1_99' title='bbox 134 1395 282 1475; x_wconf 75' lang='lat' dir='ltr'><strong>sripturae</strong></span> <span class='ocrx_word' id='word_1_100' title='bbox 306 1412 367 1456; x_wconf 91' lang='lat' dir='ltr'><strong>usu</strong></span> <span class='ocrx_word' id='word_1_101' title='bbox 389 1395 421 1455; x_wconf 91' lang='lat' dir='ltr'><strong>in</strong></span> <span class='ocrx_word' id='word_1_102' title='bbox 440 1393 488 1455; x_wconf 93' lang='lat' dir='ltr'><strong>his</strong></span> <span class='ocrx_word' id='word_1_103' title='bbox 511 1394 720 1456; x_wconf 80' lang='lat' dir='ltr'><strong>controversiis</strong></span> <span class='ocrx_word' id='word_1_104' title='bbox 744 1395 877 1457; x_wconf 86' lang='lat' dir='ltr'><strong>sensisse</strong></span> <span class='ocrx_word' id='word_1_105' title='bbox 899 1414 956 1457; x_wconf 89' lang='lat' dir='ltr'><strong>nos</strong></span> <span class='ocrx_word' id='word_1_106' title='bbox 977 1396 1046 1458; x_wconf 92' lang='lat' dir='ltr'><strong>olim</strong></span> <span class='ocrx_word' id='word_1_107' title='bbox 1068 1396 1221 1459; x_wconf 83' lang='lat' dir='ltr'><strong>docuimus</strong></span> <span class='ocrx_word' id='word_1_108' title='bbox 1244 1397 1273 1458; x_wconf 88' lang='lat' dir='ltr'><strong>in</strong></span> <span class='ocrx_word' id='word_1_109' title='bbox 1295 1398 1333 1458; x_wconf 92' lang='lat' dir='ltr'><strong>li-</strong></span> <span class='ocrx_word' id='word_1_110' title='bbox 1426 1456 1438 1465; x_wconf 83' lang='grc'>,</span> 
     </span>
    </p>
   </div>
   <div class='ocr_carea' id='block_1_5' title="bbox 131 1494 1334 1881">
    <p class='ocr_par' dir='ltr' id='par_1_5' title="bbox 131 1494 1334 1881">
     <span class='ocr_line' id='line_1_13' title="bbox 133 1494 1334 1574; baseline 0.005 -17"><span class='ocrx_word' id='word_1_111' title='bbox 133 1495 184 1557; x_wconf 83' lang='lat' dir='ltr'><strong>lrlo</strong></span> <span class='ocrx_word' id='word_1_112' title='bbox 215 1496 319 1558; x_wconf 82' lang='lat' dir='ltr'><strong>Ueber</strong></span> <span class='ocrx_word' id='word_1_113' title='bbox 353 1497 401 1557; x_wconf 84' lang='lat' dir='ltr'><strong>die</strong></span> <span class='ocrx_word' id='word_1_114' title='bbox 427 1494 583 1574; x_wconf 73' lang='lat' dir='ltr'><strong>Schriften</strong></span> <span class='ocrx_word' id='word_1_115' title='bbox 617 1497 667 1557; x_wconf 88' lang='lat' dir='ltr'><strong>des</strong></span> <span class='ocrx_word' id='word_1_116' title='bbox 694 1496 840 1559; x_wconf 69' lang='lat' dir='ltr'><strong>roselon</strong></span> <span class='ocrx_word' id='word_1_117' title='bbox 867 1517 927 1560; x_wconf 85' lang='lat' dir='ltr'><strong>oon</strong></span> <span class='ocrx_word' id='word_1_118' title='bbox 953 1497 1158 1562; x_wconf 77' lang='lat' dir='ltr'><strong>Aleuoradrien</strong></span> <span class='ocrx_word' id='word_1_119' title='bbox 1191 1500 1255 1560; x_wconf 78' lang='lat' dir='ltr'><strong>rtrtd</strong></span> <span class='ocrx_word' id='word_1_120' title='bbox 1283 1501 1334 1563; x_wconf 80' lang='lat' dir='ltr'><strong>dos</strong></span> 
     </span>
     <span class='ocr_line' id='line_1_14' title="bbox 131 1595 1333 1677; baseline 0.002 -18"><span class='ocrx_word' id='word_1_121' title='bbox 131 1595 257 1661; x_wconf 64' lang='lat' dir='ltr'><strong>&amp;rebius</strong></span> <span class='ocrx_word' id='word_1_122' title='bbox 281 1616 346 1659; x_wconf 87' lang='lat' dir='ltr'><strong>oon</strong></span> <span class='ocrx_word' id='word_1_123' title='bbox 370 1597 470 1659; x_wconf 79' lang='lat' dir='ltr'><strong>Emr&#39;so</strong></span> <span class='ocrx_word' id='word_1_124' title='bbox 492 1596 586 1671; x_wconf 83' lang='lat' dir='ltr'><strong>(llalle</strong></span> <span class='ocrx_word' id='word_1_125' title='bbox 610 1599 714 1672; x_wconf 82' lang='grc'><strong>1832.)</strong></span> <span class='ocrx_word' id='word_1_126' title='bbox 735 1616 765 1676; x_wconf 89' lang='lat' dir='ltr'><strong>p.</strong></span> <span class='ocrx_word' id='word_1_127' title='bbox 789 1601 839 1661; x_wconf 78' lang='grc'><strong>72.</strong></span> <span class='ocrx_word' id='word_1_128' title='bbox 863 1616 907 1677; x_wconf 87' lang='lat' dir='ltr'><strong>sq.</strong></span> <span class='ocrx_word' id='word_1_129' title='bbox 952 1600 1065 1671; x_wconf 79' lang='lat' dir='ltr'><strong>Quanta</strong></span> <span class='ocrx_word' id='word_1_130' title='bbox 1080 1618 1150 1661; x_wconf 86' lang='lat' dir='ltr'><strong>rero</strong></span> <span class='ocrx_word' id='word_1_131' title='bbox 1173 1600 1333 1661; x_wconf 83' lang='lat' dir='ltr'><strong>subtilitate</strong></span> 
     </span>
     <span class='ocr_line' id='line_1_15' title="bbox 131 1698 1333 1782; baseline 0.003 -23"><span class='ocrx_word' id='word_1_132' title='bbox 131 1699 332 1762; x_wconf 65' lang='lat' dir='ltr'><strong>«intentione</strong></span> <span class='ocrx_word' id='word_1_133' title='bbox 353 1698 533 1760; x_wconf 78' lang='lat' dir='ltr'><strong>Athanasius</strong></span> <span class='ocrx_word' id='word_1_134' title='bbox 555 1699 820 1778; x_wconf 82' lang='lat' dir='ltr'><strong>argumentationes</strong></span> <span class='ocrx_word' id='word_1_135' title='bbox 840 1699 1014 1761; x_wconf 76' lang='lat' dir='ltr'><strong>Asianorum</strong></span> <span class='ocrx_word' id='word_1_136' title='bbox 1037 1720 1072 1761; x_wconf 82' lang='lat' dir='ltr'><strong>ex</strong></span> <span class='ocrx_word' id='word_1_137' title='bbox 1093 1701 1237 1782; x_wconf 92' lang='lat' dir='ltr'><strong>scriptura</strong></span> <span class='ocrx_word' id='word_1_138' title='bbox 1258 1720 1333 1763; x_wconf 87' lang='lat' dir='ltr'><strong>con·</strong></span> 
     </span>
     <span class='ocr_line' id='line_1_16' title="bbox 133 1800 1333 1881; baseline 0.003 -20"><span class='ocrx_word' id='word_1_139' title='bbox 133 1802 278 1881; x_wconf 83' lang='lat' dir='ltr'><strong>mdogma</strong></span> <span class='ocrx_word' id='word_1_140' title='bbox 294 1800 460 1863; x_wconf 83' lang='lat' dir='ltr'><strong>Nicacnum</strong></span> <span class='ocrx_word' id='word_1_141' title='bbox 476 1801 582 1879; x_wconf 89' lang='lat' dir='ltr'><strong>petitas</strong></span> <span class='ocrx_word' id='word_1_142' title='bbox 598 1801 766 1862; x_wconf 76' lang='lat' dir='ltr'><strong>refutaverit</strong></span> <span class='ocrx_word' id='word_1_143' title='bbox 780 1810 810 1862; x_wconf 92' lang='lat' dir='ltr'><strong>et</strong></span> <span class='ocrx_word' id='word_1_144' title='bbox 830 1802 935 1880; x_wconf 91' lang='lat' dir='ltr'><strong>dogma</strong></span> <span class='ocrx_word' id='word_1_145' title='bbox 955 1801 1026 1864; x_wconf 90' lang='lat' dir='ltr'><strong>illud</strong></span> <span class='ocrx_word' id='word_1_146' title='bbox 1048 1801 1180 1864; x_wconf 88' lang='lat' dir='ltr'><strong>eiusdem</strong></span> <span class='ocrx_word' id='word_1_147' title='bbox 1203 1803 1333 1864; x_wconf 91' lang='lat' dir='ltr'><strong>auctori·</strong></span> 
     </span>
    </p>
   </div>
   <div class='ocr_carea' id='block_1_6' title="bbox 132 1901 1438 1980">
    <p class='ocr_par' dir='ltr' id='par_1_6' title="bbox 132 1901 1438 1980">
     <span class='ocr_line' id='line_1_17' title="bbox 132 1901 1438 1980; baseline 0.003 -17"><span class='ocrx_word' id='word_1_148' title='bbox 132 1910 173 1963; x_wconf 81' lang='lat' dir='ltr'><strong>ate</strong></span> <span class='ocrx_word' id='word_1_149' title='bbox 190 1901 427 1971; x_wconf 85' lang='lat' dir='ltr'><strong>oonlirmarerit,</strong></span> <span class='ocrx_word' id='word_1_150' title='bbox 449 1920 504 1980; x_wconf 88' lang='lat' dir='ltr'><strong>qua</strong></span> <span class='ocrx_word' id='word_1_151' title='bbox 522 1902 686 1964; x_wconf 90' lang='lat' dir='ltr'><strong>constantia</strong></span> <span class='ocrx_word' id='word_1_152' title='bbox 701 1902 814 1980; x_wconf 91' lang='lat' dir='ltr'><strong>singula</strong></span> <span class='ocrx_word' id='word_1_153' title='bbox 830 1902 904 1965; x_wconf 86' lang='lat' dir='ltr'><strong>dicta</strong></span> <span class='ocrx_word' id='word_1_154' title='bbox 920 1922 954 1963; x_wconf 83' lang='lat' dir='ltr'><strong>ex</strong></span> <span class='ocrx_word' id='word_1_155' title='bbox 969 1904 1166 1966; x_wconf 89' lang='lat' dir='ltr'><strong>consensione</strong></span> <span class='ocrx_word' id='word_1_156' title='bbox 1178 1905 1333 1967; x_wconf 82' lang='lat' dir='ltr'><strong>universae</strong></span> <span class='ocrx_word' id='word_1_157' title='bbox 1428 1904 1438 1912; x_wconf 88' lang='grc'><em>“</em></span> 
     </span>
    </p>
   </div>
   <div class='ocr_carea' id='block_1_7' title="bbox 120 2003 1334 4522">
    <p class='ocr_par' dir='ltr' id='par_1_7' title="bbox 132 2003 1334 2492">
     <span class='ocr_line' id='line_1_18' title="bbox 133 2003 1332 2085; baseline 0.001 -20"><span class='ocrx_word' id='word_1_158' title='bbox 133 2004 275 2083; x_wconf 76' lang='lat' dir='ltr'><strong>sulpturae</strong></span> <span class='ocrx_word' id='word_1_159' title='bbox 306 2014 338 2066; x_wconf 89' lang='lat' dir='ltr'><strong>et</strong></span> <span class='ocrx_word' id='word_1_160' title='bbox 367 2003 402 2065; x_wconf 93' lang='lat' dir='ltr'><strong>ad</strong></span> <span class='ocrx_word' id='word_1_161' title='bbox 430 2022 551 2064; x_wconf 89' lang='lat' dir='ltr'><strong>sensum</strong></span> <span class='ocrx_word' id='word_1_162' title='bbox 580 2004 721 2065; x_wconf 88' lang='lat' dir='ltr'><strong>ecclesiae</strong></span> <span class='ocrx_word' id='word_1_163' title='bbox 746 2012 827 2065; x_wconf 89' lang='lat' dir='ltr'><strong>recte</strong></span> <span class='ocrx_word' id='word_1_164' title='bbox 855 2004 1015 2084; x_wconf 85' lang='lat' dir='ltr'><strong>intelligere</strong></span> <span class='ocrx_word' id='word_1_165' title='bbox 1042 2015 1072 2066; x_wconf 92' lang='lat' dir='ltr'><strong>et</strong></span> <span class='ocrx_word' id='word_1_166' title='bbox 1100 2006 1244 2085; x_wconf 80' lang='lat' dir='ltr'><strong>explicare</strong></span> <span class='ocrx_word' id='word_1_167' title='bbox 1266 2017 1332 2067; x_wconf 91' lang='lat' dir='ltr'><strong>stu·</strong></span> 
     </span>
     <span class='ocr_line' id='line_1_19' title="bbox 134 2105 1332 2185; baseline 0.003 -20"><span class='ocrx_word' id='word_1_168' title='bbox 134 2106 225 2180; x_wconf 82' lang='lat' dir='ltr'><strong>luerit,</strong></span> <span class='ocrx_word' id='word_1_169' title='bbox 252 2106 286 2168; x_wconf 90' lang='lat' dir='ltr'><strong>id</strong></span> <span class='ocrx_word' id='word_1_170' title='bbox 318 2105 439 2184; x_wconf 81' lang='lat' dir='ltr'><strong>egregie</strong></span> <span class='ocrx_word' id='word_1_171' title='bbox 467 2105 677 2166; x_wconf 86' lang='lat' dir='ltr'><strong>demonstravit</strong></span> <span class='ocrx_word' id='word_1_172' title='bbox 705 2115 736 2166; x_wconf 91' lang='lat' dir='ltr'><strong>et</strong></span> <span class='ocrx_word' id='word_1_173' title='bbox 757 2105 897 2185; x_wconf 82' lang='lat' dir='ltr'><strong>exemplis</strong></span> <span class='ocrx_word' id='word_1_174' title='bbox 925 2106 1080 2168; x_wconf 86' lang='lat' dir='ltr'><strong>illustravit</strong></span> <span class='ocrx_word' id='word_1_175' title='bbox 1106 2107 1273 2169; x_wconf 89' lang='lat' dir='ltr'><strong>bloeblerus</strong></span> <span class='ocrx_word' id='word_1_176' title='bbox 1301 2107 1332 2169; x_wconf 91' lang='lat' dir='ltr'><strong>in</strong></span> 
     </span>
     <span class='ocr_line' id='line_1_20' title="bbox 132 2203 1334 2287; baseline 0.005 -22"><span class='ocrx_word' id='word_1_177' title='bbox 132 2203 189 2267; x_wconf 88' lang='lat' dir='ltr'><strong>liro</strong></span> <span class='ocrx_word' id='word_1_178' title='bbox 207 2206 486 2287; x_wconf 87' lang='lat' dir='ltr'><strong>praestantissimo,</strong></span> <span class='ocrx_word' id='word_1_179' title='bbox 509 2207 555 2269; x_wconf 90' lang='lat' dir='ltr'><strong>cui</strong></span> <span class='ocrx_word' id='word_1_180' title='bbox 578 2206 749 2285; x_wconf 87' lang='lat' dir='ltr'><strong>inscriptum</strong></span> <span class='ocrx_word' id='word_1_181' title='bbox 773 2217 833 2268; x_wconf 88' lang='lat' dir='ltr'><strong>est:</strong></span> <span class='ocrx_word' id='word_1_182' title='bbox 856 2207 1039 2271; x_wconf 77' lang='lat' dir='ltr'><strong>Atltouosius</strong></span> <span class='ocrx_word' id='word_1_183' title='bbox 1063 2210 1116 2271; x_wconf 87' lang='lat' dir='ltr'><strong>der</strong></span> <span class='ocrx_word' id='word_1_184' title='bbox 1140 2208 1249 2271; x_wconf 68' lang='grc' dir='ltr'><strong>(ἔνατα</strong></span> <span class='ocrx_word' id='word_1_185' title='bbox 1270 2209 1334 2271; x_wconf 78' lang='lat' dir='ltr'><strong>read</strong></span> 
     </span>
     <span class='ocr_line' id='line_1_21' title="bbox 132 2298 1332 2387; baseline 0 -17"><span class='ocrx_word' id='word_1_186' title='bbox 132 2310 164 2370; x_wconf 79' lang='lat' dir='ltr'><strong>dic</strong></span> <span class='ocrx_word' id='word_1_187' title='bbox 186 2309 300 2371; x_wconf 76' lang='lat' dir='ltr'><strong>Kircbe</strong></span> <span class='ocrx_word' id='word_1_188' title='bbox 330 2313 434 2371; x_wconf 70' lang='grc' dir='ltr'><strong>κίτταν</strong></span> <span class='ocrx_word' id='word_1_189' title='bbox 455 2309 526 2371; x_wconf 85' lang='lat' dir='ltr'><strong>Zcr&#39;t.</strong></span> <span class='ocrx_word' id='word_1_190' title='bbox 575 2308 637 2369; x_wconf 82' lang='lat' dir='ltr'><strong>l&#39;ol.</strong></span> <span class='ocrx_word' id='word_1_191' title='bbox 657 2298 689 2369; x_wconf 91' lang='lat' dir='ltr'><strong>l.</strong></span> <span class='ocrx_word' id='word_1_192' title='bbox 718 2328 747 2387; x_wconf 88' lang='lat' dir='ltr'><strong>p.</strong></span> <span class='ocrx_word' id='word_1_193' title='bbox 777 2311 965 2373; x_wconf 73' lang='lat' dir='ltr'><strong>tlt-304.</strong></span> <span class='ocrx_word' id='word_1_194' title='bbox 997 2310 1081 2371; x_wconf 84' lang='lat' dir='ltr'><strong>Conl.</strong></span> <span class='ocrx_word' id='word_1_195' title='bbox 1109 2310 1194 2372; x_wconf 88' lang='lat' dir='ltr'><strong>bion.</strong></span> <span class='ocrx_word' id='word_1_196' title='bbox 1222 2309 1332 2372; x_wconf 87' lang='lat' dir='ltr'><strong>Petavii</strong></span> 
     </span>
     <span class='ocr_line' id='line_1_22' title="bbox 132 2407 1331 2492; baseline -0.002 -18"><span class='ocrx_word' id='word_1_197' title='bbox 132 2407 257 2491; x_wconf 59' lang='lat' dir='ltr'><strong>limoso</strong></span> <span class='ocrx_word' id='word_1_198' title='bbox 273 2410 445 2489; x_wconf 76' lang='lat' dir='ltr'><strong>theologico</strong></span> <span class='ocrx_word' id='word_1_199' title='bbox 460 2408 545 2471; x_wconf 86' lang='lat' dir='ltr'><strong>Tum.</strong></span> <span class='ocrx_word' id='word_1_200' title='bbox 561 2410 597 2472; x_wconf 95' lang='lat' dir='ltr'><strong>ll.</strong></span> <span class='ocrx_word' id='word_1_201' title='bbox 612 2411 648 2471; x_wconf 91' lang='lat' dir='ltr'><strong>de</strong></span> <span class='ocrx_word' id='word_1_202' title='bbox 660 2410 802 2471; x_wconf 86' lang='lat' dir='ltr'><strong>Trinitate</strong></span> <span class='ocrx_word' id='word_1_203' title='bbox 817 2411 882 2472; x_wconf 91' lang='lat' dir='ltr'><strong>libr.</strong></span> <span class='ocrx_word' id='word_1_204' title='bbox 899 2411 934 2472; x_wconf 83' lang='grc' dir='ltr'><strong>ΙΙ.</strong></span> <span class='ocrx_word' id='word_1_205' title='bbox 951 2412 997 2472; x_wconf 90' lang='lat' dir='ltr'><strong>ed.</strong></span> <span class='ocrx_word' id='word_1_206' title='bbox 1012 2413 1158 2492; x_wconf 86' lang='lat' dir='ltr'><strong>Antwerp.</strong></span> <span class='ocrx_word' id='word_1_207' title='bbox 1174 2432 1204 2492; x_wconf 93' lang='lat' dir='ltr'><strong>p.</strong></span> <span class='ocrx_word' id='word_1_208' title='bbox 1220 2416 1270 2476; x_wconf 79' lang='lat'><strong>65.</strong></span> <span class='ocrx_word' id='word_1_209' title='bbox 1286 2430 1331 2490; x_wconf 88' lang='lat' dir='ltr'><strong>sq.</strong></span> 
     </span>
    </p>

    <p class='ocr_par' dir='ltr' id='par_1_8' title="bbox 120 2510 1331 4522">
     <span class='ocr_line' id='line_1_23' title="bbox 195 2510 1331 2590; baseline 0 -17"><span class='ocrx_word' id='word_1_210' title='bbox 195 2512 319 2581; x_wconf 81' lang='lat' dir='ltr'><strong>Restat,</strong></span> <span class='ocrx_word' id='word_1_211' title='bbox 351 2521 384 2572; x_wconf 93' lang='lat' dir='ltr'><strong>ut</strong></span> <span class='ocrx_word' id='word_1_212' title='bbox 413 2511 513 2589; x_wconf 88' lang='lat' dir='ltr'><strong>paucis</strong></span> <span class='ocrx_word' id='word_1_213' title='bbox 536 2512 628 2572; x_wconf 88' lang='lat' dir='ltr'><strong>dicam</strong></span> <span class='ocrx_word' id='word_1_214' title='bbox 652 2511 687 2572; x_wconf 91' lang='lat' dir='ltr'><strong>de</strong></span> <span class='ocrx_word' id='word_1_215' title='bbox 711 2510 871 2590; x_wconf 88' lang='lat' dir='ltr'><strong>theologica</strong></span> <span class='ocrx_word' id='word_1_216' title='bbox 893 2512 1043 2575; x_wconf 75' lang='lat' dir='ltr'><strong>Athanasii</strong></span> <span class='ocrx_word' id='word_1_217' title='bbox 1065 2513 1186 2575; x_wconf 88' lang='lat' dir='ltr'><strong>scicntia</strong></span> <span class='ocrx_word' id='word_1_218' title='bbox 1209 2523 1238 2574; x_wconf 91' lang='lat' dir='ltr'><strong>et</strong></span> <span class='ocrx_word' id='word_1_219' title='bbox 1259 2522 1331 2586; x_wconf 87' lang='lat' dir='ltr'><strong>arte,</strong></span> 
     </span>
     <span class='ocr_line' id='line_1_24' title="bbox 131 2612 1330 2692; baseline 0 -19"><span class='ocrx_word' id='word_1_220' title='bbox 131 2630 172 2689; x_wconf 75' lang='lat' dir='ltr'><strong>gua</strong></span> <span class='ocrx_word' id='word_1_221' title='bbox 191 2614 220 2675; x_wconf 88' lang='lat' dir='ltr'><strong>in</strong></span> <span class='ocrx_word' id='word_1_222' title='bbox 241 2612 436 2691; x_wconf 89' lang='lat' dir='ltr'><strong>dogmatibus</strong></span> <span class='ocrx_word' id='word_1_223' title='bbox 459 2613 524 2673; x_wconf 83' lang='lat' dir='ltr'><strong>lidci</strong></span> <span class='ocrx_word' id='word_1_224' title='bbox 547 2614 729 2691; x_wconf 80' lang='lat' dir='ltr'><strong>exponendis</strong></span> <span class='ocrx_word' id='word_1_225' title='bbox 752 2622 838 2692; x_wconf 87' lang='lat' dir='ltr'><strong>atque</strong></span> <span class='ocrx_word' id='word_1_226' title='bbox 860 2614 1050 2676; x_wconf 81' lang='lat' dir='ltr'><strong>clelendendis</strong></span> <span class='ocrx_word' id='word_1_227' title='bbox 1074 2634 1147 2676; x_wconf 88' lang='lat' dir='ltr'><strong>usus</strong></span> <span class='ocrx_word' id='word_1_228' title='bbox 1164 2623 1219 2675; x_wconf 90' lang='lat' dir='ltr'><strong>est.</strong></span> <span class='ocrx_word' id='word_1_229' title='bbox 1249 2613 1330 2674; x_wconf 91' lang='lat' dir='ltr'><strong>llanc</strong></span> 
     </span>
     <span class='ocr_line' id='line_1_25' title="bbox 132 2713 1330 2793; baseline 0 -20"><span class='ocrx_word' id='word_1_230' title='bbox 132 2717 213 2789; x_wconf 75' lang='lat' dir='ltr'><strong>quanti</strong></span> <span class='ocrx_word' id='word_1_231' title='bbox 243 2716 472 2777; x_wconf 78' lang='lat' dir='ltr'><strong>aestimaverint</strong></span> <span class='ocrx_word' id='word_1_232' title='bbox 503 2715 658 2776; x_wconf 87' lang='lat' dir='ltr'><strong>clarissimi</strong></span> <span class='ocrx_word' id='word_1_233' title='bbox 686 2714 794 2775; x_wconf 88' lang='lat' dir='ltr'><strong>veteris</strong></span> <span class='ocrx_word' id='word_1_234' title='bbox 824 2716 965 2777; x_wconf 87' lang='lat' dir='ltr'><strong>ecclesiae</strong></span> <span class='ocrx_word' id='word_1_235' title='bbox 989 2716 1124 2776; x_wconf 92' lang='lat' dir='ltr'><strong>doctores</strong></span> <span class='ocrx_word' id='word_1_236' title='bbox 1148 2713 1330 2793; x_wconf 88' lang='lat' dir='ltr'><strong>temporibus</strong></span> 
     </span>
     <span class='ocr_line' id='line_1_26' title="bbox 134 2813 1330 2896; baseline 0.003 -24"><span class='ocrx_word' id='word_1_237' title='bbox 134 2813 178 2875; x_wconf 87' lang='lat' dir='ltr'><strong>llis</strong></span> <span class='ocrx_word' id='word_1_238' title='bbox 197 2817 352 2896; x_wconf 73' lang='lat' dir='ltr'><strong>acqualeS,</strong></span> <span class='ocrx_word' id='word_1_239' title='bbox 375 2815 512 2893; x_wconf 89' lang='lat' dir='ltr'><strong>cognosci</strong></span> <span class='ocrx_word' id='word_1_240' title='bbox 535 2826 634 2893; x_wconf 90' lang='lat' dir='ltr'><strong>potest</strong></span> <span class='ocrx_word' id='word_1_241' title='bbox 656 2835 689 2877; x_wconf 79' lang='lat' dir='ltr'><strong>ex</strong></span> <span class='ocrx_word' id='word_1_242' title='bbox 712 2834 836 2888; x_wconf 89' lang='lat' dir='ltr'><strong>summa,</strong></span> <span class='ocrx_word' id='word_1_243' title='bbox 860 2835 915 2895; x_wconf 87' lang='lat' dir='ltr'><strong>qua</strong></span> <span class='ocrx_word' id='word_1_244' title='bbox 939 2817 1096 2894; x_wconf 85' lang='lat' dir='ltr'><strong>episcopus</strong></span> <span class='ocrx_word' id='word_1_245' title='bbox 1118 2815 1330 2876; x_wconf 83' lang='lat' dir='ltr'><strong>Alexandrinus</strong></span> 
     </span>
     <span class='ocr_line' id='line_1_27' title="bbox 131 2915 1330 2996; baseline -0.002 -16"><span class='ocrx_word' id='word_1_246' title='bbox 131 2918 195 2995; x_wconf 66' lang='lat' dir='ltr'><strong>pud</strong></span> <span class='ocrx_word' id='word_1_247' title='bbox 213 2938 264 2980; x_wconf 87' lang='lat' dir='ltr'><strong>eos</strong></span> <span class='ocrx_word' id='word_1_248' title='bbox 291 2917 400 2990; x_wconf 82' lang='lat' dir='ltr'><strong>valuit,</strong></span> <span class='ocrx_word' id='word_1_249' title='bbox 429 2919 612 2977; x_wconf 84' lang='lat' dir='ltr'><strong>anctoritate.</strong></span> <span class='ocrx_word' id='word_1_250' title='bbox 653 2917 736 2978; x_wconf 87' lang='lat' dir='ltr'><strong>Duos</strong></span> <span class='ocrx_word' id='word_1_251' title='bbox 759 2926 870 2979; x_wconf 88' lang='lat' dir='ltr'><strong>tautum</strong></span> <span class='ocrx_word' id='word_1_252' title='bbox 892 2920 1039 2996; x_wconf 90' lang='lat' dir='ltr'><strong>prolcram</strong></span> <span class='ocrx_word' id='word_1_253' title='bbox 1062 2924 1169 2988; x_wconf 86' lang='lat' dir='ltr'><strong>testes,</strong></span> <span class='ocrx_word' id='word_1_254' title='bbox 1191 2915 1330 2978; x_wconf 84' lang='lat' dir='ltr'><strong>basilium</strong></span> 
     </span>
     <span class='ocr_line' id='line_1_28' title="bbox 129 3018 1329 3098; baseline -0.002 -18"><span class='ocrx_word' id='word_1_255' title='bbox 129 3018 245 3098; x_wconf 76' lang='lat' dir='ltr'><strong>bagnum</strong></span> <span class='ocrx_word' id='word_1_256' title='bbox 276 3028 310 3080; x_wconf 91' lang='lat' dir='ltr'><strong>et</strong></span> <span class='ocrx_word' id='word_1_257' title='bbox 339 3018 514 3095; x_wconf 86' lang='lat' dir='ltr'><strong>Gregorium</strong></span> <span class='ocrx_word' id='word_1_258' title='bbox 543 3018 766 3079; x_wconf 74' lang='lat' dir='ltr'><strong>Nazianzenum.</strong></span> <span class='ocrx_word' id='word_1_259' title='bbox 810 3019 861 3080; x_wconf 91' lang='lat' dir='ltr'><strong>llle</strong></span> <span class='ocrx_word' id='word_1_260' title='bbox 887 3028 1004 3098; x_wconf 84' lang='lat' dir='ltr'><strong>praeter</strong></span> <span class='ocrx_word' id='word_1_261' title='bbox 1031 3019 1085 3079; x_wconf 90' lang='lat' dir='ltr'><strong>alia</strong></span> <span class='ocrx_word' id='word_1_262' title='bbox 1108 3019 1137 3078; x_wconf 91' lang='lat' dir='ltr'><strong>in</strong></span> <span class='ocrx_word' id='word_1_263' title='bbox 1160 3018 1213 3097; x_wconf 84' lang='lat' dir='ltr'><strong>Ep.</strong></span> <span class='ocrx_word' id='word_1_264' title='bbox 1237 3018 1329 3078; x_wconf 73' lang='lat' dir='ltr'><strong>llLll&#39;.</strong></span> 
     </span>
     <span class='ocr_line' id='line_1_29' title="bbox 130 3109 1330 3203; baseline -0.001 -21"><span class='ocrx_word' id='word_1_265' title='bbox 130 3120 286 3182; x_wconf 79' lang='lat' dir='ltr'><strong>rdllened.</strong></span> <span class='ocrx_word' id='word_1_266' title='bbox 309 3139 342 3199; x_wconf 91' lang='lat' dir='ltr'><strong>p.</strong></span> <span class='ocrx_word' id='word_1_267' title='bbox 358 3123 429 3183; x_wconf 74' lang='grc'><strong>243.</strong></span> <span class='ocrx_word' id='word_1_268' title='bbox 447 3121 480 3179; x_wconf 89' lang='lat' dir='ltr'><strong>ll.</strong></span> <span class='ocrx_word' id='word_1_269' title='bbox 502 3120 618 3180; x_wconf 89' lang='lat' dir='ltr'><strong>scribit:</strong></span> <span class='ocrx_word' id='word_1_270' title='bbox 640 3116 678 3182; x_wconf 89' lang='grc' dir='ltr'><strong>τὸ</strong></span> <span class='ocrx_word' id='word_1_271' title='bbox 700 3115 760 3201; x_wconf 81' lang='grc' dir='ltr'><strong>γὰρ</strong></span> <span class='ocrx_word' id='word_1_272' title='bbox 783 3121 858 3203; x_wconf 78' lang='grc' dir='ltr'><strong>περὶ</strong></span> <span class='ocrx_word' id='word_1_273' title='bbox 882 3118 938 3184; x_wconf 80' lang='grc' dir='ltr'><strong>τὸν</strong></span> <span class='ocrx_word' id='word_1_274' title='bbox 960 3116 1208 3201; x_wconf 79' lang='grc' dir='ltr'><strong><em>μακαριώτατον</em></strong></span> <span class='ocrx_word' id='word_1_275' title='bbox 1223 3109 1330 3181; x_wconf 65' lang='grc' dir='ltr'><strong>Ἀθα-</strong></span> 
     </span>
     <span class='ocr_line' id='line_1_30' title="bbox 127 3215 1331 3305; baseline 0.002 -23"><span class='ocrx_word' id='word_1_276' title='bbox 127 3220 225 3288; x_wconf 68' lang='lat' dir='ltr'><strong>scucos</strong></span> <span class='ocrx_word' id='word_1_277' title='bbox 248 3218 494 3286; x_wconf 61' lang='lat' dir='ltr'><strong>lonoudore&#39;rct</strong></span> <span class='ocrx_word' id='word_1_278' title='bbox 516 3220 632 3303; x_wconf 75' lang='grc' dir='ltr'><strong><em>δεῖγμα</em></strong></span> <span class='ocrx_word' id='word_1_279' title='bbox 654 3218 886 3304; x_wconf 75' lang='grc' dir='ltr'><strong><em>ἐναργέστατον</em></strong></span> <span class='ocrx_word' id='word_1_280' title='bbox 908 3223 965 3285; x_wconf 77' lang='grc' dir='ltr'><strong>τοῦ</strong></span> <span class='ocrx_word' id='word_1_281' title='bbox 987 3215 1085 3304; x_wconf 73' lang='grc' dir='ltr'>ὑγιῶς</span> <span class='ocrx_word' id='word_1_282' title='bbox 1101 3219 1182 3301; x_wconf 74' lang='grc' dir='ltr'><strong><em>ἔχειν</em></strong></span> <span class='ocrx_word' id='word_1_283' title='bbox 1198 3218 1331 3305; x_wconf 79' lang='grc' dir='ltr'><strong><em>περὶτὰ</em></strong></span> 
     </span>
     <span class='ocr_line' id='line_1_31' title="bbox 126 3322 1330 3407; baseline -0.003 -20"><span class='ocrx_word' id='word_1_284' title='bbox 126 3322 261 3407; x_wconf 72' lang='grc' dir='ltr'><strong>μέγιστα.</strong></span> <span class='ocrx_word' id='word_1_285' title='bbox 309 3323 388 3385; x_wconf 87' lang='lat' dir='ltr'><strong>lt&#39;om</strong></span> <span class='ocrx_word' id='word_1_286' title='bbox 410 3324 574 3385; x_wconf 70' lang='lat' dir='ltr'><strong>lectissimi</strong></span> <span class='ocrx_word' id='word_1_287' title='bbox 584 3324 744 3385; x_wconf 83' lang='lat' dir='ltr'><strong>Atlonosr&#39;i</strong></span> <span class='ocrx_word' id='word_1_288' title='bbox 764 3326 930 3387; x_wconf 78' lang='lat' dir='ltr'><strong>studiosum</strong></span> <span class='ocrx_word' id='word_1_289' title='bbox 952 3341 1024 3394; x_wconf 82' lang='lat' dir='ltr'><strong>esse,</strong></span> <span class='ocrx_word' id='word_1_290' title='bbox 1048 3336 1256 3403; x_wconf 78' lang='lat' dir='ltr'><strong>argumentum</strong></span> <span class='ocrx_word' id='word_1_291' title='bbox 1268 3328 1330 3384; x_wconf 85' lang='lat' dir='ltr'><strong>eoi-</strong></span> 
     </span>
     <span class='ocr_line' id='line_1_32' title="bbox 128 3425 1330 3489; baseline -0.002 -2"><span class='ocrx_word' id='word_1_292' title='bbox 128 3429 326 3489; x_wconf 74' lang='lat' dir='ltr'><strong>lentissimum</strong></span> <span class='ocrx_word' id='word_1_293' title='bbox 360 3437 404 3486; x_wconf 86' lang='lat' dir='ltr'><strong>est</strong></span> <span class='ocrx_word' id='word_1_294' title='bbox 436 3444 528 3486; x_wconf 76' lang='lat' dir='ltr'><strong>conoe</strong></span> <span class='ocrx_word' id='word_1_295' title='bbox 559 3429 591 3487; x_wconf 86' lang='lat' dir='ltr'><strong>r&#39;n</strong></span> <span class='ocrx_word' id='word_1_296' title='bbox 619 3427 708 3487; x_wconf 83' lang='lat' dir='ltr'><strong>rebus</strong></span> <span class='ocrx_word' id='word_1_297' title='bbox 736 3430 874 3488; x_wconf 73' lang='lat' dir='ltr'><strong>marciatis</strong></span> <span class='ocrx_word' id='word_1_298' title='bbox 903 3430 1076 3487; x_wconf 81' lang='lat' dir='ltr'><strong>sententioe.</strong></span> <span class='ocrx_word' id='word_1_299' title='bbox 1120 3425 1175 3485; x_wconf 89' lang='lat' dir='ltr'><strong>llic</strong></span> <span class='ocrx_word' id='word_1_300' title='bbox 1194 3425 1225 3485; x_wconf 91' lang='lat' dir='ltr'><strong>in</strong></span> <span class='ocrx_word' id='word_1_301' title='bbox 1249 3425 1330 3485; x_wconf 86' lang='lat' dir='ltr'><strong>Orat.</strong></span> 
     </span>
     <span class='ocr_line' id='line_1_33' title="bbox 128 3526 1329 3605; baseline -0.002 -18"><span class='ocrx_word' id='word_1_302' title='bbox 128 3526 188 3588; x_wconf 76' lang='lat' dir='ltr'><strong>tlt.</strong></span> <span class='ocrx_word' id='word_1_303' title='bbox 210 3530 240 3589; x_wconf 91' lang='lat' dir='ltr'><strong>in</strong></span> <span class='ocrx_word' id='word_1_304' title='bbox 264 3526 385 3588; x_wconf 89' lang='lat' dir='ltr'><strong>laudem</strong></span> <span class='ocrx_word' id='word_1_305' title='bbox 401 3526 552 3586; x_wconf 86' lang='lat' dir='ltr'><strong>Atlmnasii</strong></span> <span class='ocrx_word' id='word_1_306' title='bbox 575 3545 637 3604; x_wconf 86' lang='lat' dir='ltr'><strong>cap.</strong></span> <span class='ocrx_word' id='word_1_307' title='bbox 654 3529 704 3589; x_wconf 86' lang='grc'><strong>20.</strong></span> <span class='ocrx_word' id='word_1_308' title='bbox 728 3526 774 3586; x_wconf 91' lang='lat' dir='ltr'><strong>ed.</strong></span> <span class='ocrx_word' id='word_1_309' title='bbox 790 3526 900 3587; x_wconf 88' lang='lat' dir='ltr'><strong>Bencd.</strong></span> <span class='ocrx_word' id='word_1_310' title='bbox 922 3546 952 3605; x_wconf 89' lang='lat' dir='ltr'><strong>p.</strong></span> <span class='ocrx_word' id='word_1_311' title='bbox 969 3529 1040 3590; x_wconf 77' lang='lat'><strong>398.</strong></span> <span class='ocrx_word' id='word_1_312' title='bbox 1063 3526 1113 3597; x_wconf 84' lang='lat' dir='ltr'><strong>eit,</strong></span> <span class='ocrx_word' id='word_1_313' title='bbox 1128 3527 1207 3587; x_wconf 79' lang='lat' dir='ltr'><strong>uiros</strong></span> <span class='ocrx_word' id='word_1_314' title='bbox 1223 3527 1329 3586; x_wconf 74' lang='lat' dir='ltr'><strong>virtute</strong></span> 
     </span>
     <span class='ocr_line' id='line_1_34' title="bbox 127 3626 1329 3706; baseline 0 -21"><span class='ocrx_word' id='word_1_315' title='bbox 127 3629 294 3690; x_wconf 79' lang='lat' dir='ltr'><strong>excellentes</strong></span> <span class='ocrx_word' id='word_1_316' title='bbox 318 3636 431 3687; x_wconf 84' lang='lat' dir='ltr'><strong>tantum</strong></span> <span class='ocrx_word' id='word_1_317' title='bbox 455 3626 596 3688; x_wconf 87' lang='lat' dir='ltr'><strong>tribuisse</strong></span> <span class='ocrx_word' id='word_1_318' title='bbox 610 3627 781 3699; x_wconf 88' lang='lat' dir='ltr'><strong>Athanasio,</strong></span> <span class='ocrx_word' id='word_1_319' title='bbox 803 3637 846 3699; x_wconf 92' lang='lat' dir='ltr'><strong>ut,</strong></span> <span class='ocrx_word' id='word_1_320' title='bbox 868 3627 1008 3706; x_wconf 81' lang='lat' dir='ltr'><strong>quidquid</strong></span> <span class='ocrx_word' id='word_1_321' title='bbox 1029 3627 1070 3687; x_wconf 92' lang='lat' dir='ltr'><strong>illi</strong></span> <span class='ocrx_word' id='word_1_322' title='bbox 1086 3627 1252 3706; x_wconf 88' lang='lat' dir='ltr'><strong>placuisset,</strong></span> <span class='ocrx_word' id='word_1_323' title='bbox 1274 3644 1329 3706; x_wconf 91' lang='lat' dir='ltr'><strong>pro</strong></span> 
     </span>
     <span class='ocr_line' id='line_1_35' title="bbox 125 3728 1329 3808; baseline 0 -19"><span class='ocrx_word' id='word_1_324' title='bbox 125 3731 177 3807; x_wconf 82' lang='lat' dir='ltr'><strong>lege</strong></span> <span class='ocrx_word' id='word_1_325' title='bbox 198 3730 355 3797; x_wconf 89' lang='lat' dir='ltr'><strong>haberent,</strong></span> <span class='ocrx_word' id='word_1_326' title='bbox 379 3747 413 3789; x_wconf 90' lang='lat' dir='ltr'><strong>ac</strong></span> <span class='ocrx_word' id='word_1_327' title='bbox 434 3747 539 3788; x_wconf 89' lang='lat' dir='ltr'><strong>rursus</strong></span> <span class='ocrx_word' id='word_1_328' title='bbox 563 3729 683 3789; x_wconf 74' lang='lat' dir='ltr'><strong>vetitum</strong></span> <span class='ocrx_word' id='word_1_329' title='bbox 704 3728 760 3789; x_wconf 92' lang='lat' dir='ltr'><strong>sibi</strong></span> <span class='ocrx_word' id='word_1_330' title='bbox 784 3738 871 3807; x_wconf 89' lang='lat' dir='ltr'><strong>atque</strong></span> <span class='ocrx_word' id='word_1_331' title='bbox 892 3730 1097 3801; x_wconf 87' lang='lat' dir='ltr'><strong>interdictum,</strong></span> <span class='ocrx_word' id='word_1_332' title='bbox 1120 3728 1258 3808; x_wconf 79' lang='lat' dir='ltr'><strong>quidquid</strong></span> <span class='ocrx_word' id='word_1_333' title='bbox 1282 3728 1329 3789; x_wconf 91' lang='lat' dir='ltr'><strong>ille</strong></span> 
     </span>
     <span class='ocr_line' id='line_1_36' title="bbox 125 3829 1329 3910; baseline 0 -20"><span class='ocrx_word' id='word_1_334' title='bbox 125 3834 262 3892; x_wconf 77' lang='lat' dir='ltr'><strong>sententia</strong></span> <span class='ocrx_word' id='word_1_335' title='bbox 286 3849 342 3890; x_wconf 89' lang='lat' dir='ltr'><strong>sua</strong></span> <span class='ocrx_word' id='word_1_336' title='bbox 365 3829 575 3908; x_wconf 81' lang='lat' dir='ltr'><strong>improbasset.</strong></span> <span class='ocrx_word' id='word_1_337' title='bbox 599 3830 801 3891; x_wconf 82' lang='lat' dir='ltr'><strong>existimarent</strong></span> <span class='ocrx_word' id='word_1_338' title='bbox 823 3829 958 3908; x_wconf 86' lang='lat' dir='ltr'><strong>illiusque</strong></span> <span class='ocrx_word' id='word_1_339' title='bbox 980 3831 1094 3891; x_wconf 84' lang='lat' dir='ltr'><strong>decretu</strong></span> <span class='ocrx_word' id='word_1_340' title='bbox 1117 3850 1171 3910; x_wconf 91' lang='lat' dir='ltr'><strong>pro</strong></span> <span class='ocrx_word' id='word_1_341' title='bbox 1194 3829 1329 3890; x_wconf 86' lang='lat' dir='ltr'><strong>blosuicis</strong></span> 
     </span>
     <span class='ocr_line' id='line_1_37' title="bbox 123 3931 1329 4010; baseline 0.001 -21"><span class='ocrx_word' id='word_1_342' title='bbox 123 3934 221 3994; x_wconf 80' lang='lat' dir='ltr'><strong>tabulis</strong></span> <span class='ocrx_word' id='word_1_343' title='bbox 249 3933 410 4002; x_wconf 89' lang='lat' dir='ltr'><strong>ducerent,</strong></span> <span class='ocrx_word' id='word_1_344' title='bbox 438 3950 472 3991; x_wconf 90' lang='lat' dir='ltr'><strong>ac</strong></span> <span class='ocrx_word' id='word_1_345' title='bbox 493 3931 613 4003; x_wconf 88' lang='lat' dir='ltr'><strong>maiori,</strong></span> <span class='ocrx_word' id='word_1_346' title='bbox 637 3950 722 4009; x_wconf 89' lang='lat' dir='ltr'><strong>quam</strong></span> <span class='ocrx_word' id='word_1_347' title='bbox 745 3950 819 4010; x_wconf 89' lang='lat' dir='ltr'><strong>quae</strong></span> <span class='ocrx_word' id='word_1_348' title='bbox 842 3933 951 3992; x_wconf 88' lang='lat' dir='ltr'><strong>sanctis</strong></span> <span class='ocrx_word' id='word_1_349' title='bbox 975 3932 1044 3991; x_wconf 87' lang='lat' dir='ltr'><strong>riris</strong></span> <span class='ocrx_word' id='word_1_350' title='bbox 1067 3932 1167 3992; x_wconf 85' lang='lat' dir='ltr'><strong>deberi</strong></span> <span class='ocrx_word' id='word_1_351' title='bbox 1190 3932 1329 3999; x_wconf 85' lang='lat' dir='ltr'><strong>rideatur,</strong></span> 
     </span>
     <span class='ocr_line' id='line_1_38' title="bbox 123 4018 1330 4116; baseline 0.002 -23"><span class='ocrx_word' id='word_1_352' title='bbox 123 4036 211 4111; x_wconf 82' lang='lat' dir='ltr'><strong>ipsius</strong></span> <span class='ocrx_word' id='word_1_353' title='bbox 244 4034 438 4094; x_wconf 75' lang='lat' dir='ltr'><strong>veneratione</strong></span> <span class='ocrx_word' id='word_1_354' title='bbox 466 4033 660 4093; x_wconf 85' lang='lat' dir='ltr'><strong>allicerentur.</strong></span> <span class='ocrx_word' id='word_1_355' title='bbox 704 4033 815 4094; x_wconf 87' lang='lat' dir='ltr'><strong>Graeca</strong></span> <span class='ocrx_word' id='word_1_356' title='bbox 842 4042 925 4094; x_wconf 92' lang='lat' dir='ltr'><strong>sunt:</strong></span> <span class='ocrx_word' id='word_1_357' title='bbox 959 4033 1013 4095; x_wconf 79' lang='grc' dir='ltr'><strong>καὶ</strong></span> <span class='ocrx_word' id='word_1_358' title='bbox 1040 4033 1137 4095; x_wconf 79' lang='grc' dir='ltr'><strong><em>τοῦτο</em></strong></span> <span class='ocrx_word' id='word_1_359' title='bbox 1166 4018 1202 4116; x_wconf 66' lang='grc' dir='ltr'><strong>ἦν</strong></span> <span class='ocrx_word' id='word_1_360' title='bbox 1231 4029 1330 4112; x_wconf 80' lang='grc' dir='ltr'><strong><em>νόμας</em></strong></span> 
     </span>
     <span class='ocr_line' id='line_1_39' title="bbox 121 4126 1329 4218; baseline -0.002 -21"><span class='ocrx_word' id='word_1_361' title='bbox 121 4128 237 4212; x_wconf 74' lang='grc' dir='ltr'><strong><em>αι’-ταῖς,</em></strong></span> <span class='ocrx_word' id='word_1_362' title='bbox 261 4130 283 4198; x_wconf 83' lang='lat' dir='ltr'><strong>b&#39;</strong></span> <span class='ocrx_word' id='word_1_363' title='bbox 302 4159 336 4198; x_wconf 87' lang='grc' dir='ltr'><strong>τι</strong></span> <span class='ocrx_word' id='word_1_364' title='bbox 360 4131 473 4217; x_wconf 70' lang='grc' dir='ltr'><strong><em>ἐκείνῳ</em></strong></span> <span class='ocrx_word' id='word_1_365' title='bbox 496 4130 618 4197; x_wconf 78' lang='grc' dir='ltr'><em>ἐδόκει·</em></span> <span class='ocrx_word' id='word_1_366' title='bbox 640 4133 692 4196; x_wconf 85' lang='grc' dir='ltr'><strong>καὶ</strong></span> <span class='ocrx_word' id='word_1_367' title='bbox 716 4133 813 4197; x_wconf 80' lang='grc' dir='ltr'><strong><em>τοῦτο</em></strong></span> <span class='ocrx_word' id='word_1_368' title='bbox 837 4126 1016 4214; x_wconf 75' lang='grc' dir='ltr'><strong><em>ἀπώμοτον</em></strong></span> <span class='ocrx_word' id='word_1_369' title='bbox 1037 4132 1148 4210; x_wconf 74' lang='grc' dir='ltr'><em>πάλιν,</em></span> <span class='ocrx_word' id='word_1_370' title='bbox 1166 4130 1183 4195; x_wconf 81' lang='grc' dir='ltr'><strong>ὃ</strong></span> <span class='ocrx_word' id='word_1_371' title='bbox 1197 4131 1241 4218; x_wconf 67' lang='grc' dir='ltr'><strong>μὴ</strong></span> <span class='ocrx_word' id='word_1_372' title='bbox 1257 4130 1329 4198; x_wconf 81' lang='lat' dir='ltr'><strong>e&#39;dd-</strong></span> 
     </span>
     <span class='ocr_line' id='line_1_40' title="bbox 121 4227 1328 4318; baseline -0.002 -20"><span class='ocrx_word' id='word_1_373' title='bbox 121 4262 173 4313; x_wconf 77' lang='lat' dir='ltr'><strong>zec,</strong></span> <span class='ocrx_word' id='word_1_374' title='bbox 195 4239 247 4302; x_wconf 78' lang='lat' dir='ltr'><strong>ml</strong></span> <span class='ocrx_word' id='word_1_375' title='bbox 273 4235 400 4312; x_wconf 75' lang='grc' dir='ltr'><em>πλάκες</em></span> <span class='ocrx_word' id='word_1_376' title='bbox 421 4232 598 4310; x_wconf 71' lang='grc' dir='ltr'>Μωυσέως</span> <span class='ocrx_word' id='word_1_377' title='bbox 620 4227 733 4310; x_wconf 67' lang='lat' dir='ltr'><strong>adroic</strong></span> <span class='ocrx_word' id='word_1_378' title='bbox 754 4231 795 4298; x_wconf 84' lang='grc' dir='ltr'><strong>τὰ</strong></span> <span class='ocrx_word' id='word_1_379' title='bbox 818 4231 939 4298; x_wconf 74' lang='grc' dir='ltr'><strong><em>ἐκείνου</em></strong></span> <span class='ocrx_word' id='word_1_380' title='bbox 962 4232 1116 4318; x_wconf 80' lang='grc' dir='ltr'><strong><em>δόγματα,</em></strong></span> <span class='ocrx_word' id='word_1_381' title='bbox 1139 4236 1190 4299; x_wconf 84' lang='grc' dir='ltr'><strong>καὶ</strong></span> <span class='ocrx_word' id='word_1_382' title='bbox 1213 4234 1328 4297; x_wconf 68' lang='grc' dir='ltr'><em>πλεῖον</em></span> 
     </span>
     <span class='ocr_line' id='line_1_41' title="bbox 120 4328 1326 4431; baseline -0.006 -29"><span class='ocrx_word' id='word_1_383' title='bbox 120 4363 154 4402; x_wconf 85' lang='grc' dir='ltr'><strong>τα</strong></span> <span class='ocrx_word' id='word_1_384' title='bbox 174 4339 281 4423; x_wconf 62' lang='grc' dir='ltr'><strong><em>σέβας,</em></strong></span> <span class='ocrx_word' id='word_1_385' title='bbox 307 4333 327 4424; x_wconf 68' lang='grc' dir='ltr'><strong><em>ἦ</em></strong></span> <span class='ocrx_word' id='word_1_386' title='bbox 350 4334 448 4420; x_wconf 83' lang='grc' dir='ltr'><strong><em>παρὰ</em></strong></span> <span class='ocrx_word' id='word_1_387' title='bbox 471 4329 660 4418; x_wconf 71' lang='grc' dir='ltr'><em>ἀνθρώπιον</em></span> <span class='ocrx_word' id='word_1_388' title='bbox 682 4344 753 4412; x_wconf 80' lang='grc' dir='ltr'><strong><em>τοῖς</em></strong></span> <span class='ocrx_word' id='word_1_389' title='bbox 776 4331 881 4419; x_wconf 80' lang='grc' dir='ltr'><em>ἁγίοις</em></span> <span class='ocrx_word' id='word_1_390' title='bbox 903 4328 1079 4421; x_wconf 72' lang='grc' dir='ltr'><strong><em>ὀφείλεται.</em></strong></span> <span class='ocrx_word' id='word_1_391' title='bbox 1121 4338 1200 4399; x_wconf 85' lang='lat' dir='ltr'><strong>ldenr</strong></span> <span class='ocrx_word' id='word_1_392' title='bbox 1224 4339 1251 4396; x_wconf 91' lang='lat' dir='ltr'><strong>in</strong></span> <span class='ocrx_word' id='word_1_393' title='bbox 1275 4355 1326 4431; x_wconf 46' lang='grc' dir='ltr'><strong>ατς</strong></span> 
     </span>
     <span class='ocr_line' id='line_1_42' title="bbox 120 4431 1328 4522; baseline -0.003 -19"><span class='ocrx_word' id='word_1_394' title='bbox 120 4452 205 4507; x_wconf 84' lang='lat' dir='ltr'><strong>hema</strong></span> <span class='ocrx_word' id='word_1_395' title='bbox 220 4447 356 4507; x_wconf 86' lang='lat' dir='ltr'><strong>oratione</strong></span> <span class='ocrx_word' id='word_1_396' title='bbox 374 4461 440 4521; x_wconf 84' lang='lat' dir='ltr'><strong>cup.</strong></span> <span class='ocrx_word' id='word_1_397' title='bbox 457 4442 509 4504; x_wconf 77' lang='grc'><strong>37.</strong></span> <span class='ocrx_word' id='word_1_398' title='bbox 532 4460 560 4518; x_wconf 91' lang='lat' dir='ltr'><strong>p.</strong></span> <span class='ocrx_word' id='word_1_399' title='bbox 577 4444 665 4503; x_wconf 76' lang='lat' dir='ltr'><strong>tlt:</strong></span> <span class='ocrx_word' id='word_1_400' title='bbox 687 4436 797 4522; x_wconf 73' lang='grc' dir='ltr'><strong><em>Ζήσας</em></strong></span> <span class='ocrx_word' id='word_1_401' title='bbox 819 4438 855 4503; x_wconf 78' lang='grc' dir='ltr'><strong>δὲ</strong></span> <span class='ocrx_word' id='word_1_402' title='bbox 877 4432 962 4503; x_wconf 67' lang='lat' dir='ltr'><strong>otto</strong></span> <span class='ocrx_word' id='word_1_403' title='bbox 984 4439 1037 4503; x_wconf 82' lang='grc' dir='ltr'><strong>καὶ</strong></span> <span class='ocrx_word' id='word_1_404' title='bbox 1058 4431 1253 4512; x_wconf 65' lang='grc' dir='ltr'><strong><em>παιδευθεὶς</em></strong></span> <span class='ocrx_word' id='word_1_405' title='bbox 1272 4435 1328 4501; x_wconf 87' lang='grc' dir='ltr'><strong>καὶ</strong></span> 
     </span>
    </p>
   </div>
   <div class='ocr_carea' id='block_1_8' title="bbox 0 0 1478 5092">
    <p class='ocr_par' dir='ltr' id='par_1_9' title="bbox 0 0 1478 5092">
     <span class='ocr_line' id='line_1_43' title="bbox 0 0 1478 5092; baseline 0 3"><span class='ocrx_word' id='word_1_406' title='bbox 0 0 1478 5092; x_wconf 95' lang='lat' dir='ltr'><strong> </strong></span> 
     </span>
    </p>
   </div>
  </div>
 </body>
</html>
