2948 5092
119 231 184 302 914
515 238 947 288 ωιπιαιειιιιεστεοιισσκ

34 396 197 473 ε.ιιι.νοια
219 393 350 481 ἀπάτης
371 395 425 460 καὶ
448 386 597 458 ἀπόνοια
617 389 835 476 βλαςφημίας.
866 388 1056 472 λεγέτωσαν
1080 389 1147 476 γὰρ
1171 398 1352 478 ποίαςγρα

120 505 187 590 φής
209 487 306 576 οὗτος
329 492 347 560 ὁ
370 491 448 580 ὅρος
469 486 490 576 ἢ
511 494 571 557 τού
594 489 753 574 διαβόλου
773 488 937 574 σόφισμα,
959 496 1174 560 καίτοιτοῦ
1190 496 1356 582 προφήτου

119 603 287 687 λέγοντος·
311 593 456 682 άδελφὸς
479 588 515 658 ού
539 595 726 678 λυτροῦται,
750 590 954 676 λυτρώσεται
976 589 1218 678 ἄνθρωπος’),
1240 599 1294 663 καὶ
1307 592 1354 664 ύλ·

120 704 237 785 λαχού·
266 702 320 766 καὶ
344 697 528 782 ἅνθρωπος
550 692 708 781 ἐγεννήθη
730 692 766 761 έν
787 689 885 779 αὐτῇ,
915 695 970 760 καὶ
1001 689 1112 774 αὐτὸς
1142 697 1354 782 wemma

120 799 221 872 αύτύν
245 798 263 866 ό
285 797 468 885 ύφιστος’).
500 800 575 875 πῶς
589 785 646 863 σύν
669 793 836 881 ·Χριστὸς
851 789 890 860 ού
906 794 1007 876 σώζει
1022 796 1169 882 κόσμον,
1195 802 1367 886 γενόμενος.

120 903 314 990 ἄνθρωπος,
339 896 444 966 ὁπότε
465 897 504 983 δή
527 898 695 983 πρόδηλον
711 892 765 963 ὅτι
786 895 820 964 ἐν
835 885 856 984 ᾗ
872 895 973 983 φύσει
988 897 1158 988 ἐπράχθη
1174 897 1196 988 ἡ
1213 898 1354 988 ἁμαρτία,

121 1005 155 1073 έν
178 999 259 1092 αὐτῇ
288 1009 417 1088 γέγονεν
444 996 464 1086 ή
493 1006 669 1086 περίσσεια
696 1001 754 1087 τῆς
779 997 933 1084 χάριτοςς
960 1007 1015 1079 τίς
1038 1003 1080 1068 δὲ
1104 1011 1292 1090 περίσσεια
1310 1009 1356 1091 τής

119 1106 271 1193 χάριτος,·
294 1102 348 1171 ὅτι
368 1100 408 1168 ι’ύ
431 1101 528 1188 λόγος
550 1099 733 1187 ἄνθρωπος
754 1107 874 1187 γέγονε,
897 1107 1006 1184 μένων
1029 1102 1131 1184 θεός,
1157 1105 1218 1172 ἵνα
1240 1106 1296 1173 καί
1309 1104 1355 1175 όν-

119 1215 263 1293 θρωπος
284 1205 457 1292 γενόμενος
479 1202 561 1282 θεὸς
582 1205 768 1290 πιστευθῇ,
802 1197 847 1280 ώς
867 1205 921 1268 καὶ
946 1200 1147 1288 ἄνθρωπος
1169 1201 1220 1273 ὢν
1245 1204 1355 1296 5qu-

107 1309 199 1395 ,⁰²59
221 1307 303 1387 θεός
325 1308 430 1387 ἐστιν,
465 1302 519 1372 ότι
545 1304 629 1383 θεὸς
651 1298 697 1370 ών
717 1309 847 1390 γέγονεν
869 1301 1058 1390 ἅνθρωπος
1082 1310 1143 1374 καὶ
1167 1309 1273 1390 σώζει
1292 1310 1355 1389 τούς

119 1410 339 1489 πιστεύοντας
361 1409 395 1477 έν
418 1405 603 1494 ἀνθρώπου
624 1408 747 1494 μορφῇ.
786 1405 842 1473 ἐὰν
863 1405 925 1492 γὰρ
946 1402 1168 1497 ὁμολογήσῃς
1183 1407 1354 1497 κύριονἹη

120 1516 200 1579 σοῦν
223 1512 257 1579 έν
278 1515 325 1598 τῷ
349 1510 490 1594 στόματί
513 1533 572 1576 σου
579 1560 588 1589 ,
616 1511 670 1574 καλ
699 1505 881 1594 πιστεύσῃς
910 1507 944 1574 δν
965 1511 1006 1595 τῇ
1029 1512 1162 1599 καρδίᾳ
1186 1510 1353 1604 σσαῠότιό

118 1613 201 1691 θεὸς
222 1612 349 1699 ἤγειρεν
371 1609 470 1679 αὐτὸν
500 1612 534 1678 ἐκ
556 1614 691 1697 νεκρῶν,
723 1607 873 1697 σωθήσῃ.
918 1615 1083 1696 νέκρωσιν
1115 1616 1174 1681 οδὲ
1205 1616 1288 1696 θεὸς
1307 1612 1353 1683 ούι

120 1713 308 1798 ἐπιδέχεται
335 1712 411 1780 ούτε
440 1707 651 1790 ἀναστάσεως
680 1713 804 1791 δέεται,
835 1707 920 1778 ἀλλὰ
948 1711 982 1778 ἐκ
1015 1717 1149 1799 νεκρῶν
1179 1712 1350 1805 άνίστησιν.

120 1811 203 1883 ὅθεν
223 1825 317 1901 χρεία
338 1820 466 1899 γέγονεν
497 1814 580 1896 ἔχειν
602 1839 637 1880 τι
658 1814 715 1880 τόν
737 1811 835 1892 θεόν,
870 1811 888 1878 δ
916 1821 1124 1903 προςενέγκῃ
1155 1814 1247 1905 ὑπὲρ
1274 1817 1351 1904 ήμῶν

119 1917 186 1985 εἴτε
208 1916 242 1984 έν
264 1910 402 2001 θανάτῳ
426 1917 493 1983 εἴτε
515 1914 548 1982 ἐν
572 1915 647 2002 ζωῇ,
676 1911 759 1994 ώςτε
779 1915 909 2002 *τούτῳ
929 1916 1058 1999 μᾶλλον
1085 1918 1196 2000 σώζει
1218 1917 1238 1987 ό
1260 1922 1349 2008 λόγος,

119 2014 173 2086 δτι
194 2015 377 2104 ἅνθρωπος
398 2023 537 2103 γέγονεν.

204 2126 233 2188 8.
274 2114 378 2186 Ἀλλὰ
399 2119 503 2186 πάλιν
525 2120 649 2204 λέγετε·
671 2120 727 2185 καλ
748 2121 823 2197 πώς
846 2118 984 2185 δύναται
1004 2117 1025 2208 ή
1049 2121 1087 2187 έν
1113 2132 1286 2213 συνηθείᾳ
1304 2129 1349 2210 ιής

119 2218 283 2307 ἁμαρτίας
309 2227 463 2308 γενομένη
495 2219 596 2308 φύσις
617 2224 671 2287 καὶ
693 2219 752 2308 τήν
775 2220 930 2307 διαδοχήν
952 2224 1011 2306 τῆς
1034 2218 1215 2310 ἁμαρτίας
1236 2229 1349 2295 ’διαδι-

118 2324 238 2410 ξαμένη
259 2326 361 2408 χωρὶς
383 2319 546 2408 ύμαρτίας
568 2317 671 2404 εἶναις
702 2317 721 2387 ό
749 2321 839 2390 ἐστιν
869 2317 1049 2389 ἀδύνατον·
1081 2325 1186 2394 ἔσται
1210 2331 1249 2397 δὲ
1269 2324 1349 2396 καλό

116 2424 266 2510 Χριστὸς
288 2420 333 2503 ώς
355 2419 403 2504 εἷς
424 2427 490 2490 τών
513 2418 714 2508 ἇνθρώπων.
753 2426 858 2490 ταύτα
873 2425 909 2491 δὲ
923 2426 978 2491 καλ
992 2431 1170 2511 Μαρκίων
1187 2429 1348 2519 ἐφρόνησε,

117 2524 238 2613 ταύτην
259 2530 313 2591 καὶ
336 2533 527 2609 Μανιχαῖος
548 2525 755 2612 ἐίςηγήσατο
776 2526 836 2612 τήν
850 2526 989 2613 γνώμην,
1013 2531 1074 2592 τοῦ
1094 2525 1290 2616 ἀνθρώπου
1303 2533 1349 2617 τήν

32 2649 109 2694 κοτε.
119 2627 224 2714 σάρκα
246 2630 299 2693 καὶ
323 2622 422 2714 αύτήν
444 2627 502 2714 τήν
524 2632 672 2712 γέννησιν
694 2623 762 2693 ύπὸ
785 2627 842 2693 τὸν
858 2625 999 2712 ἄρχοντα
1014 2632 1075 2717 τῆς
1091 2642 1216 2712 κακίας
1231 2634 1349 2702 τάσσων

118 2732 172 2796 καλ
202 2728 416 2815 ἕξουσιαστήν
444 2732 561 2793 τοῦτον
590 2727 872 2817 ἐπιγραφόμενος,
907 2729 1023 2817 ἐπειδὴ
1053 2719 1083 2817 ᾧ
1122 2759 1177 2812 τις
1213 2733 1348 2822 ἥττηται,

117 2830 319 2916 ’τούτῳκαὶ
344 2829 554 2895 δεδούλωται.
600 2829 802 2896 τούτωνκαὶ
831 2826 925 2913 ύμεῒς
954 2826 1172 2902 ἀνανεοῦσθε
1194 2837 1257 2925 τήν
1279 2837 1350 2924 γνώ-

117 2957 181 3017 μην
202 2927 279 2997 καθ’
305 2933 415 3016 ἕτερον
437 2929 579 3014 τρόπον,
610 2930 669 3017 τὴν
699 2931 815 3017 νοερὰν
837 2936 895 2997 τοῦ
918 2928 1109 3017 ύινθρώπου
1135 2938 1261 3023 φύσιν,
1290 2936 1349 3026 ήτις

117 3044 244 3100 νοεῖται
266 3033 364 3120 ψυχή,
388 3031 683 3117 προςεπιδιδόντες
703 3036 758 3099 καὶ
782 3031 945 3120 ύφευκτον
968 3033 1092 3120 ταύτην
1117 3042 1180 3125 τῆς
1197 3037 1349 3126 ἁμαρτίας

117 3134 347 3218 διοριζύμενοι,
371 3130 431 3220 κᾷν
454 3130 507 3199 ὅτι
527 3133 674 3216 μάλιστα
695 3138 748 3200 καὶ
770 3134 877 3221 ψυχήν
893 3135 1049 3222 σαρκικήν
1064 3140 1273 3227 γεγράφατε,
1295 3141 1349 3208 πό-

115 3240 179 3301 θεν
200 3236 368 3317 μαθόντες
391 3230 428 3300 ού
453 3241 705 3318 συνεπίσταμαι.
752 3235 910 3320 οὔτεγὰρ
934 3235 1056 3303 ἐκτῶν
1080 3235 1192 3324 ἁγίων
1223 3248 1347 3332 γραφῶν

117 3334 207 3401 ἐστιν
231 3332 336 3419 εύρεῒν
357 3339 455 3400 τοῦτο
479 3333 554 3401 ούτε
577 3335 610 3402 έν
632 3340 679 3422 τῷ
699 3341 798 3423 κοινῷ
813 3341 879 3402 τών
895 3332 1091 3420 ἀνθρώπων
1110 3343 1277 3431 λογισμῷ,
1300 3347 1347 3410 τού

115 3441 228 3519 κυρίου
252 3437 417 3518 λέγοντος·
440 3436 484 3520 μὴ
510 3441 684 3524 φοβηθῆτε
705 3433 775 3504 άπὸ
796 3442 862 3504 τών
884 3433 1179 3510 λόποκτεινόντων
1194 3447 1236 3511 τὸ
1252 3451 1345 3529 σῶμα,

115 3536 174 3622 τήν
205 3536 240 3600 δέ
265 3534 369 3620 ψυχήν
391 3534 435 3621 μὴ
453 3538 641 3619 δυναμένων
665 3534 896 3618 άποκτεῒναιλ).
942 3542 1097 3619 καὶπῶς
1122 3545 1154 3609 εί
1177 3542 1344 3634 σαρκικήή

114 3635 203 3721 ψυχή
220 3632 295 3703 καθ’
313 3633 407 3720 ύμᾶς,
432 3631 469 3702 οὗ
487 3638 686 3724 σσνθνήσκει
701 3643 748 3727 τῷ
764 3640 894 3723 σώματι
909 3643 962 3704 καί
982 3650 1261 3731 συμφθείρεται;
1282 3653 1344 3725 πῶς

114 3738 152 3803 δέ
173 3741 226 3803 καὶ
253 3734 270 3802 ό
292 3743 422 3821 Πέτρος
443 3738 503 3817 τὰς
530 3740 579 3806 ἰἔν
607 3738 670 3827 ᾅδῃ
703 3747 919 3825 κατεχομένας
941 3740 1051 3825 ψυχὰς
1073 3748 1257 3832 πνεύματα
1282 3746 1344 3815 διο·

112 3838 222 3921 μάσας
245 3840 368 3924 ἔλεγεν·
398 3840 567 3927 ἐπορεύθη
596 3853 668 3921 τοῖς
691 3842 725 3910 ἐν
749 3845 877 3930 φυλακῇ
900 3847 1236 3931 κατακεκλεισμένοις
1257 3850 1343 3918 πνεύ-

186 4042 210 4101 1)
230 4044 292 4092 τιτι.
311 4044 344 4093 49
364 4042 415 4107 [ιε.
435 4042 523 4110 Lxx.]‚
543 4046 566 4095 ε.
638 4047 663 4107 υ)
681 4048 745 4099 ειη.
764 4048 795 4099 ετ
815 4046 868 4114 [εε.
887 4045 974 4114 Lm,
993 4050 1015 4098 ι.
1100 4052 1130 4112 3)
1152 4056 1235 4106 υτιιι.
1257 4058 1294 4116 ιο,
1309 4055 1342 4106 τι

1070 4162 1087 4193 ο

145 4208 167 4241 a.
185 4186 266 4255 λόγος
285 4185 316 4241 ού
335 4188 425 4244 σώσει.
454 4198 494 4246 Sic
512 4197 610 4258 Seguer.
639 4199 700 4248 Edili
786 4201 810 4250 b.
829 4202 869 4250 Sic
887 4202 985 4262 Seguer.
1002 4202 1103 4252 Gobler.
1126 4206 1340 4258 etFelckmnnnil.

109 4252 387 4326 Χριστὸςούσώζει.
431 4266 520 4324 λοςΙίε.
544 4260 699 4329 Χριστόςό
750 4261 1117 4322 ΕδίιίεεεοειτΙύόθιύς.

108 4319 190 4389 λόγος
208 4318 240 4374 ού
259 4321 349 4377 σώσει.
380 4331 431 4379 Mox
442 4333 566 4393 inAnglic.
578 4326 612 4390 δή
622 4335 698 4394 deest,
784 4352 804 4385 ε.
825 4338 923 4397 Seguer.
935 4331 965 4383 δὲ
982 4330 1092 4396 θεότης.
1116 4343 1219 4392 Gobler,
1230 4353 1253 4393 ει
1265 4342 1340 4392 Pelek-

108 4400 135 4441 ut
153 4402 176 4442 ει
194 4397 217 4443 in
236 4397 337 4458 Segner.
362 4399 452 4447 Ibidem
464 4400 561 4450 Gohler.
580 4401 697 4451 etFelck-
749 4405 829 4453 manni
851 4405 873 4451 1.
892 4397 922 4450 δὲ
939 4399 1083 4463 θεότητος.

80 4524 83 4531 ’
107 4463 190 4510 manni
210 4463 232 4511 1.
251 4454 298 4513 ότι
314 4459 347 4525 δή
365 4459 447 4533 πρόδ.
782 4471 805 4520 d.
823 4471 914 4533 λοςΙία.
933 4473 1032 4523 Gobler.
1051 4483 1077 4525 ει
1089 4474 1202 4531 Felekm.
1216 4481 1239 4530 1.
1256 4476 1336 4527 τοῖσι.
