2948 5092
120 224 162 288 36
640 209 812 279 succurro.

118 385 310 465 παιδεύσας,
341 381 425 452 ὥστε
446 380 524 470 ὅρον
545 383 605 467 μὲν
623 377 824 470 Ἐπισκοπῆς
846 377 930 449 εἶναι
950 381 1008 448 τὸν
1031 383 1153 451 ἐκείνου
1174 391 1249 469 βίον
1270 388 1323 453 sot

119 489 259 572 τρόπον,
289 487 415 572 νόμον
446 487 488 553 δὲ
510 480 762 569 ὀρθοδοξίας
782 483 830 551 τὰ
852 484 1010 551 ἐκείνου
1033 484 1231 571 δόγματα,
1254 495 1330 554 τίνα

119 588 245 675 μισθὸν
271 592 329 677 τῆς
357 584 523 674 εὐσεβείας
548 587 735 670 κομίζεται,
778 590 861 666 Sicut
892 589 921 650 h.
946 591 966 651 l.
1000 591 1147 671 praedicnt
1179 591 1261 652 illum
1294 593 1332 654 ita
1376 644 1378 649 .

118 696 227 757 vixisse
254 703 342 774 atque
369 696 537 755 institutum
567 692 661 754 luisse
682 691 815 770 aliosque
836 690 1019 762 instituisse,
1048 701 1081 752 ut
1103 693 1211 755 atrita
1235 694 1332 773 ipsius

120 815 294 876 morumque
315 797 391 858 ratio
407 795 600 874 Episcopatus
624 812 725 855 norma
748 801 839 863 esset
861 802 891 855 et
911 792 1005 870 ipsius
1028 792 1163 871 dogmata
1185 813 1243 873 pro
1266 795 1336 857 fidei

119 899 302 960 orthodoxae
322 898 388 975 lege
409 895 603 957 haberentur:
626 895 665 956 ita
687 910 756 956 vero
779 894 809 953 in
832 902 892 954 tota
914 894 1048 955 oratione
1069 902 1206 974 tanquam
1229 915 1334 958 exem·

119 1000 192 1079 plar¹
210 998 331 1078 perlecti
360 1008 389 1058 et
415 997 553 1059 omnihus
572 997 706 1069 ¹numeris
729 994 855 1056 absoluti
879 995 1007 1073 theologi
1029 995 1137 1057 laudat.
1181 997 1336 1077 Suspexe·

119 1110 189 1162 runt
209 1101 297 1179 igitur
318 1099 414 1177 magni
435 1098 466 1159 hi
488 1098 542 1159 riri
563 1097 762 1169 Athanasium,
785 1115 844 1175 quo
859 1096 971 1159 scilicet
984 1097 1042 1176 ipsi
1058 1098 1145 1176 longe
1159 1100 1336 1179 superiores

119 1203 236 1264 iudicati
258 1209 327 1263 sunt
347 1200 577 1278 aPhilostorgio
599 1199 722 1277 aliisque
743 1199 968 1271 recentioribus,
989 1217 1066 1278 quos
1088 1219 1177 1279 supra
1193 1202 1335 1263 nomina*

119 1305 224 1365 vimus
268 1302 364 1363 Taceo
386 1302 457 1362 alias
479 1310 610 1362 veterum
633 1300 734 1361 laudes
757 1301 834 1361 idern
857 1310 1014 1372 sonantes,
1035 1319 1110 1379 quac
1130 1303 1337 1381 comprehen-

48 1467 51 1475 ,
119 1407 228 1467 duntur
262 1422 319 1464 uno
352 1403 401 1464 illo
435 1403 554 1463 nomine
583 1403 747 1463 honorilice
774 1396 901 1484 πατρὸς
922 1403 979 1484 τῆς
1002 1393 1217 1483 danstanus,
1253 1405 1336 1483 quod

118 1507 243 1585 primus,
259 1505 290 1565 ni
306 1504 400 1577 lallor,
416 1505 597 1583 Epiphanius
612 1503 699 1564 llaer.
712 1503 812 1564 LXIX.
829 1523 891 1582 cap.
905 1506 934 1567 2.
952 1504 1207 1565 commemorarit:
1223 1506 1338 1586 quippe

118 1626 176 1686 quo
200 1607 228 1668 id
251 1607 349 1684 ipsum
371 1606 560 1684 significetur,
584 1606 614 1666 in
637 1624 695 1685 quo
717 1604 899 1684 principatus
923 1606 1103 1685 theologicus
1125 1607 1251 1668 maxime
1266 1627 1337 1671 cer·

121 1713 210 1770 nitur.
254 1708 362 1777 Recte,
386 1717 418 1768 ut
440 1707 526 1768 nohis
547 1707 671 1779 vitietur,
693 1707 929 1768 llontlauconius
951 1707 1008 1768 hoc
1030 1710 1217 1786 praeconium
1240 1711 1337 1773 Atha-

120 1812 204 1872 nasio
227 1829 243 1870 a
265 1809 413 1870 reterihus
437 1807 577 1869 tributum
599 1807 802 1888 comprobarit
823 1816 853 1868 et
874 1808 1029 1871 illustravit
1043 1811 1179 1888 auxitque
1193 1810 1224 1871 in
1240 1812 1337 1873 Prae·

118 1912 228 1973 latione
256 1911 399 1988 generali,
429 1910 478 1970 uhi
508 1911 542 1972 dc
570 1911 711 1972 doctrino
733 1910 892 1971 Athanasii
915 1909 1045 1971 breviter
1072 1913 1262 1989 expositurus
1292 1913 1338 1976 sio

119 2014 281 2093 praelator:
312 2012 366 2085 „ln
394 2010 577 2073 Christianae
605 2011 673 2072 fidei
701 2020 806 2072 exortu
828 2029 888 2072 non
913 2021 996 2072 erant
1017 2013 1080 2073 eius
1104 2015 1241 2091 mysteria
1265 2032 1336 2077 cer-

119 2126 214 2176 tarum
236 2131 340 2174 vocum
362 2112 504 2173 limitibus
524 2113 764 2192 circumscripta3
787 2114 840 2174 sed
863 2113 1080 2191 emergentibus
1102 2114 1220 2175 dentum
1245 2134 1334 2177 erro·

119 2214 369 2277 rihusrocahula
397 2215 539 2294 quaedam
568 2213 683 2274 deliniri
712 2232 866 2276 necessum
890 2215 958 2287 luit,
988 2215 1095 2293 quibus
1118 2235 1171 2278 ceu
1194 2216 1334 2280 claustris

119 2317 341 2378 continerentur
368 2315 513 2376 temerarii
537 2316 674 2377 homines
695 2334 796 2376 rerum
818 2317 1018 2377 novandarum
1042 2318 1180 2379 studiosi.
1224 2319 1263 2379 llt
1285 2321 1335 2380 in·

120 2419 216 2479 dicare
244 2436 281 2478 ne
308 2418 420 2497 pigeat.
450 2436 516 2478 cunr
545 2417 615 2479 nihil
638 2417 759 2496 periculi
782 2436 817 2478 ex
840 2417 947 2478 indicio
971 2420 1023 2490 sit,
1053 2419 1141 2479 salvis
1163 2439 1284 2499 semper
1305 2429 1337 2483 et

119 2519 241 2598 integris
265 2519 353 2579 rehus
376 2538 409 2579 ac
430 2520 487 2579 lide
509 2518 579 2579 nihil
604 2527 727 2589 mutata,
751 2519 840 2578 multa
862 2519 1010 2580 Athanasii
1034 2540 1106 2581 aero
1130 2520 1254 2599 eiusque
1277 2540 1334 2601 ope
1376 2572 1378 2576 ,

119 2622 235 2683 inducta
258 2621 344 2682 rerba
366 2621 459 2681 luisse
480 2630 510 2681 et
531 2621 566 2681 ad
588 2627 698 2682 certam
721 2621 843 2681 sormam
867 2621 981 2681 redacta
1004 2621 1071 2682 lidei
1094 2623 1202 2700 capita;
1227 2633 1259 2684 ut
1274 2612 1354 2685 l'u-¹

120 2737 167 2786 ter
195 2724 355 2785 hodiernae
385 2722 550 2802 theologice
578 2723 641 2784 iure
663 2722 712 2782 ille
732 2722 832 2783 vocari
854 2721 960 2801 possit.
1005 2723 1072 2793 Quo
1095 2724 1189 2784 maior
1210 2728 1256 2785 vir
1277 2726 1333 2788 ha·

119 2825 233 2887 hendus
257 2833 314 2896 est,
338 2825 440 2902 utqui
463 2843 525 2884 eam
548 2823 616 2885 lidei
638 2824 818 2885 enarrandae
840 2825 983 2885 rationem
1006 2825 1088 2903 prior
1110 2825 1274 2900 induxerit,
1298 2846 1334 2889 ex

121 2944 177 3005 qua
199 2926 372 3005 peritissimi
395 2926 517 3003 quique,
541 2935 678 3004 tanquam
702 2943 736 2985 ex
758 2929 856 2998 tonte,
879 2945 980 2986 verum
1003 2925 1147 2986 sentiendi
1171 2930 1282 3006 pariter
1304 2940 1335 2992 et

119 3025 257 3105 loquendi
292 3024 411 3085 modum
447 3026 614 3085 haurirent:
647 3025 724 3086 inter
755 3043 830 3103 quos
860 3028 1000 3089 ecclesiae
1021 3028 1129 3088 lumina
1154 3029 1280 3092 Basilius
1303 3040 1334 3094 et

119 3128 279 3206 Gregorius
305 3124 503 3185 Nazianzenus
531 3142 586 3204 pro
614 3125 682 3186 sulei
711 3126 851 3205 magistro
881 3129 975 3189 virum
1005 3128 1165 3190 habuere.“
1210 3132 1328 3197 Etenim

119 3230 222 3290 eodem
244 3234 316 3306 puto
339 3244 430 3286 sensu
453 3226 575 3288 Patrem
597 3226 759 3289 hodiernae
782 3229 945 3309 theologice
968 3231 1142 3310 appellatum
1166 3252 1250 3311 esse,
1275 3255 1334 3315 quo

120 3340 234 3391 veteres
256 3324 384 3409 πατέρα
405 3328 462 3412 τῆς
485 3321 685 3412 ὀρθοδοξίας
707 3328 843 3391 dixerint.
887 3331 925 3391 ttr
945 3342 1042 3393 autem
1065 3333 1260 3412 intelligatur,
1284 3338 1332 3400 illa

119 3429 312 3510 appellatione
340 3431 511 3508 dignitatem
538 3441 568 3491 et
594 3431 804 3510 praestantianl
825 3431 974 3494 Athanasii
1003 3434 1130 3512 theologi
1152 3436 1197 3496 rel
1219 3439 1333 3517 princi-

119 3543 234 3612 patum,
270 3551 357 3609 quem
384 3551 440 3593 nus
463 3533 668 3611 agnoscimus,
701 3551 771 3594 vere
792 3534 932 3613 exprimi,
955 3536 1117 3596 accuratius
1140 3537 1184 3598 ris
1208 3548 1237 3600 et
1259 3542 1333 3602 ratio

121 3634 253 3696 eiusdem
282 3633 454 3695 declaranda
485 3644 540 3695 est.
584 3634 617 3696 ld
645 3634 762 3713 quidem
792 3636 864 3697 satis
887 3635 1073 3697 manifestum
1101 3647 1165 3710 est,
1199 3639 1334 3721 improbe

121 3736 307 3796 Whistonum
328 3735 348 3795 l.
364 3735 384 3795 l.
407 3754 436 3814 p.
452 3735 538 3796 cxvi
554 3755 598 3815 sq.
641 3735 850 3798 Mnntlaucouii
873 3738 959 3797 rerba
982 3737 1011 3797 in
1027 3738 1203 3800 deteriorem
1220 3754 1334 3820 partem

122 3838 260 3907 traxisse,
290 3855 324 3896 ac
352 3837 377 3896 si
408 3836 456 3897 ille
484 3838 702 3915 quodammodo
718 3840 878 3900 'consessus
902 3848 997 3910 esset,
1025 3840 1215 3902 Athanasium
1239 3816 1351 3906 luisse.

121 3947 268 3999 auctorem
292 3938 360 3997 nori
383 3939 552 4016 systematis
575 3938 740 4016 theologiae
759 3940 804 4000 vel
827 3946 919 4000 notae
942 3950 1038 4001 sectae
1060 3941 1090 4001 in
1114 3943 1252 4004 ecclesia:
1276 3965 1333 4025 qua

122 4040 157 4100 ah
186 4039 347 4110 sententia,
378 4048 410 4098 ut
432 4038 519 4100 rerha
542 4040 682 4113 clamant,
705 4040 876 4118 longissime
898 4042 952 4102 luit
970 4051 1115 4103 remotus.
1160 4046 1218 4106 Sed
1242 4065 1332 4124 quum

121 4157 229 4201 nomen
257 4139 422 4218 theologiae
451 4141 531 4201 vario
560 4141 739 4220 significatu,
770 4141 872 4203 latiore
895 4152 924 4203 et
945 4145 1131 4221 angustiore,
1162 4128 1333 4225 usurpetur,

122 4244 185 4303 liert
207 4249 314 4319 potest,
338 4250 370 4302 ut
391 4241 448 4302 nisi
471 4243 663 4303 conveniente
685 4242 847 4321 significatu
858 4245 905 4305 lric
915 4245 1082 4324 accipiatur,
1102 4247 1257 4326 appellatio
1271 4251 1333 4329 ipsa

122 4352 172 4404 aut
192 4341 264 4403 lalsa
286 4340 417 4401 rideatur
432 4349 482 4401 aut
496 4343 602 4421 inepta.
632 4343 717 4404 Falsa
728 4345 805 4404 eninr
825 4346 980 4421 videbitur,
992 4347 1018 4406 si
1035 4348 1211 4426 theologiam
1225 4351 1332 4413 dictam

121 4452 256 4524 putemus
269 4443 435 4511 universam
444 4443 607 4505 doctrinam
614 4444 807 4526 theologicam
818 4447 862 4508 rel
869 4447 1088 4529 disciplinarum
1101 4450 1333 4531 theologicarum
