2948 5092
537 247 647 292 ammo
663 249 684 292 r.
701 249 816 294 conrna
830 208 966 297 andros.
1236 216 1241 225 ’
1295 247 1352 309 151

125 418 205 463 sores
227 399 390 474 babemus,
413 416 541 479 quorum
564 398 880 482 efficimur'‘discipuli;
911 411 1008 465 tamen
1030 404 1097 485 quia
1121 426 1165 481 ea,
1188 428 1264 489 quae
1286 423 1440 475 suntntor.

124 503 248 576 Christi,
279 520 339 564 nos
360 501 404 563 illi
426 502 549 575 docent,
579 501 738 564 Christiani
766 503 960 566 nihilominus
989 515 1019 568 et
1041 525 1145 570 somus
1168 519 1198 571 et
1219 511 1355 576 dicimur.

123 608 155 666 ht
175 604 229 683 qui
252 610 423 683 sequuntur
443 603 619 676 haereticos,
644 603 873 666 innumerabiles
895 606 964 667 licet
979 626 1169 673 successores
1184 611 1354 690 habuerint,

123 710 183 770 eius
207 723 334 786 semper
354 704 488 777 nomine,
512 704 562 784 qui
584 704 718 769 haeresis
740 705 876 767 inventor
897 707 961 780 luit,
988 709 1222 789 appellabuntur.
1267 715 1354 778 Certe

124 809 236 871 etiamsi
260 816 398 869 mortuus
422 806 463 867 sit
481 807 585 877 Arius,
615 807 758 886 multique
789 826 823 870 ex
852 809 916 870 suis
938 810 979 871 illi
1008 814 1225 889 successerint,
1255 823 1353 879 umen

123 913 167 991 qui
191 912 262 973 eius
284 916 476 989 propugnant
496 908 664 987 opiniones,
688 927 723 969 cx
743 909 814 971 Ario
837 910 900 971 noti
914 912 1015 973 Ariani
1037 922 1188 978 vocantur.
1231 917 1267 979 Et
1282 937 1352 981 vero

123 1032 180 1075 nou
200 1013 269 1074 leve
291 1011 418 1073 huiusce
439 1010 483 1070 rei
505 1021 709 1089 argumentum
731 1011 803 1073 mihi
827 1031 896 1074 esse
920 1014 1042 1088 ridetur,
1065 1017 1145 1095 quod
1167 1019 1255 1097 quie
1271 1020 1352 1082 Gen-

124 1116 221 1178 tilibus
244 1114 334 1176 etiam
357 1130 437 1174 nunc
458 1112 494 1173 ad
515 1111 678 1174 Ecclesiam
701 1113 858 1186 accedunt,
887 1115 1009 1179 dimissa
1032 1117 1179 1180 idolorum
1202 1121 1351 1200 supersti-

124 1219 201 1279 tione
223 1234 288 1278 non
310 1214 441 1287 illorum,
464 1233 480 1274 a
502 1213 611 1293 quibus
633 1213 829 1288 instruuntur,
853 1233 1017 1295 cognomen
1036 1219 1192 1297 accipiunt,
1215 1223 1268 1283 sed
1284 1222 1351 1284 Sal·

123 1320 242 1391 satoris,
266 1318 306 1379 ita
328 1315 434 1395 utqui
456 1316 589 1377 Gentiles
611 1315 794 1389 dicebantur,
816 1316 975 1379 Christiani
991 1319 1132 1398 incipiant
1145 1322 1254 1382 vocari.
1292 1321 1350 1395 Qui

123 1429 217 1482 autem
240 1420 277 1482 ad
300 1418 369 1480 illos
391 1417 514 1491 abeunt,
545 1418 587 1479 rel
617 1417 784 1497 quicunque
812 1417 847 1479 ab
870 1418 1001 1482 Ecclesia
1028 1421 1064 1482 ad
1093 1422 1169 1484 hanc
1202 1423 1435 1489 haeresimrnoe.

123 1522 292 1594 discedunt,
321 1519 434 1580 Christi
463 1518 598 1597 deposito
627 1519 748 1581 nomine
769 1520 869 1580 Ariani
898 1521 1037 1601 deinceps
1064 1534 1287 1602 nuncupantur,
1318 1534 1352 1587 ut
1451 1569 1454 1574 -

123 1626 167 1702 qui
189 1621 301 1685 Christi
324 1621 414 1681 tidem
438 1639 498 1681 nou
521 1620 645 1700 amplius
668 1620 805 1694 habeant,
829 1622 880 1684 sed
897 1622 957 1684 nni
973 1624 1083 1686 luroris
1106 1626 1167 1687 sint
1188 1626 1254 1687 lacti
1277 1627 1350 1689 hae·

124 1727 216 1787 redes.

201 2237 233 2297 4.
279 2229 472 2310 Numigitur
492 2248 616 2309 aequum
638 2230 743 2303 luerit,
773 2250 826 2293 eos
849 2232 1033 2294 Christianos
1062 2233 1176 2306 dicere,
1208 2235 1257 2313 qui
1286 2254 1347 2297 non

125 2333 277 2396 Christiani
301 2331 354 2393 sed
377 2330 478 2394 Ariani
499 2329 592 2393 sunt?
618 2333 664 2391 An
686 2332 722 2392 ad
739 2331 918 2394 Catholicam
940 2333 1102 2396 Ecclesiam
1123 2334 1165 2394 illi
1187 2336 1346 2413 pertinent,

127 2436 170 2514 qui
189 2434 391 2516 Apostolicam
415 2432 503 2493 fidem
525 2441 720 2494 excusserunt
743 2442 772 2494 et
793 2452 938 2495 novorum
962 2435 1105 2496 malorum
1128 2445 1263 2499 auctores
1279 2439 1346 2499 lue-

128 2534 211 2598 runt?
233 2536 284 2614 qui
307 2535 472 2595 divinarum
494 2533 712 2613 Scripturarum
736 2534 862 2597 oraculis
885 2536 994 2597 relictis
1014 2536 1076 2598 arti
1099 2536 1217 2598 Thalias
1239 2557 1346 2598 novam

130 2637 294 2716 sapientiam
317 2634 488 2718 appellanti
510 2637 589 2715 quod
605 2636 723 2715 quidem
739 2655 800 2698 non
822 2638 970 2699 immerito
993 2639 1084 2711 aiunt,
1107 2656 1212 2699 noram
1236 2638 1345 2717 quippe

131 2738 266 2800 haeresim
289 2737 475 2798 annuntiant.
520 2738 666 2809 Quocirca
687 2738 787 2798 mirari
810 2738 899 2810 subit,
922 2740 1082 2817 quodcum
1099 2738 1182 2799 multi
1200 2738 1344 2817 plurimos

132 2840 350 2901 commentarios
374 2847 404 2900 et
425 2857 580 2900 sermones
602 2838 777 2919 scripserint
808 2841 838 2900 in
867 2849 948 2901 vetus
977 2850 1007 2901 et
1036 2859 1144 2901 norum
1167 2840 1343 2929 Testamen-

131 2950 190 3014 tum,
212 2959 269 3003 nec
290 2940 368 3021 apud
390 2939 468 3001 ullos
491 2940 535 3000 vel
557 2940 645 3001 ctiam
667 2941 744 3020 apud
767 2941 916 3021 graviores
929 2941 1088 3003 Gentilium
1112 2950 1246 3002 auctores
1263 2941 1343 3002 Tha-

130 3041 160 3101 lia
178 3042 359 3122 reperiatur,
388 3042 441 3102 sed
463 3041 499 3102 ab
522 3041 568 3103 his
591 3042 730 3103 duntaxat
752 3044 847 3104 soleat
873 3043 1024 3115 adhiberi,
1055 3043 1104 3122 qui
1134 3044 1212 3103 inter
1238 3044 1345 3122 pocula

131 3163 185 3205 cunr
206 3145 314 3225 plausu
344 3153 373 3204 et
402 3143 514 3204 lacetiis
548 3144 602 3204 ista
626 3144 654 3204 in
677 3144 755 3204 ludis
778 3153 900 3218 canunt,
936 3156 969 3206 ut
996 3146 1032 3206 ab
1059 3144 1125 3205 aliis
1155 3144 1343 3218 irrideantur,

130 3246 259 3307 mirificus
282 3245 370 3305 Arius
393 3244 467 3305 nihil
488 3245 647 3305 lrouestum
671 3253 810 3317 sectatus,
834 3247 893 3307 irno
916 3247 1045 3324 ignarus,
1070 3246 1140 3325 quid
1158 3246 1271 3326 probos
1286 3247 1344 3306 ho-

128 3348 213 3409 mines
236 3348 357 3419 deceat,
385 3346 600 3424 maximamque
622 3355 735 3425 partem
758 3348 881 3409 aliarum
902 3348 1059 3409 haeresum
1088 3350 1217 3421 iuratus,
1250 3346 1344 3408 solius

128 3448 245 3510 Sotadae
268 3447 411 3510 scurriles
433 3446 553 3508 facetias
576 3448 740 3511 aemulatus
763 3449 827 3510 luit.
872 3448 950 3521 Quid
973 3449 1051 3510 enim
1074 3468 1142 3510 eum
1164 3466 1252 3527 agere
1269 3467 1343 3508 coo-

126 3550 268 3623 reniebat‚
296 3549 463 3629 cupientem
490 3557 592 3611 contra
616 3549 774 3611 [lominum
797 3549 972 3629 tripudiare,
1002 3568 1089 3629 quam
1117 3549 1243 3611 miseras
1273 3567 1344 3610 suae

125 3731 167 3795 cir
183 3729 300 3802 αἳρεσιν.
336 3728 705 3801 lhirl.Seguer.pc1osscilorv-
756 3750 828 3784 manu
847 3730 972 3789 θαλείας,
1002 3743 1027 3783 ut
1051 3742 1075 3782 et
1099 3734 1171 3783 babet
1197 3735 1294 3785 Goblcr.
1320 3742 1344 3784 et

124 3817 169 3853 roc.
206 3808 263 3866 Reg.
288 3797 518 3869 μεταβάλωνται.
555 3804 661 3854 Felclm.
680 3804 704 3853 2.
757 3802 860 3853 lelclrn.
882 3803 903 3851 l.
939 3804 1001 3852 Editi
1018 3817 1073 3852 iero
1093 3811 1116 3851 et
1134 3802 1175 3851 alii
1192 3796 1299 3854 θαλίας.

123 3882 142 3922 at
164 3874 239 3922 edilio
265 3871 384 3948 Commel.
408 3867 615 3937 μεταβάλλουσι.
659 3871 703 3950 liii
790 3872 805 3919 i.
831 3869 936 3919 Felclrm.
955 3871 978 3919 5.
1004 3865 1121 3946 diruunt.
1156 3870 1217 3945 ibid.
1242 3871 1343 3947 Segrer.

119 3935 704 4071 ltat‘itf'litht‘talliditur&
756 3937 1343 4070 {³2⁰iiir'’y¹‘i‡⁰bbiti?‘'iiahi⁰2ii⁰>aflif

117 4071 159 4124 arri
176 4068 313 4143 ’Aperovoi
336 4070 494 4124 καλοῦνται.
529 4075 574 4124 ttii
600 4083 623 4124 et
646 4076 703 4124 editi
755 4086 831 4142 ρεσιν
848 4069 1068 4138 καταγγέὶλουσι.

119 4134 215 4211 ὄνομα,
233 4135 334 4192 λοιπόν
350 4150 396 4194 etc.
789 4143 810 4191 k.
830 4141 929 4204 Seguer.
948 4132 986 4193 ris
1001 4152 1038 4189 τε.
1069 4140 1144 4189 Paulo
1162 4147 1219 4218 post
1235 4138 1300 4189 idem
1319 4146 1343 4189 ct

148 4262 171 4309 g.
190 4238 319 4312 διάδυχοι
336 4246 408 4296 abest
426 4259 440 4294 a
458 4243 668 4306 Segucr.Gob1er.
681 4252 704 4292 et
756 4208 1031 4329 fflistffi‘ag‘l‘km‘
1052 4207 1075 4258 ¹⁶
1092 4202 1213 4260 mm
1248 4205 1292 4255 Am
1319 4214 1343 4255 οι

116 4314 222 4365 ΝΜ·
242 4315 264 4364 ¹⁴
790 4345 805 4394 l.
825 4345 924 4407 Seguer.
950 4343 1048 4394 Cobler.
1075 4351 1098 4392 et
1115 4341 1222 4391 Felclrm.
1242 4341 1265 4391 1.
1282 4339 1342 4388 Σω·

147 4417 169 4466 h.
197 4417 296 4479 Segoer.
323 4408 360 4462 τὰ
386 4407 441 4479 μὲν
464 4409 588 4478 Χριστοῦ
615 4404 703 4477 λόγια.
755 4403 847 4462 τάτου.
881 4411 974 4475 anglic.
992 4410 1097 4460 Felclm.
1120 4408 1143 4457 2.
1162 4416 1186 4457 at
1203 4407 1228 4458 5.
1245 4400 1342 4458 Σωσά-

115 4483 167 4535 Ιοι
183 4485 283 4547 Segoer.
303 4476 411 4538 σαλίοις,
431 4488 457 4532 ct
473 4482 504 4532 ad
514 4481 647 4544 marginem
656 4480 703 4532 alia
754 4493 813 4531 roo.
846 4480 925 4530 Editio
945 4477 1062 4530 Commel.
1079 4467 1222 4526 Zoroidoo.
