2948 5092
390 260 589 309 xrrsrounx
604 260 926 307 senrxnrunrnrrxsu.
1212 249 1273 314 127

55 419 165 491 imm,
188 422 222 477 ut
241 414 285 477 illi
306 413 531 495 pervulgarunt,
552 413 583 475 in
606 412 737 475 seeundo
758 413 834 475 libro
858 421 983 475 testatur
1004 413 1052 475 bis
1074 414 1188 478 verbist
1218 415 1272 490 „Si
1280 435 1356 481 aaa.

54 519 138 598 „qus
159 525 261 579 autern
283 534 320 578 ex
342 515 551 596 syeopbnutis,
584 532 621 577 eo
649 514 729 594 quod
757 513 851 577 Deum
881 515 1012 578 omnium
1041 515 1100 579 dixi
1130 519 1273 580 factorem

54 629 101 692 „et
120 625 302 692 creatorem,
324 616 475 680 existimat
494 635 543 679 rue
565 614 653 677 etiam
672 615 780 677 Christi
803 623 964 680 creatorem
987 616 1108 691 dixisse,
1130 618 1273 695 advertat,

54 739 117 792 „ne
137 718 227 800 prius
248 719 368 781 Patrem
389 718 488 798 ipsum
508 717 683 797 appellasse,
707 717 737 778 iu
760 737 818 797 quo
840 717 983 780 vocabulo
998 717 1089 782 Filius
1104 720 1272 800 adscriptus

53 830 125 893 „est
169 820 337 900 Postquam
360 820 440 882 enim
461 817 536 893 dixi,
564 819 682 881 Patrem
714 819 857 882 faetorem
884 839 969 890 esse,
1003 820 1137 882 subdidi:
1169 822 1272 902 Neque

53 932 153 1002 ,pater
176 939 283 984 eorum
305 930 364 995 est,
383 938 512 1000 natorum
533 921 628 981 faetor
649 928 704 993 est,
727 920 753 981 si
776 921 896 1002 proprie
911 930 995 1002 pater
1009 912 1188 1001 intelligatur
1202 942 1273 986 esse

53 1025 96 1095 „is
115 1023 168 1103 qui
192 1023 297 1102 genuit
323 1021 517 1095 (latitudinem
546 1022 625 1083 enim
647 1021 781 1084 vocahuti
809 1023 898 1084 buius
920 1031 1004 1102 prater
1025 1023 1056 1083 in
1078 1024 1271 1103 sequentibus

53 1124 286 1204 „iuquirenrus),
308 1142 406 1203 περιτο
427 1124 520 1185 iactor
541 1131 627 1203 pater
648 1130 710 1197 est,
741 1124 767 1184 si
796 1124 879 1185 solus
902 1124 999 1203 opifex
1028 1125 1120 1187 faetor
1140 1126 1273 1199 dieatur3

54 1224 149 1304 ,apud
172 1224 309 1287 Gnenos
330 1225 410 1287 enim
432 1225 463 1298 ii,
486 1225 536 1304 qui
559 1224 709 1303 sapientes
731 1233 810 1298 suut,
833 1243 957 1288 suorum
978 1226 1122 1288 iibrnrum
1143 1228 1272 1290 faetores

55 1335 225 1399 ,sorentum
248 1324 468 1406 Apostolusque
488 1326 545 1388 ait:
566 1327 671 1407 sotter
692 1326 783 1405 ἱερέες
805 1342 872 1388 unm
894 1345 996 1389 rerum
1017 1327 1105 1389 edam
1127 1328 1271 1391 intrinse-

55 1446 191 1502 ‚,euum,
218 1425 389 1490 uniusmodi
409 1436 481 1489 sunt
500 1428 594 1491 virtus
617 1435 646 1490 et
667 1427 786 1500 vitium,
814 1429 942 1491 factores
965 1435 1036 1490 sunt
1056 1429 1209 1503 homines,
1238 1438 1272 1494 ut

55 1529 143 1601 ,dixit
164 1528 264 1591 Deus:
286 1528 456 1610 Βπρτττπρι·
475 1540 510 1592 ut
530 1531 650 1610 faceret
670 1531 821 1600 inditium,
844 1531 917 1610 feeit
937 1540 1037 1593 nutem
1052 1535 1270 1612 inipor'totem.“

124 1836 180 1898 21.
227 1833 288 1906 Qui
308 1831 383 1896 baec
403 1831 492 1906 audit,
515 1832 605 1896 divini
620 1852 692 1895 sene
707 1833 817 1895 oraculi
832 1833 1001 1896 meminerit
1015 1835 1159 1897 dicentis:
1185 1836 1273 1909 Quo-

55 1954 166 2017 cunque
189 1954 223 1998 re
245 1945 346 1997 vertet
368 1937 487 2014 impios,
510 1940 671 1997 evomerit.
705 1934 820 1996 Etenim
843 1953 932 2014 quam
954 1954 987 1997 se
1009 1954 1133 2016 wmque
1154 1937 1185 1998 in
1200 1956 1272 2016 par-

55 2045 104 2099 taur
122 2036 260 2118 quotidie
281 2044 454 2098 convertant
474 2037 556 2115 impii
578 2036 630 2111 illi,
652 2044 843 2105 evanescunt,
865 2055 903 2096 ue
924 2036 955 2096 in
977 2037 1035 2098 hoe
1049 2037 1167 2116 quidem
1183 2038 1272 2099 ullam

53 2139 191 2201 rationem
212 2139 397 2200 inuenientes
411 2138 542 2218 Dionysii
564 2138 622 2201 sibi
641 2137 826 2210 conciliandi,
849 2139 960 2218 quiippe
974 2138 1023 2217 qui
1043 2148 1144 2217 aperte
1158 2140 1271 2215 doceat,

55 2237 147 2301 fidum
177 2258 235 2301 nee
262 2241 367 2301 iactam
396 2257 451 2301 nee
472 2248 599 2302 uerum
621 2258 685 2302 rem
713 2258 799 2313 esse3
832 2241 926 2319 carpit
952 2249 1049 2303 autem
1076 2242 1273 2323 oppositoque

57 2340 150 2401 nteltir
173 2359 239 2413 eos,
261 2341 311 2420 qui
335 2359 368 2402 se
386 2340 648 2411 calumniabantur,
670 2341 757 2421 quasi
772 2340 902 2414 dixisset,
925 2342 1065 2405 factorem
1082 2361 1152 2404 esse
1165 2342 1356 2418 bennum,

58 2443 208 2520 noanon
231 2442 420 2514 adverterint,
443 2460 477 2503 so
498 2451 565 2505 anto
587 2441 718 2515 dixisse,
742 2443 858 2504 Patrem
880 2461 949 2504 esse
970 2443 1080 2518 Deum,
1108 2445 1137 2505 in
1161 2464 1219 2524 quo
1242 2454 1274 2508 et

59 2541 137 2604 itlius
167 2544 335 2623 adscriptus
358 2552 413 2605 est.
456 2543 509 2607 His
532 2551 629 2606 autem
651 2543 751 2605 verbis
774 2543 916 2617 declarat,
939 2543 1045 2605 Filium
1068 2563 1129 2607 nou
1150 2565 1217 2608 esse
1237 2565 1274 2608 ex

60 2662 170 2706 numero
191 2664 295 2707 rerum
316 2647 473 2719 iactuum,
503 2654 533 2706 et
554 2646 648 2708 benur
676 2664 737 2707 non
765 2648 906 2707 sartorem
935 2646 988 2707 sed
1016 2654 1130 2724 patrem
1157 2648 1274 2727 proprii

61 2743 135 2807 i‘erbi
167 2765 247 2809 esse.
303 2746 488 2820 Quibusdam
517 2755 614 2810 autem
647 2748 808 2828 imperito*
840 2747 898 2826 ipsi
930 2748 1160 2826 reponentibus,
1193 2747 1275 2827 quod

63 2844 141 2908 neum
162 2847 288 2910 dixisset
308 2848 418 2911 Christi
440 2851 601 2923 faetorem,
623 2849 671 2911 sni
691 2849 837 2929 purgandi
858 2867 946 2910 eausa
967 2848 1048 2910 varia
1069 2848 1203 2911 adhibuit
1222 2836 1290 2911 nr·‘

65 2958 195 3023 menn,
218 2968 316 3029 neque
339 2949 384 3012 sio
404 2951 487 3013 aiens
509 2951 753 3031 reprehendenda
776 2969 843 3014 esse
866 2969 919 3011 sua
942 2949 1048 3023 rerba3
1070 2969 1105 3011 se
1126 2950 1204 3012 euim
1226 2951 1272 3012 ia·

66 3050 141 3110 doris
161 3052 284 3113 nomine
306 3056 395 3114 usum
416 3054 542 3116 affirmat
563 3063 688 3136 propter
708 3072 837 3128 earnem,
863 3071 949 3132 quam
972 3052 1099 3114 Verbum
1121 3071 1273 3115 assumse-

68 3159 111 3223 nt,
129 3153 228 3233 ntique
248 3154 364 3215 seeum.
410 3154 497 3227 Quod
518 3155 544 3217 si
566 3155 634 3236 quis
655 3154 727 3217 illud
749 3155 786 3216 de
800 3153 897 3216 Verbo
920 3154 1030 3217 dictum
1053 3154 1148 3216 inisse
1169 3154 1274 3234 suspi-

69 3261 150 3325 cetur,
179 3273 216 3315 eo
245 3255 334 3317 etiam
362 3255 453 3316 modo
480 3256 592 3336 ubsque
621 3255 821 3317 contentionis
849 3255 948 3317 studio
977 3255 1096 3317 audisse
1125 3256 1273 3335 oportuit:
1300 3337 1303 3343 Ι

71 3363 117 3422 „ut
135 3356 211 3417 enim
234 3355 362 3418 Verbum
384 3375 448 3418 reru
470 3358 575 3419 sanum
597 3375 664 3419 esse
687 3375 748 3418 nou
770 3357 885 3430 sentio,
915 3367 944 3418 et
965 3357 1059 3418 Deum
1087 3374 1147 3417 uon
1178 3358 1273 3418 saeto-

71 3473 144 3523 „rem
169 3457 221 3519 sed
255 3466 372 3536 petrem
403 3458 467 3520 eius
495 3458 580 3531 dieo,
613 3459 639 3520 si
672 3457 789 3537 quando
822 3458 859 3519 de
890 3457 964 3519 Filio
1002 3458 1155 3520 disserens
1180 3457 1275 3518 Deum

71 3554 149 3619 obiter
169 3560 271 3621 dixero
300 3561 443 3621 faetorem
473 3560 555 3631 eius,
592 3559 681 3621 etiam
709 3567 779 3622 tuno
805 3577 856 3621 res
885 3559 1058 3621 defensione
1084 3577 1147 3620 uon
1168 3576 1273 3620 carue·

121 3810 185 3862 *rei
203 3813 266 3862 maia
286 3813 441 3864 conscientia.

70 3941 122 3993 cett.
147 3946 192 3996 lex.
218 3939 289 4012 μηδ’
315 3939 353 4001 εἷς
380 3946 461 3996 τοῦτο
494 3941 639 4013 πρότρασιν
691 3948 725 3995 sis
743 3963 787 4011 por
805 3942 856 3994 τὸν
873 3940 941 3996 θεόν
956 3945 1068 3995 similiter
1079 3946 1209 3998 desineret.
1234 3946 1274 3996 in-

69 4008 129 4077 πτρὰ
144 4011 301 4068 Διονυσίου.
690 4015 726 4064 tn
746 4016 810 4064 idem
827 4010 1043 4081 προγέγραπται

92 4115 106 4161 t.
130 4116 172 4167 sn
197 4118 256 4179 neg.
275 4118 374 4166 renen.
401 4116 469 4166 cau.
494 4116 539 4166 ns.
576 4116 638 4166 eoin
724 4084 748 4132 ¹¹·
767 4083 864 4133 ”⁰¹³2
883 4083 952 4133 ⁰⁰¹b·
972 4082 1018 4131 ¹⁰⁸·
1037 4071 1071 4140 iv
1087 4074 1172 4146 supr.

68 4193 109 4232 o
126 4186 186 4235 no
203 4178 242 4251 n
262 4178 292 4234 e
309 4178 356 4233 xe
373 4178 483 4248 κτίσμα·
692 4151 871 4278 ‚initiat
890 4151 1191 4270 iubuz‘stttssu
1207 4151 1276 4267 iu:

92 4286 208 4346 x-flaec:
238 4279 281 4334 ὅτι
307 4280 346 4352 μὴ
376 4279 503 4334 συνεῖδον
528 4276 642 4334 εἰπόντα
693 4285 1080 4336 inTrurin.Coib.1es.etfni.
1115 4287 1163 4335 Sed
1181 4287 1204 4334 in
1218 4285 1275 4346 fleg.

66 4343 136 4401 atzar
153 4348 292 4421 πρότερον
313 4347 423 4418 πατέρα
446 4346 497 4400 τὸν
524 4345 592 4402 ertu
616 4355 641 4402 in
692 4355 757 4404 etin
776 4355 846 4404 editis
865 4352 1274 4418 babeturotopportnnoqnidem.

65 4418 119 4470 Coib.
139 4425 320 4482 desiderantur,
339 4423 430 4471 ornissn
452 4421 520 4484 iapsn
539 4436 640 4470 ananu—
727 4423 748 4470 k.
767 4424 864 4471 Taurin.
879 4421 948 4470 Coib.
967 4420 1013 4471 itt.
1031 4432 1083 4473 τως
1098 4413 1163 4486 γάρ.
1200 4419 1276 4471 lidem

63 4492 116 4540 tuis
133 4492 187 4543 ideo
204 4491 312 4556 decepti,
329 4486 639 4555 quodpraaredenspbra·
692 4491 753 4540 inira
771 4482 817 4538 καὶ
834 4481 862 4545 ἔξ
878 4480 1036 4554 ἐπιδρομῆς.
