2948 5092
528 276 638 321 ouarro
656 278 693 320 n.
709 278 825 320 conans
840 276 975 321 tunsos.
1280 264 1339 327 cst

116 432 161 492 hil
183 431 234 492 hic
263 448 438 509 corporeum
467 429 686 508 intelligendum
716 436 773 489 est.
817 428 929 507 Nempe
956 447 1023 489 mos
1051 439 1096 491 est
1125 430 1240 491 divinae
1262 431 1428 497 Scri-nest.

118 542 238 613 pturae,
261 550 305 601 ea,
327 512 402 609 ortae
425 550 513 610 supra
536 531 686 591 hominem
710 537 789 599 sunl,
812 530 941 591 humano
965 549 1048 592 more
1071 533 1176 593 ellerre
1198 540 1229 593 el
1249 533 1343 611 signi·

117 634 220 695 licare.
263 632 339 694 lline
366 632 403 693 de
431 632 578 693 creatione
607 632 651 695 sie
676 630 821 710 loquitur:
856 631 966 693 Manus
995 643 1064 694 tuus
1091 635 1231 712 fecerunt
1250 654 1296 695 me
1317 646 1346 698 et
1421 648 1424 653 '

116 736 336 816 senescerent
357 753 416 805 me,
446 744 475 795 et
497 734 606 797 Munus
627 753 693 796 meu
714 734 788 813 [ecit
811 734 881 795 llaec
903 739 1018 806 omnio,
1050 743 1079 796 et
1101 735 1170 817 lpse
1191 738 1345 799 mondavit

117 848 150 899 et
173 848 275 899 cresto
297 849 377 900 suat.
423 836 540 899 Scilicet
570 835 723 915 aptissime
745 835 860 913 singula
884 835 1019 910 denotat,
1049 855 1115 899 oum
1138 846 1167 899 et
1189 835 1235 909 id,
1265 838 1344 917 quod

117 938 187 1001 Filii
209 938 363 1017 proprium
386 946 416 998 et
437 955 610 1016 germanum
634 947 689 1007 est,
713 936 864 1016 exprimit,
889 945 919 998 et
939 956 988 999 res
1009 946 1123 999 mentes
1145 938 1254 1000 indicat
1276 958 1345 1001 esse

117 1040 298 1119 incoepisse.
342 1040 415 1100 Nam
437 1040 489 1099 has
513 1039 631 1118 quidem
655 1038 722 1099 lacit
750 1046 897 1111 ctorem,
927 1038 1032 1101 Filium
1059 1046 1155 1101 eutem
1185 1058 1221 1101 ex
1242 1040 1344 1121 seipso

118 1141 249 1202 Verbum
271 1150 301 1201 et
323 1140 495 1219 sapientiam
518 1139 619 1218 gignit.
664 1138 772 1201 Uterus
790 1139 866 1200 enim
890 1150 920 1200 et
941 1158 993 1201 cor
1014 1140 1168 1220 proprium
1191 1150 1222 1203 et
1242 1160 1344 1203 verum

118 1244 213 1305 letum
235 1241 409 1321 significant.
453 1241 604 1320 Siquidem
632 1259 688 1302 nos
718 1260 819 1302 rerum
847 1232 938 1303 mtum
967 1241 1159 1321 producimus
1189 1254 1343 1317 exutam,

120 1362 214 1425 opere
235 1352 333 1405 autem
355 1361 444 1404 manu
468 1342 621 1404 ellleimus.

206 1446 259 1511 28.
304 1443 382 1518 Quid
404 1443 494 1506 velint
514 1442 619 1522 igitur,
647 1444 798 1523 inquiunt,
827 1443 997 1507 nnius-odi
1024 1442 1113 1507 verba
1142 1458 1213 1513 ente
1235 1446 1345 1527 lucise-
1423 1456 1429 1463 “·

117 1544 219 1610 mss?
263 1546 378 1619 Quibus
401 1565 455 1626 ego
477 1545 595 1626 quidem
618 1546 842 1624 responderim,
865 1547 892 1608 si
913 1546 997 1609 hisee
1018 1546 1118 1609 verbis
1141 1558 1212 1610 ente
1234 1547 1344 1627 lucs‘se-

117 1668 192 1711 rurs
213 1648 278 1710 eius
299 1648 461 1710 mirabilem
484 1666 520 1709 ex
535 1648 624 1709 llaria
645 1657 744 1710 ortum
766 1628 925 1727 signitie'sri
946 1657 1062 1730 putent,
1084 1648 1253 1728 complures
1270 1650 1344 1712 alios

117 1762 189 1813 ante
211 1751 318 1813 sideris
341 1760 438 1813 ortum
460 1751 552 1812 titisse
574 1750 703 1829 genitos·
744 1750 822 1824 Quid
838 1748 926 1830 igitur
941 1751 990 1812 liic
1009 1751 1202 1813 admiratione
1224 1751 1344 1839 dignum
1354 1774 1430 1817 nese.

118 1853 261 1925 occurrit,
284 1851 333 1913 ubi
357 1862 454 1914 temen
476 1851 564 1913 veluti
588 1850 746 1931 singularis
769 1860 797 1913 et
821 1853 946 1932 insignis
961 1853 1085 1915 alieuius
1100 1852 1144 1914 roi
1167 1854 1199 1913 nt
1221 1854 1343 1926 mentio,

117 1953 239 2016 numid
261 1952 396 2033 plurimis
418 1952 659 2015 sitcommunel
702 1950 814 2015 Deinde
837 1953 915 2015 aliud
938 1967 983 2016 est
1005 1955 1141 2033 gignere,
1168 1954 1246 2015 aliud
1269 1956 1344 2033 edu-

73 2034 85 2049 *
118 2072 199 2116 oere.
243 2055 315 2116 Nam
338 2056 459 2135 gignere
480 2055 610 2133 incipere
634 2062 680 2116 est
701 2053 808 2134 aliquid
831 2074 1006 2135 procreare,
1030 2057 1155 2119 educere
1177 2065 1276 2118 autem
1297 2058 1345 2118 ni·

118 2156 162 2217 nit
190 2156 268 2218 aliud
297 2167 358 2231 est,
391 2176 478 2237 quum
506 2157 586 2238 quod
614 2157 672 2218 iam
701 2150 802 2219 existit
829 2158 1017 2237 producere⁸⁴
1050 2158 1194 2231 Quocirca
1225 2159 1250 2219 si
1274 2159 1347 2219 haec

118 2258 213 2320 dictio
236 2260 271 2319 ad
294 2277 403 2339 corpus
426 2261 564 2327 refertur,
588 2258 740 2319 sciendum
756 2267 803 2321 est
818 2278 885 2321 eum
900 2277 961 2320 non
978 2268 1047 2321 tuno
1064 2260 1143 2339 gigni
1165 2260 1345 2339 incoepisse,

119 2378 188 2422 eum
212 2368 296 2421 nocte
318 2360 487 2441 pastoribus
510 2361 705 2423 annunciatus
727 2369 789 2433 est,
824 2362 876 2422 sed
900 2380 965 2423 curn
988 2362 1115 2441 Angelus
1138 2362 1174 2422 ad
1197 2361 1346 2441 Virginem

119 2472 169 2523 est
190 2461 316 2523 locutus.
361 2461 445 2525 'l'unc
466 2472 565 2524 eutem
590 2462 733 2541 temporis
755 2482 815 2551 nox
838 2482 899 2524 uon
922 2470 993 2535 erat,
1017 2482 1083 2524 curn
1102 2463 1132 2523 id
1154 2480 1214 2523 non
1236 2463 1346 2524 dictum

119 2563 177 2633 sit,
201 2573 231 2623 at
252 2581 311 2624 nox
333 2570 411 2637 ertt,
441 2582 507 2625 cum
531 2583 565 2625 ex
588 2573 674 2626 utero
696 2564 817 2645 prodiit.
861 2565 893 2625 ld
915 2564 1096 2626 discriminis
1120 2564 1184 2644 ipsa
1208 2563 1348 2625 observat

119 2664 290 2743 Scriptura,
320 2684 395 2744 iprae
422 2666 550 2745 primum
573 2665 692 2745 quidem
714 2664 874 2745 signillcut,
903 2684 969 2728 cum
998 2684 1066 2727 eum
1088 2673 1156 2725 ante
1179 2665 1346 2727 Lucilerum

119 2767 252 2845 genitum
274 2766 355 2837 dicit,
379 2768 502 2828 alterum
524 2785 595 2827 vero
616 2767 736 2841 iudicat,
759 2786 825 2829 cum
848 2768 959 2829 exitum
981 2784 1018 2829 ex
1040 2775 1124 2828 utero
1140 2765 1281 2838 nominat,
1305 2768 1346 2829 uti

119 2868 241 2929 Psalmo
263 2868 405 2946 vigesimo
434 2868 530 2947 primo
552 2868 693 2931 habetur:
725 2868 767 2931 Te
794 2889 825 2931 es
855 2874 908 2950 gei
933 2874 1101 2932 extraxisti
1118 2886 1164 2929 me
1187 2886 1226 2931 em
1247 2880 1346 2931 utero.

120 2970 278 3030 Praeterea
301 2969 515 3031 observandum
538 2978 585 3032 est
606 2970 716 3032 dictum
738 2988 798 3031 non
822 2989 904 3032 esse:
928 2979 995 3032 ente
1018 2982 1116 3032 ortum
1131 2969 1269 3043 Luciferi,
1293 2970 1346 3031 sed

118 3078 235 3132 tantum
258 3081 328 3134 unte
350 3072 535 3151 Luciferum.
581 3072 664 3133 Unde
692 3072 717 3134 si
740 3072 777 3133 de
799 3090 925 3152 corpore
951 3072 1036 3134 locus
1063 3072 1114 3135 liic
1140 3070 1348 3150 intelligendus

120 3180 185 3243 est,
215 3191 338 3234 necesse
360 3183 407 3235 est
428 3192 538 3253 eorpus
560 3181 628 3234 ente
649 3175 791 3235 ddamum
814 3174 924 3248 luisse,
954 3192 1020 3237 cum
1049 3180 1117 3235 ente
1139 3172 1281 3234 ddamum
1303 3173 1346 3233 si-

119 3274 194 3335 dera
218 3274 388 3336 exstiterint.
432 3275 483 3337 Vel
511 3282 591 3336 certe
619 3275 758 3355 quidnam
779 3277 853 3338 haec
873 3275 1018 3355 significet
1039 3275 1128 3337 dictio
1151 3274 1348 3353 indagandum

120 3374 211 3437 uobis
233 3385 288 3436 est.
331 3377 364 3437 ld
386 3394 457 3437 sene
479 3395 640 3456 possumus
662 3397 677 3439 a
700 3378 811 3440 loanue
831 3378 966 3451 discere,
989 3377 1028 3438 ita
1052 3378 1081 3439 in
1103 3377 1278 3456 Apocalypsi
1299 3376 1361 3438 lo-.

120 3486 248 3555 qurerrte:
277 3478 338 3558 Epo
367 3484 433 3539 suari
455 3478 552 3560 Alpion
574 3492 602 3541 et
626 3480 736 3560 Omegn
756 3490 786 3543 et
804 3485 923 3560 primus
945 3500 980 3542 ec
1001 3484 1185 3542 novissemus
1208 3488 1237 3541 et
1255 3482 1349 3559 pris-

120 3583 233 3657 eipium
254 3598 290 3639 eo
310 3581 392 3660 fisis.
437 3582 536 3649 Beati,
560 3585 612 3661 pui
633 3580 765 3643 dilatent
785 3592 883 3643 uestes
906 3600 998 3651 suos,
1021 3592 1057 3643 ut
1078 3585 1119 3644 sit
1135 3591 1275 3660 potestas
1298 3598 1349 3641 eo-

122 3698 193 3741 rum
214 3685 248 3741 iu
270 3680 350 3759 liguo
373 3685 451 3743 vitoe
475 3693 504 3742 et
521 3698 581 3761 per
600 3685 856 3762 portositstrent
882 3686 915 3743 in
944 3686 1102 3746 civitatem.
1148 3681 1237 3742 Foris
1261 3698 1348 3741 cenes

120 3794 151 3844 er
174 3782 312 3861 eerrefioi,
336 3791 522 3844 scortatores
544 3794 573 3844 et
594 3783 757 3845 lenterius
778 3792 809 3844 et
830 3780 1011 3847 idololatres
1033 3794 1061 3845 et
1084 3786 1179 3845 osseis
1202 3785 1254 3861 qni
1273 3781 1350 3860 [ecit

159 3968 174 4015 l.
200 3968 240 4016 Sic
258 3967 314 4029 [leg.
341 3968 439 4031 Segner.
458 3969 529 4016 Besil.
548 3977 571 4017 et
590 3969 712 4030 lngliean.
764 3970 926 4029 Testamenti,
944 3970 985 4033 qui
1003 3978 1027 4018 et
1045 3969 1123 4027 addit,
1148 3975 1173 4016 ut
1189 3966 1302 4027 llnlgnta,
1320 3958 1351 4013 ἐν

120 4042 149 4086 nt
169 4036 207 4083 alii
227 4042 251 4082 et
268 4036 325 4085 editi
343 4028 370 4083 oi
387 4026 505 4100 ἀστέρες.
763 4036 802 4101 τῷ
821 4028 917 4102 αἵματι
935 4034 984 4083 τοῦ
1003 4028 1109 4102 ἀρνίου,
1129 4034 1349 4096 insanguinelpni.

159 4118 180 4162 g.
199 4103 256 4163 lleg.
275 4111 299 4153 et
315 4104 414 4169 ¹Segner.
436 4104 472 4153 liic
490 4112 514 4152 et
532 4112 586 4152 aute
605 4095 619 4163 ἦ
639 4094 710 4169 ἀρχή
763 4103 808 4153 sut
831 4120 887 4154 uero
905 4108 990 4156 Graeci
1016 4106 1112 4153 codices
1131 4104 1183 4151 nori
1202 4102 1348 4150 Testamenti

121 4171 216 4219 addunt
232 4164 293 4226 stul,
319 4172 383 4235 duod
401 4173 442 4220 alii
468 4178 490 4219 et
515 4172 571 4220 editi
590 4175 710 4221 omittunt.
763 4188 821 4221 mss.
849 4182 873 4222 et
900 4175 957 4221 editi
984 4172 1073 4221 hubent
1098 4162 1126 4217 οἱ
1140 4166 1282 4221 ποιοῦντες
1299 4160 1349 4221 τὰς

122 4239 177 4287 llos
202 4254 260 4287 rues.
285 4252 371 4289 omnes
395 4254 448 4288 curn
468 4239 573 4289 editione
591 4238 710 4290 Commel.
762 4233 872 4293 inscide
890 4232 982 4295 αὐτοῦ,
1002 4244 1042 4304 qui
1060 4238 1349 4301 faciuntprnerepteeirts.

122 4298 154 4355 οἱ
168 4300 348 4361 πλατύνοντες
365 4297 628 4360 τὰςστολὰςαῦτοῖν.
653 4308 710 4357 Edi·
762 4308 854 4357 lltidem
878 4310 935 4371 lleg.
960 4319 983 4357 et
1001 4308 1099 4368 Seguer.
1118 4296 1164 4352 ἵνα
1181 4298 1266 4352 ἔσται.
1303 4304 1349 4355 etti

122 4378 159 4425 tio
185 4375 260 4424 Paris.
287 4384 311 4424 et
337 4377 423 4426 Colon.
447 4367 476 4422 si
496 4368 641 4429 πλύνοντες
662 4368 712 4429 τὰς
762 4366 795 4423 ἵν’
815 4368 900 4425 ἔσται.

122 4436 333 4498 creditenim-ir,
345 4447 385 4508 qni
403 4444 479 4493 leuant
497 4444 569 4494 stolus
579 4460 643 4495 sues.
670 4444 712 4493 Sic
796 4446 819 4492 lu.
838 4446 879 4495 s'ie
896 4458 955 4493 mss.
974 4456 1028 4492 eum
1047 4441 1151 4491 editione
1169 4438 1287 4489 Commel.
1322 4441 1351 4490 st

120 4510 197 4587 eliens
219 4512 291 4563 habet
309 4526 354 4562 ms.
373 4512 447 4561 codex
465 4511 638 4562 Alexandrinus
656 4513 710 4563 nori
762 4511 836 4561 editio
855 4502 929 4563 Puris.
947 4518 972 4561 et
989 4508 1074 4561 dolon.
1092 4500 1137 4557 tut
1153 4500 1185 4556 τὸ
1203 4498 1289 4564 ξύλον.
1332 4550 1335 4555 .
