2948 5092
387 272 392 283 ·
471 228 764 301 marmannorum
778 254 914 304 sauros.
1226 238 1289 312 43}

62 424 149 488 paam
170 404 308 480 drenit,
337 412 456 486 poterat
477 423 538 468 non
561 405 637 468 tradi
664 404 776 483 Pilato3
809 418 937 472 attamen
965 411 995 472 in
1017 413 1076 475 dna
1105 412 1377 480 saecularium.

10 492 12 516 ,
57 509 191 582 sanun
213 516 245 570 er
265 508 418 589 quarm
440 507 528 571 onir:
551 508 613 589 mo
636 527 712 572 anm.
756 510 844 584 uuor
865 512 944 574 enm
968 513 1115 588 rsuram,
1138 515 1168 576 ru
1190 516 1290 580 nonr-

62 610 154 673 muna
173 609 305 691 expedit,
328 627 384 672 nec
405 609 490 672 aliter
510 609 575 672 tieri
597 610 711 685 decuit,
732 613 812 692 quod
834 623 932 677 autom
955 623 985 676 ct
1005 616 1125 695 expedit
1146 626 1175 678 et
1197 605 1291 694 decet,

63 712 182 793 idipse
204 719 288 774 curat
309 719 350 799 et.
358 712 505 792 providet.
549 712 635 774 Venit
656 712 756 794 itaque
778 733 839 776 non
861 723 895 777 nt
916 715 957 777 illi
978 717 1214 794 ministraretur,
1237 720 1291 783 sad

63 822 92 876 nt
111 813 185 895 ipae
204 813 391 877 ministraret
412 821 442 875 et
463 813 552 876 nobis
572 813 747 877 restitueret
769 815 903 879 salutem.
947 817 1035 881 Certe
1057 820 1173 882 tametsi
1194 820 1290 901 legere

63 916 184 978 amato
203 924 323 997 poterat
351 915 525 989 enunciare,
557 915 628 978 sidit
655 924 755 978 tamen
777 917 948 981 hominibus
970 919 1152 996 conducere,
1187 940 1291 986 came

62 1027 163 1081 nonu
177 1016 251 1080 Sina
272 1018 417 1099 proteram
437 1018 518 1098 quod
539 1017 657 1099 quidam
672 1019 751 1092 iecit,
772 1029 808 1081 nt
825 1029 855 1082 et
869 1021 985 1100 myses
1000 1031 1106 1100 posset
1119 1024 1291 1102 ascendere,

63 1130 92 1184 et
110 1119 155 1184 iiii
176 1120 268 1182 verba
288 1120 414 1200 propina
437 1117 585 1182 audiendo
607 1120 722 1183 taoiiine
744 1121 908 1186 crederent.
954 1119 1161 1186 veruntamen
1182 1135 1291 1206 quanta

61 1238 127 1286 enm
156 1221 275 1285 ratione
303 1222 333 1284 id
360 1224 466 1285 iactum
497 1223 600 1297 inerit,
632 1227 668 1284 e'x
696 1223 743 1285 isla
766 1223 936 1305 perspicere
957 1224 1035 1293 licat.
1080 1211 1213 1306 &Deus
1234 1242 1290 1308 pro

61 1342 111 1388 aaa
133 1325 270 1404 potentia
291 1323 433 1410 dixisset,
460 1324 616 1404 sotnnqne
637 1333 721 1386 esset
741 1325 926 1400 maledictio,
954 1327 1146 1406 apparuisset
1169 1329 1291 1408 quidam

60 1425 193 1489 iubentis
221 1431 372 1506 potestas,
400 1426 526 1506 talisque
553 1428 647 1489 nctus
674 1427 781 1490 fuisset
801 1424 893 1493 bomo
916 1429 1011 1508 qualis
1034 1428 1090 1490 init
1109 1428 1201 1492 auam
1224 1437 1292 1499 ante
1381 1468 1384 1472 -
1409 1447 1419 1458 ·

59 1535 226 1610 peccatum,
248 1528 300 1609 qni
320 1528 461 1590 nimirum
484 1528 606 1608 gratiam
628 1528 813 1593 extrinsecus
835 1517 991 1625 acciperet,
1012 1547 1070 1592 nec
1090 1546 1156 1595 earn
1172 1531 1291 1613 comari

59 1644 226 1694 mnneaam
248 1630 379 1693 haberet.
416 1630 575 1692 Enimvero
597 1648 665 1693 cunr
687 1630 857 1693 istiusmodi
878 1639 962 1695 esset
975 1631 1077 1705 Adam,
1100 1632 1131 1694 in
1151 1633 1292 1714 paradiso

59 1740 105 1795 eat
132 1732 316 1808 ooiiocatm,
349 1733 410 1795 inno
439 1750 510 1794 vero
534 1734 611 1794 torte
633 1733 719 1813 peior
740 1735 834 1797 iactus
864 1741 926 1807 cat,
959 1733 1069 1814 qnippe
1096 1733 1145 1814 qni
1168 1750 1292 1814 peecare

58 1833 207 1897 didicerit
252 1834 340 1908 Quod
363 1835 390 1896 ai
411 1852 478 1897 curn
500 1834 566 1896 talis
589 1835 707 1909 suisset,
731 1833 906 1914 contigisset
920 1853 1049 1915 quoque,
1073 1843 1135 1898 nta
1152 1843 1291 1916 serpente

59 1936 258 2018 deciperetur,
271 1933 373 2003 ,Deum
395 1936 503 1999 iterum
526 1936 627 1999 iubere
650 1945 680 1998 et
694 1935 931 1999 maledictionem
947 1937 1065 1999 solvere
1081 1955 1157 2018 opus
1174 1939 1291 2014 inisset,

58 2056 155 2119 eoque
185 2038 276 2100 modo
304 2039 417 2102 unitum
446 2039 535 2100 finem
569 2046 730 2101 consecuta
764 2046 846 2101 esset
876 2039 1059 2115 necessitas,
1094 2039 1292 2121 hominesque

59 2140 254 2203 nihiiominns
277 2141 321 2202 rei
342 2141 525 2203 mansissent
544 2159 579 2202 ac
599 2150 722 2221 peccato
752 2141 937 2207 serviissent.
981 2142 1024 2203 ita
1052 2149 1150 2205 antem
1173 2160 1293 2223 semper

59 2241 211 2322 peccando
230 2258 351 2322 semper
372 2242 560 2304 condonante
589 2260 665 2323 opus
697 2242 890 2317 habuissent,
924 2260 958 2304 ac
986 2243 1113 2322 proinde
1141 2262 1291 2324 nunquam

60 2343 190 2406 inissent
210 2342 342 2417 liberati,
370 2362 439 2406 num
462 2360 498 2405 ex
520 2363 554 2406 se
575 2344 630 2406 toti
653 2344 850 2419 sintvcnrnei,
872 2354 961 2425 atque
983 2345 1022 2406 ob
1043 2345 1141 2407 carnis
1164 2346 1291 2408 iniirrni-

61 2453 148 2507 tatem
171 2444 230 2524 legi
252 2464 370 2526 semper
391 2445 595 2529 succumbent.
731 2428 749 2460 ‘

143 2650 197 2714 69.
242 2648 398 2709 Praeterea
421 2648 447 2709 si
469 2645 562 2710 Filius
584 2665 635 2709 res
658 2656 757 2710 creata
773 2656 866 2720 esset,
889 2648 980 2708 homo
997 2647 1190 2709 nihilominus
1205 2664 1289 2708 mor-

60 2752 123 2813 tsiis
150 2757 336 2823 remaneret,
365 2757 398 2811 ut
425 2759 496 2828 pote
523 2750 646 2813 minime
673 2767 740 2810 cnm
763 2749 825 2810 lieo
848 2749 1013 2828 copulatus.
1058 2746 1119 2810 Nec
1139 2749 1217 2810 enim
1240 2766 1290 2810 res
1352 2803 1354 2806 .

60 2855 154 2935 aliqasa
177 2861 275 2914 creata
297 2868 346 2912 rea
368 2851 441 2913 aiiaa
464 2861 577 2913 creatas
600 2869 667 2913 oum
689 2851 751 2912 lieo
780 2860 882 2931 potest
910 2852 1106 2930 coniungere,
1137 2868 1203 2911 oum
1226 2851 1291 2929 ipsa

60 2957 290 3035 coniungentem
322 2954 450 3033 aiiquetn
482 2962 614 3033 quaerat.
665 2954 768 3032 Neque
801 2970 871 3032 pars
899 2952 994 3031 aliqua
1026 2961 1140 3013 creatae
1168 2962 1290 3014 natrrraa

59 3061 184 3122 mitatem
207 3056 248 3119 iiii
271 3065 376 3136 posset
397 3058 514 3127 aiierre,
538 3073 603 3117 cum
626 3057 692 3136 ipsa
715 3055 811 3116 sainte
832 3072 950 3134 qnoque
972 3055 1110 3133 indigeat
1149 3053 1236 3126 Quod
1251 3072 1377 3123 nannai.

59 3161 160 3235 deret,
190 3159 269 3221 Dens
292 3158 340 3221 sui
363 3160 458 3239 ipsius
482 3159 589 3221 Filium
610 3159 710 3232 misit,
739 3159 789 3238 qui
812 3144 915 3220 creata
930 3173 1019 3218 carne
1041 3167 1172 3219 assumta
1194 3157 1290 3219 iactus

59 3271 104 3326 est
126 3262 206 3324 iilius
229 3261 368 3334 hominis,
390 3269 424 3323 ut
445 3261 585 3340 qnoniam
609 3279 713 3323 omnes
735 3260 779 3322 rei
802 3268 906 3322 essent
927 3259 1052 3334 incutis,
1075 3259 1123 3320 ille
1144 3259 1195 3339 qui
1216 3259 1292 3322 eiius

58 3373 104 3426 ast
126 3364 164 3425 ab
185 3363 343 3437 omnibns,
372 3364 528 3444 proprium
558 3379 668 3442 corpus
691 3379 746 3442 pro
770 3361 907 3423 omnibns
930 3361 1018 3422 morti
1042 3362 1180 3434 offerret,
1207 3371 1294 3442 atqare

56 3467 96 3528 ita
118 3465 261 3527 omnibns
283 3465 372 3526 veluti
393 3482 448 3544 per
476 3465 573 3544 ipsum
604 3465 734 3526 mortuis
757 3473 787 3525 et
808 3464 955 3525 sententia
977 3464 1132 3535 adversum
1155 3480 1213 3525 nos
1235 3464 1294 3526 iata

57 3568 259 3648 compleretur
280 3570 400 3641 (omnes
424 3566 501 3628 eninr
524 3567 555 3627 in
578 3567 700 3629 Christo
721 3566 833 3629 mortni
856 3573 949 3643 scrut),
972 3572 1003 3626 at
1025 3581 1128 3627 omnes
1151 3566 1292 3646 deinceps

55 3689 72 3732 a
93 3677 219 3751 peccato
242 3678 272 3730 et
292 3661 515 3742 maledictione,
547 3688 621 3748 quae
645 3686 681 3730 ex
703 3688 739 3730 eo
763 3677 863 3730 secuta
886 3676 951 3740 est,
978 3684 1033 3747 per
1060 3666 1159 3747 ipsum
1182 3669 1290 3729 tierent

54 3824 177 3874 comessi.
196 3807 254 3876 olor
271 3810 443 3888 ἦνὸἈδᾰμ.
480 3823 531 3872 iios
549 3824 648 3883 Sepuer.
690 3815 798 3889 ’σάρκες
815 3815 897 3874 ὄντες.
937 3815 1052 3870 {hidensi
1068 3822 1137 3871 deest
1154 3822 1177 3870 in
1194 3821 1292 3872 Gobier.

55 3903 78 3941 et
99 3894 156 3953 iieg.
174 3886 221 3938 atei
237 3886 276 3956 μὴ
295 3886 529 3956 συνηρμοσμένην.
563 3892 607 3940 diii
626 3899 649 3941 et
701 3899 724 3941 et
743 3892 847 3939 i'eicitrn.
869 3890 889 3939 l.

54 3961 113 4010 editi
131 3952 232 4026 καὶμὴ
252 3955 489 4025 συγχωρουμένην.
734 3948 1294 4021 h.Segn.etFelckm.dnovnrrtdprevordrqi.

734 4028 749 4075 i.
776 4030 875 4089 Segner.
900 4014 932 4073 ἵν’
952 4010 1002 4072 adr
1019 4018 1156 4093 τοῦτομὴ
1175 4019 1294 4088 γένηται.

703 4095 915 4145 deprecemini.
930 4094 952 4142 l.
965 4102 988 4142 et
998 4093 1022 4142 4.
1035 4083 1081 4140 ἵνα
1094 4106 1143 4142 ουν
1155 4086 1193 4157 μὴ
1213 4090 1294 4139 τοῦτο

703 4171 748 4212 etc.
785 4153 985 4212 Editietaiiiian
1004 4146 1053 4209 οὖν
1068 4155 1139 4226 μηδὲ
1156 4160 1237 4208 τοῦτο
1248 4167 1286 4210 ate

89 4063 108 4111 i.
131 4062 233 4124 sepner.
252 4052 304 4111 ὅιι.
339 4061 383 4111 etii
402 4071 426 4111 et
444 4062 500 4110 editi
515 4049 568 4110 ὅτε.
595 4061 648 4111 idox

53 4129 157 4191 Segner.
182 4130 272 4191 duplic.
298 4131 395 4180 Gruter.
420 4130 525 4178 fetatum.
546 4130 567 4178 l.
587 4138 609 4178 et
627 4129 651 4179 4.

54 4190 377 4263 εἰκιὶπαραπέπιιστο.
413 4198 440 4246 iu
467 4197 522 4246 aliis
540 4205 563 4246 et
580 4198 651 4246 editis
737 4231 759 4278 k·
779 4231 880 4292 segnem
905 4221 1047 4278 ἀπέθανον
1066 4226 1182 4294 χριστῷ,
1218 4196 1294 4281 panto·

55 4267 128 4316 ἀίω
143 4260 198 4316 καί·
703 4308 758 4362 post
776 4300 875 4360 Scpuer.
894 4300 950 4360 fleg.
970 4300 1067 4348 Gobier.
1086 4298 1191 4347 sercin.
1203 4297 1225 4345 1.
1235 4296 1293 4346 aid.

91 4383 113 4428 g.
133 4367 234 4429 Segner.
245 4358 452 4431 ἐλευθεροῦντας
465 4357 648 4430 ἀρκεσθέντες.
701 4357 736 4413 δι’
757 4357 841 4414 αὐτοῦ
858 4363 1017 4431 γεννῶνται.
1050 4365 1140 4424 sugite.
1152 4373 1176 4414 et
1188 4364 1292 4415 Feiciim.

54 4434 156 4485 Gobier.
175 4435 280 4483 deiciam.
297 4435 353 4483 Μ.
370 4444 394 4483 et
411 4435 434 4484 5.
454 4425 650 4498 ἠλευθεροῦντο
702 4434 726 4483 d.
745 4427 778 4482 δι’
799 4426 884 4482 αὐτοῦ
900 4430 1043 4497 γένωνται.
1085 4433 1128 4482 atti
1164 4440 1187 4481 et
1217 4432 1290 4482 editio

52 4492 244 4570 ἀρκεσθέντες.
258 4503 337 4553 Ceteri
347 4511 370 4552 at
379 4503 436 4552 editi
444 4493 649 4569 ἠλευθεροῦντο,
703 4503 820 4553 Commai.
837 4494 937 4555 πάντες
953 4495 984 4550 δὲ
994 4496 1137 4567 γένωνται
