2948 5092
466 280 575 327 eurio
591 281 623 325 ιι.
640 259 756 326 ceurae
769 281 906 327 meros.
1223 271 1286 336 327

64 453 92 496 ex
110 433 196 496 trun
218 441 272 495 eut
292 416 401 513 genitis
422 431 524 495 rebus.
568 432 721 513 Siquidem
750 431 828 494 idem
856 452 924 495 esse
942 433 1071 516 ‘dixistis
1093 437 1235 522 γέννημα
1257 447 1373 521 etrusc

64 530 184 621 ποίημα
204 535 238 599 id
259 543 309 599 est
329 553 392 597 rem
414 535 543 614 genitam
565 544 595 598 et
616 536 733 598 lectam.
776 534 850 597 Nam
873 534 1036 616 scripsistis
1052 537 1288 626 γεννηθένταῆ
1424 551 1428 557 ’

64 639 245 722 ποιηθέντα
271 635 303 700 id
324 644 371 699 est
390 636 524 717 genitum
546 636 592 698 aci
612 637 733 700 lactum
778 637 910 699 Tametsi
933 638 1012 700 enim
1033 637 1124 727 Filius
1148 639 1212 702 aliis
1235 659 1287 703 re·

64 738 111 802 luc
133 747 325 821 comparatus
347 737 436 819 longe
457 737 516 802 illis
538 738 664 813 excedit,
687 738 780 800 nihilo
804 747 902 800 tamen
924 739 1023 804 miuus
1049 759 1099 803 res
1123 749 1168 804 est
1189 750 1288 806 creata

64 853 89 902 ut
108 841 195 916 illae,
215 841 327 922 quippe
348 859 415 905 urm
439 841 529 904 etiam
549 840 629 903 iuter
650 859 716 914 res,
740 859 815 919 quae
837 849 941 903 natura
965 850 1080 904 creatae
1101 852 1190 917 sunt,
1213 843 1287 906 aliae

63 941 118 1003 aliis
139 942 204 1004 sint
222 941 468 1023 praestantiores.
514 940 603 1005 Stella
626 941 705 1005 enim
726 960 743 1002 a
767 940 851 1002 stella
873 941 973 1003 differt
996 942 1028 1004 in
1050 942 1153 1022 gloria,
1175 962 1285 1026 resque

62 1043 128 1106 atim
149 1061 259 1106 omnes
286 1043 365 1106 iuter
391 1062 426 1106 se
454 1050 641 1125 comparatae
671 1043 821 1105 differunt.
866 1043 927 1105 Nec
954 1053 1051 1105 tamen
1079 1044 1192 1107 idcirco
1214 1046 1287 1109 aliae

62 1145 194 1208 dominae
214 1153 305 1218 sunt,
330 1144 405 1208 aliee
427 1143 696 1224 praestantioribus
719 1145 869 1217 serviunt,
899 1144 972 1236 aliae
999 1164 1104 1208 causae
1127 1155 1198 1210 sunt
1220 1147 1286 1210 elli·

60 1247 180 1320 cientes,
200 1255 253 1309 aut
272 1247 348 1311 eliae
368 1246 404 1309 ab
426 1246 492 1309 aliia
514 1248 599 1320 dunt,
621 1245 675 1309 sed
698 1266 802 1309 omues
825 1254 998 1309 ornaturae
1022 1267 1093 1309 suae
1116 1248 1287 1312 conditione

59 1348 128 1409 lunt
155 1356 188 1409 et
219 1356 375 1422 creantur,
406 1367 552 1428 suumque
580 1358 746 1411 creatorem
773 1368 828 1428 per
856 1349 994 1428 seipsae
1016 1350 1210 1424 confitentur,
1243 1349 1287 1415 uti

59 1449 153 1529 psallit
173 1448 281 1512 David:
307 1449 389 1512 Curii
408 1460 558 1513 enarrant
578 1450 708 1530 plurium
730 1451 802 1523 Ilei,
826 1463 854 1515 et
877 1469 952 1530 opus
975 1469 1120 1514 munuum
1142 1456 1205 1514 eires
1228 1470 1287 1513 crt-

60 1555 181 1613 sumet
203 1550 440 1632 firmamentum.
484 1551 611 1630 Sapiens
639 1550 711 1612 item
739 1550 903 1612 Zorohahel
932 1551 970 1612 ita
998 1551 1146 1632 loquitur:
1182 1552 1286 1617 Omnis

60 1665 140 1715 terro
161 1657 325 1714 ueritatem
346 1655 484 1730 invocan-
506 1652 620 1716 eoelum
643 1657 734 1715 etatem
755 1657 818 1734 ipsa·
837 1654 992 1729 benedicat,
1017 1657 1172 1736 omniaque
1195 1673 1288 1737 opero

59 1758 275 1819 mentiuntur
296 1764 327 1816 et
349 1764 492 1817 tremunt.
536 1754 624 1833 Atqui
647 1755 672 1816 si
695 1755 834 1816 universa
856 1762 934 1816 terra
957 1755 1093 1834 opificem
1116 1756 1179 1818 sive
1202 1775 1286 1820 orea-

59 1865 148 1917 torem
171 1863 203 1917 et
225 1855 380 1917 veritatem
402 1854 516 1928 laudat,
544 1855 691 1918 benedicit
713 1865 742 1917 et
765 1856 881 1929 tremit,
916 1855 980 1917 eius
1003 1865 1099 1917 autem
1122 1856 1220 1937 opifex
1243 1867 1288 1922 est

57 1955 199 2029 Verbum,
222 1956 303 2036 quod
326 1966 356 2017 et
377 1956 473 2036 ipsum
497 1958 552 2019 ait:
580 1958 642 2038 liqo
665 1977 733 2020 sum
755 1963 888 2031 veritum
911 1977 972 2019 non
995 1977 1066 2037 ergo
1089 1958 1217 2021 Verbum
1240 1970 1287 2022 est

57 2066 202 2132 matum,
231 2057 284 2120 sed
312 2058 409 2137 ipsum
431 2057 530 2119 solum
552 2057 648 2120 Patris
670 2058 825 2138 proprium
848 2068 910 2133 est,
941 2059 972 2120 in
1000 2078 1058 2138 quo
1089 2059 1187 2121 omnia
1217 2069 1288 2122 sunt

58 2169 271 2239 coagmentata,
300 2169 387 2239 atque
411 2159 487 2222 idem
511 2159 548 2221 ab
571 2160 710 2221 omnibus
734 2168 871 2239 tauquam
894 2159 992 2240 opiiex
1014 2160 1131 2240 hymnis
1154 2160 1286 2223 celebra-

58 2268 110 2323 tur.
155 2261 248 2334 Nam,
281 2270 315 2324 ut
340 2262 439 2341 ipsum
463 2261 592 2324 Verbum
614 2262 669 2337 ait,
697 2262 791 2324 Erum
819 2264 901 2344 apud
922 2261 1011 2324 illum
1034 2282 1228 2343 componens,
1258 2271 1288 2326 et

59 2361 146 2426 Pater
167 2382 253 2426 ms
276 2365 479 2445 usquemodo
504 2374 662 2446 operatur,
685 2376 714 2427 et
735 2383 788 2443 eqo
812 2383 932 2445 operor.
979 2364 1062 2436 Quae
1080 2364 1171 2425 dictio
1194 2384 1289 2447 usquc

58 2466 139 2527 nudo
163 2451 321 2544 significat,
342 2465 444 2545 ipsum
465 2474 497 2527 ut
511 2466 640 2528 Verbum
664 2484 783 2546 semper
805 2465 834 2526 in
850 2466 937 2526 Patre
960 2465 1106 2527 existere,
1137 2466 1286 2546 Siquidem

60 2565 141 2628 Verbi
165 2567 323 2647 proprium
346 2577 402 2642 est,
425 2566 521 2629 Patris
545 2586 636 2648 opera
658 2568 775 2630 allicere
798 2588 853 2629 uec
876 2575 956 2628 extra
979 2587 1046 2628 cum
1069 2587 1146 2628 esse.

138 2663 219 2765 ets·
239 2669 326 2742 Quod
357 2670 383 2730 si
411 2689 486 2748 quae
509 2670 596 2731 Pater
617 2670 704 2744 lacit,
734 2671 836 2732 eadem
865 2679 894 2731 et
921 2667 1013 2730 Filius
1041 2669 1125 2742 lacit,
1156 2678 1185 2730 et
1213 2688 1287 2749 quae
1313 2655 1320 2664 ’

62 2779 134 2831 ucat
154 2769 260 2844 Filius,
283 2770 380 2832 Patris
403 2781 474 2833 sunt
495 2780 663 2845 creaturae,
687 2783 765 2833 certe
789 2772 814 2832 si
837 2771 929 2833 Filius
952 2780 1086 2832 creatura
1110 2780 1156 2832 est
1178 2769 1285 2846 Patris,

62 2871 99 2932 ael
118 2890 193 2952 ergo
216 2872 281 2952 ipse
310 2873 443 2952 seipsum
471 2873 561 2934 eliicit
588 2873 772 2952 proindeque
801 2873 901 2952 seipse
930 2881 1010 2932 creat
1037 2871 1286 2950 (quandoquidem

62 2990 128 3050 quae
148 2971 240 3034 Pater
261 2973 341 3048 lacit,
364 2974 466 3037 eadem
488 2975 554 3036 Filii
577 2984 646 3037 sunt
668 2979 781 3055 opera),
805 2973 884 3053 quod
899 2975 1034 3055 prolecto
1052 2972 1213 3034 absurdum
1229 2983 1285 3048 est,
1343 3013 1349 3028 ι

61 3091 109 3136 nee
129 3076 196 3137 lieri
219 3075 370 3138 ullomodo
392 3084 502 3156 potest,
525 3076 569 3138 vel
592 3077 618 3138 si
632 3077 729 3140 Patris
752 3095 844 3157 opera
866 3084 946 3137 creat
969 3085 997 3137 et
1020 3075 1097 3150 lacit,
1121 3075 1210 3154 igitur
1232 3094 1288 3137 uec

61 3195 130 3256 opus
152 3196 212 3239 nec
232 3186 366 3240 creatura
389 3187 443 3252 est,
464 3197 502 3240 ue
525 3198 591 3240 cum
615 3179 680 3259 ipse
703 3180 741 3240 sit
763 3198 850 3242 causa
873 3179 1014 3252 efficiens,
1035 3179 1067 3239 in
1088 3167 1188 3252 rebus,
1211 3196 1286 3257 quae

60 3278 137 3354 liunt,
160 3280 259 3342 iacere
280 3281 446 3360 reperiatur
468 3280 548 3359 quod
571 3281 634 3363 ipse
656 3283 750 3343 lactus
774 3292 830 3355 est,
854 3300 919 3344 oum
935 3280 1088 3361 potiusne
1106 3279 1371 3358 lacerem-reno.

59 3379 120 3442 dem
142 3381 254 3460 possit.
299 3381 356 3456 Qui
379 3382 457 3444 enim
480 3382 544 3443 lieri
567 3389 671 3462 queat,
694 3392 725 3446 ut
749 3402 798 3458 ea,
829 3402 903 3463 quae
925 3401 987 3443 non
1010 3392 1096 3456 suut,
1126 3381 1234 3443 elliciat
1255 3388 1288 3444 ut

60 3481 124 3554 siut,
149 3482 177 3542 si
199 3490 234 3546 ut
254 3484 365 3562 putatis
387 3484 482 3544 sactus
506 3503 522 3545 e
544 3483 638 3545 nihilo
660 3483 730 3545 esti
775 3484 862 3556 Quod
886 3485 912 3545 si
933 3484 981 3544 ille
996 3483 1065 3545 licet
1080 3492 1195 3545 creatus
1210 3500 1286 3563 pos-

58 3584 93 3645 sit
112 3583 282 3663 producere
304 3593 484 3658 ereaturam,
518 3593 598 3646 certe
620 3585 698 3646 idem
721 3585 757 3646 de
781 3586 905 3665 singulis
929 3584 1073 3646 creaturis
1097 3585 1155 3646 erit
1177 3583 1286 3646 intelli-

56 3686 202 3764 geudum,
230 3700 338 3766 nempe
366 3686 431 3749 illas
461 3705 578 3765 quoque
601 3704 702 3748 creare
724 3705 826 3766 posse.
871 3687 959 3760 Quod
983 3686 1009 3748 si
1030 3705 1047 3747 a
1069 3685 1153 3747 vobis
1177 3701 1286 3747 eonce-
1361 3762 1367 3773 ι

53 3919 120 4022 ειη.
147 3907 247 3956 Gobter.
273 3904 376 3956 l'elelm.
398 3906 420 3956 1.
439 3915 462 3957 et
480 3908 504 3957 4.
523 3901 649 3973 διαφέρει
701 3904 781 3963 Cerae
817 3906 917 3968 Sequer.
944 3904 1001 3953 ibid.
1018 3899 1065 3951 arai
1083 3895 1165 3957 ebrie
1182 3898 1288 3953 ἔαυτόν.

99 3968 184 4040 δόξῃ·
210 3967 273 4023 acite
298 3964 490 4023 ἇλῖαὲκαστα.
526 3975 570 4024 liii
592 3991 647 4025 vero
701 3974 726 4024 ln
746 3976 799 4023 aliis
818 3982 841 4024 et
859 3974 928 4022 oditis
947 3973 1016 4020 deest
1033 3963 1121 4025 αὐτός.
1162 3971 1288 4034 {tepuere

53 4049 77 4089 et
95 4043 153 4092 editi
172 4034 304 4107 ὑπερέχει.
321 4033 352 4092 ἐν
375 4035 455 4109 δόξῃ·
480 4035 515 4090 τὰ
533 4037 563 4092 dt
581 4034 648 4090 ἄλλα
699 4043 736 4092 sic
754 4042 840 4091 habet:
859 4032 926 4089 αὐτὸ
946 4032 1044 4088 ἑαυτὸν
1061 4032 1223 4105 ἐργάσεται,
1242 4032 1289 4086 καὶ

56 4100 167 4160 ἕκαστα.
698 4101 779 4159 ἑαυτὸ
797 4101 875 4157 ἔσται
892 4100 991 4164 ericae.

87 4194 109 4229 e
128 4179 238 4229 feletem.
256 4178 280 4228 4.
298 4167 313 4236 ἦ
330 4171 362 4226 δὲ
378 4174 454 4225 πᾶσα
471 4175 515 4242 γῆ.
652 4170 656 4179 “
732 4193 754 4239 g.
773 4178 873 4238 Sequer.
895 4169 933 4242 pir
959 4164 1081 4226 ὂαῦτός.
1117 4173 1180 4222 Editi
1208 4170 1290 4222 etalii

86 4247 110 4294 d.
129 4248 232 4308 Sequor.
251 4245 308 4306 lien.
326 4244 507 4296 tercentos
525 4245 549 4295 b.
567 4236 644 4299 ἴδιος.
697 4238 736 4311 μὴ
756 4235 846 4297 uairo'r.
963 4299 972 4320 ‚
998 4298 1007 4316 ‘

51 4314 98 4363 titt
116 4321 141 4364 et
158 4315 234 4364 aditio
253 4313 371 4363 Commel.
390 4304 485 4366 dioec.
732 4314 756 4362 h.
775 4312 879 4361 Felelm.
898 4311 922 4361 5.
941 4323 1016 4357 euro.

88 4397 109 4432 a.
127 4382 231 4445 Sequor.
256 4382 357 4432 Gobter.
380 4390 403 4431 et
428 4380 534 4431 Falclm.
556 4380 576 4430 l.
596 4371 648 4429 tel
734 4381 750 4430 i.
768 4380 864 4429 Fetchm
891 4378 916 4428 l.
933 4372 1079 4441 κείσματα.

49 4462 142 4502 ωσι.
176 4448 258 4502 cenet
275 4457 299 4498 et
318 4447 375 4499 editi
392 4437 515 4498 temler.
734 4448 756 4496 l.
774 4448 815 4497 Sic
832 4447 934 4508 Sequor.
952 4444 1050 4494 Gohter.
1069 4439 1174 4490 retetm.
1196 4439 1218 4489 l.
1233 4439 1290 4520 εΗ.

86 4518 107 4570 i.
123 4517 183 4571 Ικ.
200 4531 289 4580 ουρ·
299 4506 454 4584 wirunt.
490 4515 553 4569 Editi
569 4505 649 4582 ἔργά·
699 4511 730 4577 lt
745 4513 786 4565 alii
801 4522 826 4565 et
841 4515 898 4566 editi
914 4502 1133 4579 &crinium
1148 4499 1196 4559 eei
1212 4499 1290 4559 evat.
