2948 5092
393 985 973 1082 PRAEFATIO.

587 1302 793 1315 *-

140 1529 289 1636 Saepius
314 1565 347 1618 et
369 1555 446 1617 alios
467 1562 627 1635 querentes
643 1553 740 1616 audivi
759 1563 792 1617 et
811 1554 879 1635 ipse
900 1563 1082 1635 conquestus
1105 1548 1183 1632 sum,
1206 1577 1298 1640 opera

49 1659 331 1721 celeberrimorum
353 1656 498 1719 eeclesiae
518 1665 646 1736 patrum
677 1673 803 1735 quorem
831 1673 946 1718 summa
972 1656 1029 1719 luit
1056 1657 1087 1718 in
1109 1658 1297 1738 dogmatibus

52 1760 122 1821 fidei
145 1758 334 1822 deliniendis
356 1766 387 1821 et
407 1756 595 1821 stabiliendis
617 1756 788 1831 auotoritas,
820 1767 945 1838 propter
970 1758 1122 1821 raritatem
1145 1763 1296 1843 exempla·

54 1862 133 1922 rium
157 1871 193 1922 et
213 1861 305 1941 pretii
327 1878 388 1940 quo
410 1867 541 1922 veneunt
565 1857 796 1937 magnitudinem
811 1858 914 1937 paucis
930 1866 1043 1921 lantum
1058 1860 1130 1924 viris
1145 1862 1242 1924 doctis
1259 1863 1297 1926 ad

57 1981 183 2023 manum
208 1980 290 2032 esse,
313 1978 370 2022 nec
391 1960 524 2022 delectos
547 1978 583 2021 ex
604 1952 663 2020 illis
684 1967 821 2038 prostare
843 1978 897 2022 eos
911 1959 1005 2022 libros
1021 1961 1178 2041 dogmatici
1194 1970 1224 2024 et
1237 1981 1296 2043 po·

58 2063 156 2125 lemici
180 2061 363 2142 argumenti,
385 2061 493 2141 quibus
513 2069 631 2142 praeter
651 2060 846 2123 conciliorum
867 2068 930 2122 acta
942 2061 973 2122 in
992 2062 1141 2143 theologia
1155 2063 1297 2127 historica

60 2165 123 2225 sire
152 2163 330 2242 dogmatum
357 2162 483 2224 historia
511 2161 685 2225 illustranda
712 2160 872 2240 plurimum
900 2162 1021 2224 utimur.
1064 2163 1197 2226 Pertinet
1223 2165 1297 2229 baec

61 2265 185 2342 querela
209 2266 337 2325 maxime
359 2263 395 2325 ad
417 2262 485 2325 illos
507 2263 648 2325 ecclesiae
670 2279 793 2341 graecae
815 2261 981 2341 theologos,
1009 2263 1059 2343 qui
1087 2283 1143 2344 per
1169 2271 1295 2330 aetatem

10 2392 12 2403 ·
62 2367 141 2427 inter
162 2364 289 2428 concilia
311 2365 471 2426 Nicoenum
496 2372 526 2426 et
547 2363 790 2442 chalcedonense
812 2362 1005 2437 interiectam,
1034 2383 1091 2444 qua
1119 2374 1294 2429 controver-

62 2469 125 2528 siae
146 2467 343 2546 gravissimae
364 2467 401 2527 de
423 2465 623 2527 fundamentis
644 2464 779 2526 veniatis
801 2463 927 2538 divinae,
949 2465 986 2527 de
1008 2467 1158 2547 mysteriis
1177 2468 1293 2531 trinita·

10 2568 14 2591 ¹
65 2570 103 2629 tis
127 2578 156 2628 et
178 2567 392 2629 incarnationis
414 2566 473 2639 dei,
496 2575 636 2629 tractatae
659 2575 739 2637 suut,
761 2564 940 2645 scriptorum
958 2565 1145 2629 mulutudine
1161 2580 1190 2630 et
1204 2588 1294 2648 prae·

66 2670 173 2729 sunda
197 2669 447 2729 immortalitatem
469 2667 600 2729 nominis
623 2667 681 2730 sibi
703 2674 893 2746 pepererunt.
939 2666 1056 2738 Quotus
1074 2671 1153 2729 enim
1169 2670 1295 2750 quisque

66 2780 119 2842 est,
150 2770 203 2848 qui
227 2769 334 2848 opibus
355 2768 487 2829 abundet
509 2776 539 2831 et
565 2768 611 2830 cui
634 2768 794 2848 contingat,
822 2766 862 2828 ut'
879 2767 1018 2828 meliores
1040 2767 1186 2829 editiones
1207 2769 1293 2831 Pari·

67 2872 183 2931 cieuses
214 2888 339 2949 operum
366 2869 527 2940 Athanasii,
555 2869 656 2931 Basilii
682 2869 790 2947 Magni,
819 2867 1032 2953 Gregoriorum
1058 2868 1235 2931 Nazianzeui
1263 2876 1295 2933 el

64 2971 203 3050 hysseni,
225 2971 443 3050 chrysostomi,
477 2969 575 3049 Cyrilli
602 2969 801 3042 Alexandrini,
832 2969 1024 3043 Theodoreti,
1052 2970 1188 3044 aliorum,
1218 2989 1294 3051 quae

65 3073 170 3150 partim
194 3072 283 3133 etiam
304 3072 335 3132 in
362 3069 489 3151 publicis
511 3072 700 3133 bibliothecis
722 3073 833 3131 frustra
861 3079 1053 3149 quaeruntur,
1084 3071 1140 3132 sibl
1170 3090 1292 3152 compa-
1375 3126 1380 3131 .

65 3192 131 3233 rare
145 3171 271 3252 possit?
313 3172 375 3234 Neo
389 3183 487 3234 tamen
509 3172 568 3233 illis
590 3172 771 3234 editionibus
795 3171 1046 3233 emendatioribus
1069 3181 1100 3233 et
1117 3174 1292 3235 instructio-

64 3275 147 3333 ribus
168 3273 236 3334 sine
258 3273 447 3335 incommodo
470 3273 592 3346 carebit,
622 3274 671 3353 qui
694 3273 725 3334 in
746 3273 876 3334 lectione
898 3282 927 3334 et
947 3292 1004 3334 usu
1026 3282 1143 3351 patrum
1166 3274 1292 3353 diligen·
1364 3345 1367 3350 ,
1427 3252 1433 3265 ’

64 3376 133 3435 tiam
155 3384 245 3453 atque
267 3374 483 3435 accurationem
506 3375 675 3436 criticorum
699 3374 776 3436 sicut
797 3374 881 3436 decet
909 3374 1050 3435 aemulari
1079 3374 1168 3453 cupit,
1195 3384 1230 3435 ut
1256 3393 1292 3437 ex

10 3472 12 3533 ἓ
66 3476 185 3555 scriptis
208 3476 345 3553 genuinis
368 3485 398 3535 et
419 3484 559 3553 quantum
582 3475 612 3536 id
635 3475 699 3537 lieri
722 3484 822 3554 potest
850 3474 1010 3552 integritati
1045 3493 1117 3536 suae
1145 3474 1291 3537 restitutis

10 3550 13 3593 ⁵
63 3595 159 3638 reram
185 3576 306 3636 illorum
327 3577 358 3636 in
381 3576 569 3654 dogmatibus
591 3575 659 3637 fidei
682 3584 857 3655 assequatur
879 3575 1068 3647 senteutiam,
1090 3593 1186 3654 neum
1201 3577 1309 3637 salsa.

10 3668 12 3677 '
62 3680 172 3739 riorum
199 3677 352 3739 fraudibus
374 3676 419 3739 vel
441 3677 631 3738 librariorum
654 3676 808 3738 erroribus
831 3676 875 3736 vel
896 3674 1092 3754 interpretum
1121 3675 1234 3738 incuria
1262 3682 1293 3739 et

60 3779 209 3859 imperitia
238 3777 277 3838 de
305 3778 427 3840 veritate
455 3778 640 3858 deturbetur.
683 3777 756 3840 Nam
790 3785 822 3838 ut
853 3786 965 3838 taceam
995 3776 1083 3837 etiam
1111 3777 1291 3839 vetustiores
1336 3848 1339 3853 ,

59 3883 248 3957 minorisque
270 3879 440 3940 aestimatas
462 3878 610 3941 editiones
632 3897 711 3941 nuuc
731 3897 800 3940 raro
824 3886 940 3949 extare,
973 3875 1004 3936 in
1033 3876 1071 3937 iis
1099 3877 1212 3956 passim
1235 3878 1290 3940 de-

59 3994 126 4044 mut
148 3982 273 4060 scripta,
308 3999 384 4059 quae
405 3988 511 4060 postea
534 3999 568 4042 ex
591 3980 743 4042 codicibus
766 3997 855 4040 manu
881 3978 1000 4058 scriptis
1023 3976 1076 4038 riri
1096 3977 1175 4039 docti
1201 3997 1290 4040 eruc

57 4096 133 4157 mut,
163 4082 335 4143 adulterina
357 4089 389 4142 et
409 4080 598 4160 supposititia
621 4099 687 4143 cum
710 4080 845 4160 genuinis
869 4079 1114 4151 commiscentur,
1149 4078 1214 4158 ipsa
1237 4097 1290 4158 go-

56 4189 154 4258 nuina,
181 4203 258 4263 quae
274 4185 483 4263 proferuntur,
504 4181 618 4243 lacunis
635 4180 914 4262 interpolationibus
929 4179 1104 4258 mendisque
1126 4179 1290 4259 scripturae

56 4290 148 4366 magis
171 4286 311 4347 minusve
333 4283 492 4361 depravata
517 4289 603 4355 sunl,
633 4282 762 4362 denique
789 4280 997 4343 desiderantur
1023 4279 1164 4359 pleraque
1191 4279 1291 4340 omnia

54 4391 173 4450 uiuae
195 4382 388 4449 recensionis
411 4390 500 4463 atque
520 4383 774 4464 interpretationis
796 4381 957 4446 historicae
985 4379 1119 4442 subsidia
1147 4388 1177 4441 et
1204 4379 1290 4442 adiu-
