2948 5092
337 269 483 314 EPISTOU
496 268 535 313 Μ
549 269 694 313 Mllfflls
709 268 852 315 lllllbfflss
867 270 986 317 thtont.
1235 266 1277 328 65

43 420 145 495 inerit,
178 421 281 500 ipsum
302 420 386 483 illuni
408 437 494 497 esser,
521 422 571 500 qui
599 429 646 498 est
675 440 712 483 ex
731 421 828 484 Patre.
873 423 1025 504 Siquidem
1047 444 1096 490 res
1117 427 1369 494 universum.-

48 522 108 584 eins
130 529 205 584 sunt
224 520 412 602 participes,·
437 528 503 583 com
526 521 620 583 sancti
643 520 772 601 Spiritus
794 523 952 605 participes
975 526 1150 592 efficiuntur.
1194 531 1275 594 Talis

50 630 142 683 mmm
164 622 313 694 comsit,
340 604 475 701 prolecto
497 641 533 683 ex
555 620 647 696 nihilo
671 641 820 684 essenon
842 598 957 702 potest,
986 628 1029 690 uti
1057 648 1113 692 nec
1132 648 1182 693 res
1206 650 1279 696 esse.

52 731 153 794 outa,
176 722 231 784 sed
253 721 353 802 potins
375 741 463 784 verns
486 730 517 786 ot
536 723 678 803 proprius
697 733 745 785 est
767 742 801 785 ex
822 725 909 788 Patre
931 729 1025 802 letus,
1048 749 1108 792 non
1131 750 1219 794 secus
1241 751 1276 796 ao

55 823 190 902 splendor
210 843 248 885 ex
269 822 344 885 lnce.

129 1030 181 1090 25.
227 1025 330 1106 ltaque
353 1045 420 1087 cum
442 1026 544 1087 Patres
566 1025 711 1087 Nicaenae
734 1027 839 1106 synodi
862 1029 901 1089 ita
924 1030 1078 1104 sentirent,
1102 1032 1272 1098 huiusmodi

56 1128 189 1189 dictiones
210 1126 270 1188 illis
292 1126 424 1188 scribere
445 1126 540 1187 visum
564 1135 620 1189 est.
665 1127 753 1199 Quod
781 1147 852 1194 vero
880 1129 936 1208 ipsi
965 1149 1016 1191 eas
1045 1150 1106 1194 non
1137 1135 1195 1196 sibi
1218 1155 1279 1198 exe

57 1229 254 1308 cogitaverint,
286 1235 318 1288 ut
346 1226 387 1288 llli
418 1227 537 1306 quidem
564 1227 721 1300 obiiciunt,
756 1229 809 1289 sed
839 1229 875 1290 ab
904 1230 968 1291 aliis
997 1249 1031 1292 se
1053 1231 1271 1313 antiquioribus

57 1324 222 1410 aooeperinl,
246 1346 300 1406 age
321 1328 351 1388 id
374 1346 491 1406 quoque
514 1329 714 1399 ostendamus,
738 1348 775 1390 ne
797 1328 842 1389 rel
864 1330 936 1392 haee
957 1331 1021 1410 ipsa
1043 1332 1189 1394 incusatio
1212 1335 1271 1397 illis

57 1429 185 1511 supersit.
230 1427 342 1490 Discite
363 1428 469 1506 igitur,
492 1447 510 1488 ο
533 1428 642 1490 Christi
664 1429 768 1491 hostes
789 1430 907 1502 ariam,
931 1431 1154 1511 Theognostnm
1176 1436 1272 1499 virum

58 1531 191 1592 anditum
213 1529 336 1590 minime
363 1529 509 1609 refugisse
541 1529 577 1590 ab
599 1529 655 1590 bae
676 1530 740 1607 ipsa
762 1531 890 1592 dictione
913 1551 951 1594 es
973 1533 1152 1597 substantio.
1196 1536 1282 1598 Nam‘

58 1631 228 1693 insecundo
251 1629 491 1710 Hypotyposeo'iu
512 1629 585 1692 baec
606 1629 643 1690 de
665 1629 740 1691 Filio
763 1631 881 1693 scribit:
905 1632 993 1705 „Non
1016 1635 1198 1696 extrinsecus
1216 1636 1271 1698 ad-

58 1732 190 1803 „inrenta
218 1739 266 1791 est
292 1731 359 1792 Filii
388 1731 550 1792 substantia
579 1749 675 1810 neque
704 1749 739 1792 ex
768 1732 860 1792 nihilo
884 1733 1001 1808 educta,
1032 1735 1085 1796 sed
1117 1754 1152 1796 ex
1174 1736 1271 1799 Patris

58 1832 241 1904 „substantia
262 1840 329 1893 nata
352 1840 413 1904 est,
444 1842 474 1893 ut
503 1832 576 1892 lucis
607 1832 750 1910 splendor
772 1842 800 1893 et
822 1852 914 1913 aquae
937 1853 1046 1913 rapor3
1073 1838 1272 1914 nequeenim

59 1933 216 2012 „splendor
240 1941 290 1992 ant
312 1951 405 2011 vapor
426 1934 490 2013 ipsa
512 1952 586 2012 aqna
610 1933 653 1992 vel
677 1932 740 2010 ipse
764 1933 816 1994 sol
832 1943 894 2010 est3
916 1953 1013 2014 neque
1034 1954 1140 1998 rursus
1162 1937 1271 2017 aliquid

58 2042 121 2106 „est
140 2031 279 2101 alienum,
303 2033 357 2094 sed
380 2043 426 2095 est
447 2033 555 2112 aliquid
579 2051 720 2094 emanans
743 2053 779 2094 ex
792 2033 890 2095 Patris
909 2034 1083 2109 substantia,
1105 2037 1146 2098 ita
1161 2046 1278 2112 tamen,

58 2134 236 2204 „utnullam
260 2132 439 2194 divisionem
462 2134 563 2195 eadem
586 2133 681 2195 Patris
704 2134 868 2196 substantia
892 2135 932 2197 sit
952 2154 1102 2216 perpessa.
1139 2137 1178 2198 Ut
1192 2139 1271 2200 enim

58 2235 118 2305 „sal
137 2236 215 2296 idem
238 2252 363 2295 manens
386 2234 477 2296 radiis
498 2235 535 2296 ab
557 2235 623 2314 ipso
645 2235 863 2313 profluentibus
886 2254 946 2296 non
968 2237 1126 2312 minuitur3
1152 2237 1192 2300 lta
1214 2257 1277 2302 ne·.

59 2355 130 2414 „que
148 2335 247 2395 Patris
270 2333 436 2395 substantia
451 2336 644 2397 mutationem
661 2335 748 2396 ullam
769 2336 888 2414 patitur,
912 2355 977 2397 eum
993 2337 1098 2398 Filium
1114 2339 1270 2418 suiipsius

58 2436 228 2515 „imaginem
251 2434 373 2495 babet.“
420 2435 469 2497 Sic
501 2435 590 2514 igitur
618 2436 828 2515 Thengnuslus
857 2456 940 2497 suam
969 2438 1035 2516 ipse
1063 2447 1192 2501 mentem
1222 2439 1269 2500 bis

58 2536 142 2597 serbis
164 2536 292 2615 aperuit,
315 2554 381 2596 cum
405 2555 438 2596 ea
461 2555 536 2614 quae
559 2537 644 2597 antea
666 2547 880 2616 proposuerat,
894 2556 953 2598 non
976 2539 1033 2598 nisi
1051 2539 1269 2601 exercitationis

58 2639 135 2714 gratia
157 2637 359 2715 expendisset
405 2637 477 2697 Cum
500 2638 569 2697 item
586 2638 742 2716 Dionysius
754 2638 948 2698 Alexandriae
972 2639 1130 2717 episcopus
1154 2659 1189 2700 ex
1211 2641 1269 2712 bis,

57 2758 119 2815 ‹pne
139 2738 283 2799 aduersus
308 2737 467 2798 Sabellium
490 2738 665 2818 scripserat,
694 2739 801 2817 quibus
829 2758 935 2817 nempe
959 2739 1117 2800 Salvatoris
1146 2739 1269 2818 dispen-

57 2842 190 2900 sationem
220 2839 382 2900 seeundum
412 2857 529 2900 carnem
557 2840 712 2917 permultis
740 2840 912 2918 explanabat
939 2858 973 2899 ae
1000 2838 1069 2899 inde
1102 2839 1272 2901 conlutabat

57 2941 228 3001 sabellianos
251 2940 499 3018 ostendebatque,
523 2958 583 2999 non
605 2936 722 3000 Patrem
744 2942 850 3001 lactum
874 2959 941 3000 esse
964 2958 1098 3012 carnem,
1121 2941 1172 3000 sed
1195 2940 1268 3001 Ver-

56 3041 125 3107 bum,
148 3043 190 3103 uti
212 3040 342 3101 loannes
364 3040 449 3112 dicit,
472 3059 554 3112 eum,
578 3041 706 3120 inquam,
730 3041 759 3101 in
784 3041 984 3119 suspicionem
1006 3042 1137 3102 venisset
1158 3042 1270 3102 dixisse

58 3142 149 3202 lilium
172 3161 236 3203 rem
258 3143 363 3203 saetam
386 3150 416 3202 et
437 3152 564 3204 creatam
587 3161 669 3214 esse,
702 3159 762 3201 non
784 3160 855 3202 vero
878 3141 958 3203 Petri
980 3141 1269 3215 consubstantialem,

57 3243 142 3304 literas
170 3244 253 3304 dedit
281 3243 316 3302 ad
346 3243 456 3303 Romae
477 3242 658 3321 Episcopum
681 3241 854 3320 Dionysium
875 3260 993 3320 quoque
1015 3242 1206 3320 appellatum,
1240 3243 1271 3303 in

58 3346 152 3421 quibus
176 3364 209 3405 se
238 3361 404 3422 expurgans
431 3341 638 3415 asseverabat,
666 3342 838 3402 calumniam
867 3343 942 3402 banc
969 3360 1036 3402 esse
1065 3343 1206 3402 adversus
1236 3361 1269 3403 se

58 3448 215 3519 conboam3
243 3462 394 3522 nunquam
424 3444 502 3505 enim
531 3461 564 3504 se
586 3442 691 3504 Filium
720 3444 827 3504 lactum
850 3443 976 3514 dixisse,
1006 3441 1059 3503 sed
1087 3442 1166 3502 illum
1190 3441 1269 3502 Patri

57 3595 96 3643 roi
112 3588 274 3659 ἀπολογίαν,
295 3589 324 3643 ἰν
341 3589 495 3661 γυμνασίας
503 3590 576 3660 λόγῳ
587 3589 633 3642 καὶ
683 3596 708 3644 ln
728 3599 824 3658 septima
842 3602 917 3644 nutem
935 3596 1047 3653 oratione,
1069 3610 1137 3657 quarn
1156 3599 1176 3641 et
1189 3595 1216 3641 de
1227 3593 1269 3657 llci

57 3656 176 3723 οὗδόξης
191 3662 280 3710 ταῦτα
296 3658 446 3727 προτιθείς.
475 3663 501 3712 ld
513 3673 563 3713 est:
579 3665 633 3712 Cum
684 3664 773 3726 opificio
798 3664 919 3721 inscribit,
946 3662 1020 3722 inopis
1044 3663 1081 3723 pis
1100 3676 1150 3710 eum
1168 3662 1196 3707 du
1214 3661 1269 3710 aliis
1337 3685 1341 3693 ·

57 3733 79 3779 de
95 3734 154 3782 Filio
179 3735 291 3791 disserit,
320 3748 371 3781 eum
393 3747 441 3780 ren
464 3739 564 3781 creatum
582 3746 632 3779 esse
683 3732 751 3779 rebus
775 3737 822 3778 tam
842 3732 966 3793 praecipue
990 3732 1014 3776 in
1037 3730 1081 3790 fine
1105 3729 1218 3777 orationis
1241 3729 1269 3776 dc

58 3801 161 3860 teelsrnt,
191 3801 296 3863 solisque
319 3801 387 3848 rebus
411 3801 501 3848 ratione
518 3799 631 3861 praeditis
684 3797 743 3845 Filio
775 3799 885 3860 disputet.
930 3795 989 3853 Quis
1017 3808 1092 3857 porro
1122 3794 1193 3841 luerit
1223 3794 1269 3842 iste

56 3870 189 3927 mensim,
215 3875 237 3915 el
256 3867 304 3914 alin
322 3867 447 3929 quaedam,
468 3872 493 3913 ut
513 3866 629 3927 Origenes,
684 3864 860 3923 Theognoslus,
880 3877 906 3910 ex
920 3860 1194 3923 inscriptioneaiusdem
1203 3860 1269 3923 Ope·

56 3932 106 3982 lilia
124 3936 230 3997 asnapii,
249 3935 440 3982 :incendemus
458 3932 631 3995 illeimpietote
683 3932 716 3978 ris
735 3931 797 3992 apud
817 3930 927 3978 l‘hotiuro
947 3930 1077 3984 babemus,
1097 3927 1136 3975 ubi
1155 3928 1214 4004 haep
1233 3928 1269 3976 le·

57 4003 157 4062 nicetes,
186 4004 236 4050 sire
253 4008 278 4048 ul
296 4003 349 4064 qnia
366 4005 425 4063 sorte
443 4002 528 4048 dixerit
553 4001 583 4049 nd
601 4000 631 4047 il·
683 4006 783 4057 guntur:
815 3988 975 4060 ἀνεγνώσθη
1002 3989 1181 4074 Θεοζνῶστου
1205 3989 1269 4042 Αλε-

59 4067 95 4114 Ιιι
115 4077 231 4132 stacam
250 4069 426 4130 defendendum,
446 4069 501 4115 leues
520 4068 633 4117 concilo·
684 4059 820 4129 ξανδρέως
843 4059 921 4127 λόγοι
937 4054 1015 4116 inse,
1042 4076 1074 4108 oo
1092 4054 1107 4118 ἡ
1126 4053 1268 4174 lysippum&

58 4137 116 4184 lienis
132 4140 218 4199 pretio,
238 4151 286 4185 non
303 4142 378 4184 antem
396 4137 528 4198 exproprio
542 4138 632 4182 aemen-
672 4184 675 4189 ,
684 4130 733 4193 ansi
744 4125 881 4196 prosapies
892 4120 1183 4194 ΘεογνώστουἈλεξαν
1201 4124 1271 4195 pleae

60 4203 251 4267 tiopxoposnerit.
287 4202 316 4249 Et
335 4203 357 4248 in
378 4203 438 4248 line:
456 4193 486 4247 ἒν
504 4191 631 4262 δὲτῴὲβ-
660 4238 665 4259 2
731 4193 876 4261 ,tlnyproxi
894 4189 1088 4248 inscendam.
1126 4198 1269 4245 Lectaesunt

61 4261 137 4334 δόμῳ,
167 4262 199 4317 i'r
224 4263 269 4316 καὶ
288 4263 349 4334 περὶ
368 4267 435 4315 θεοῦ
454 4262 634 4331 δημιουργίας
718 4266 822 4327 rogationi
846 4268 997 4315 Alexandrini
1027 4268 1147 4314 tlnrtiones
1175 4268 1266 4323 septem,

58 4329 208 4404 ἐπιγράφει,
234 4329 428 4397 εὗσεβέσιερόν
444 4347 502 4386 πως
525 4329 589 4398 ntpr'
605 4347 633 4380 rs
685 4336 750 4383 citius
762 4334 842 4397 Operis
860 4336 915 4382 boec
933 4339 965 4381 est
984 4333 1103 4394 inscriptio
1110 4347 1119 4389 ;
1137 4329 1201 4377 Beati
1213 4329 1269 4375 Tbe-

59 4403 104 4450 nir
119 4400 208 4453 ἄλλων
226 4395 425 4467 διαλαμβάνει,
451 4397 496 4448 καὶ
512 4394 634 4466 μάλιστα
685 4403 776 4462 opnoslt'
796 4402 947 4450 Alexandrini
971 4407 991 4448 et
1015 4398 1147 4461 lnlerpretc's
1164 4395 1268 4457 lippata·

58 4468 112 4536 πρὸς
127 4473 166 4540 ις’
184 4468 254 4522 τέλει
272 4469 323 4519 τοῦ
339 4462 426 4534 λόγου
434 4463 495 4536 περὶ
503 4467 553 4517 τοῦ
562 4460 632 4517 υἱοῦ.
681 4483 759 4531 possa.

78 4559 198 4606 tmsxsu
209 4569 264 4604 oss.
272 4568 345 4604 sess.
360 4566 411 4600 ssa.
1048 4547 1063 4597 5
