2948 5092
198 256 263 320 204
598 269 625 315 s.
640 269 794 315 ιτσιιιιειι
808 269 1032 315 nummum

115 439 190 486 ιλιι.
198 443 255 487 νον
277 415 463 505 ’ὑπολάβοι
484 417 524 484 τὸ
544 422 695 504 γέννημα,
718 417 821 484 πάλιν
842 415 900 504 τήν
923 410 1039 483 οάσίαν
1061 411 1161 483 αὐτοῦ
1184 421 1353 502 σημαίνων
1370 417 1427 483 λό-

198 544 256 608 γον
279 514 379 586 αὐτὸν
401 514 561 587 εἶναικαὶ
584 526 708 639 σοφίαν
729 517 785 585 καὶ
806 512 1009 639 ἀπαήγασμά
1031 541 1144 606 φησιν.
1175 517 1265 585 ἐκ
1230 542 1291 605 γαρ
1308 519 1427 585 τοῦτον

200 621 257 691 καὶ
282 621 321 688 τὸ
350 616 486 699 ἀπαθὲς
506 623 564 706 τής
585 619 765 722 γεννήσεως
786 622 840 687 καὶ
861 619 900 686 τὸ
923 614 1033 686 ἀΐδιον
1054 622 1108 686 καὶ
1130 622 1177 705 τῷ
1200 624 1272 706 θεῷ
1294 626 1427 706 πρέπον

201 723 414 811 λογιζόμεθα.
459 732 560 789 ποῖον
583 723 641 788 οὖν
662 716 820 799 πάθος
799 748 818 806 η
842 730 943 788 ποῖον
965 721 1102 807 μέρος’
1088 723 1157 788 εστὶ
1179 725 1238 788 τοῦ
1264 717 1428 808 πατρὸςό

117 844 193 890 m
204 825 300 912 λόγος
333 820 435 892 ual‘
416 851 436 911 η
470 829 575 912 σοφία
603 820 659 889 καὶ
688 824 727 888 τὸ
757 817 980 908 ἀπαόγασμας
1013 825 1188 890 καιτσῦτο
1212 823 1428 890 δυνατόνκαὶ

204 922 323 1006 αότοὺς
350 925 427 1005 τοὺς
455 923 604 1013 ἄφρονας
632 929 767 1008 μαθεῖν.
813 921 858 1003 ῶς
885 923 947 1009 γὰρ
974 928 1134 1009 γυναικῶν
1157 924 1328 992 ἐπύθοντο
1351 929 1429 1011 περὶ

203 1030 292 1108 οἱοῦ,
316 1024 442 1106 1ὀὕτως
463 1026 519 1093 καὶ
541 1024 662 1111 ἀνδρας
684 1024 945 1111 ἐπερωτάτωσαν
967 1030 1045 1111 περὶ
1067 1029 1126 1092 τοῦ
1149 1026 1264 1113 λόγου,
1287 1027 1345 1093 ἵνα
1366 1027 1431 1112 μά-

203 1138 329 1211 θωσιν,
352 1125 407 1196 ὅτι
428 1126 504 1205 οῦτε
525 1126 642 1206 πάθος
663 1121 771 1194 αῦτῶν
793 1124 870 1194 οῦτε
889 1132 989 1212 μέρος
1010 1127 1080 1195 ἐστὶ
1102 1130 1161 1194 τοῦ
1183 1131 1241 1196 νοῦ
1263 1127 1390 1195 τούτων
1413 1124 1431 1194 5

204 1232 314 1319 λόγος,
346 1230 383 1298 ὃν
411 1236 649 1317 προφέρονται.
694 1229 724 1296 εί
753 1229 789 1296 δέ
810 1232 876 1295 τῶν
899 1224 1090 1315 ἀνθρώπων
1112 1236 1168 1296 καί
1188 1254 1243 1296 τοι
1264 1233 1432 1317 παθητῶν

205 1331 309 1402 όντων
331 1336 384 1400 καί
407 1334 570 1417 μεριστῶν
593 1328 698 1398 όντων
718 1334 871 1409 τοιοῦτος
893 1326 911 1396 5
934 1330 1038 1416 λόγος,
1063 1328 1154 1397 διατί
1174 1333 1251 1417 περὶ
1268 1335 1327 1397 τοῦ
1343 1326 1433 1398 ἀσω·

204 1435 310 1522 μάτου
339 1437 393 1500 καὶ
417 1429 595 1519 ἀμερίστου
617 1436 701 1500 θεοῦ
724 1433 821 1519 πάθη
843 1434 897 1499 καὶ
920 1437 1001 1519 μέρη
1025 1429 1224 1518 λογίζονται,
1255 1433 1312 1499 ἵνα
1332 1437 1432 1499 τοῦτο

205 1534 490 1622 πρσςποιοόμενσι
522 1535 625 1619 δῆθεν
659 1530 880 1619 εὐλαβεῖσθαι
910 1528 1118 1621 ἀρνήσωνται
1148 1533 1206 1622 τήν
1239 1530 1351 1622 ἀληθή
1378 1538 1433 1601 καὶ

206 1636 305 1726 φύσει
332 1642 481 1723 γέννησιν
509 1639 568 1703 τοῦ
597 1636 690 1719 2505,-
723 1634 779 1702 καὶ
808 1632 862 1702 ότι
883 1637 959 1720 ομέν
986 1635 1024 1702 τὸ
1049 1636 1083 1702 ἔκ
1104 1638 1162 1702 τοῦ
1185 1640 1269 1703 θεοῦ
1290 1642 1434 1723 γέννημα

207 1733 264 1805 οάκ
282 1738 354 1805 ἔστι
375 1736 500 1817 πάθος,
526 1738 644 1817 ἱκανῶς
666 1737 723 1804 διὰ
744 1739 812 1804 τῶν
834 1738 1028 1823 ἔμπροσθεν
1050 1733 1302 1816 ἀποδέδεικται,
1328 1738 1436 1804 δέδει-

204 1866 279 1906 κται
302 1841 337 1906 δὲ
359 1838 416 1907 καὶ
438 1839 508 1926 ἰδέᾳ
530 1842 587 1906 νῦν
610 1835 628 1906 5
648 1838 748 1927 ’λόγος
770 1836 808 1905 οῦ
830 1837 913 1906 κατὰ
935 1839 1051 1918 πάθος
1072 1839 1280 1925 γεννώμενος.
1318 1834 1436 1906 ἀκουέ-

204 1964 315 2008 τωσαν
339 1942 374 2007 δὲ
396 1944 450 2006 καὶ
472 1940 552 2028 περὶ
571 1945 631 2030 τής
653 1948 776 2029 σοφίας
797 1938 858 2007 ίτά
879 1936 970 2007 αότά.
1003 1937 1060 2008 οάκ
1083 1940 1172 2009 ἔστιν
1188 1937 1233 2019 ῶς
1248 1939 1435 2026 ἀνθρωπσς

206 2038 224 2108 ό
248 2043 336 2121 θεός.
367 2041 411 2128 μή
435 2037 651 2128 ἀνθρώπινον
674 2043 959 2130 φανταζέσθωσαν
981 2046 1032 2108 καί
1055 2043 1089 2109 ἒν
1103 2042 1209 2128 τούτῳ
1225 2046 1302 2128 περὶ
1321 2038 1433 2108 αὐτοῦ.

205 2144 342 2231 καὶγὰρ
364 2148 431 2210 τῶν
453 2139 647 2231 ἀνθρώπων
669 2142 772 2210 πάλιν
795 2145 948 2210 δεκτικῶν
965 2152 1088 2231 σοφίας
1102 2144 1291 2230 γεγονότων,
1317 2140 1435 2221 όθεὸς

207 2239 339 2323 οὐδενὸς
360 2251 503 2328 μετέχων
526 2240 626 2324 αὐτὸς
646 2249 704 2331 τῆς
727 2245 844 2311 ἑαυτοῦ
868 2252 990 2332 σοφίας
1011 2245 1122 2331 πατήρ
1146 2246 1244 2325 ἔστιν,
1267 2235 1307 2333 ἧς
1329 2245 1362 2310 οἱ
1376 2270 1436 2328 με·

206 2351 353 2428 τέχοντες
381 2347 527 2414 εἰώθασι
555 2347 657 2433 σοφοὶ
686 2347 881 2413 καλεῖσθαι·
911 2347 967 2413 καὶ
996 2347 1068 2414 έστι
1089 2350 1143 2413 καί
1166 2342 1263 2434 οαὐτή
1286 2343 1305 2433 ή
1329 2354 1437 2433 σοφία

207 2440 245 2512 οὗ
267 2447 383 2526 πάθος
405 2443 482 2515 οὐδὲ
502 2454 610 2533 μέρος,
635 2444 719 2516 ἀλλὰ
740 2454 881 2535 γέννημα
903 2448 991 2515 ἰ’διον
1012 2453 1070 2514 τοῦ
1092 2448 1229 2534 πατρός,
1265 2447 1322 2515 διὰ
1336 2452 1435 2513 τοῦτο

208 2543 258 2616 ἀεὶ
282 2549 401 2636 πατήρ,
422 2553 476 2615 καί
499 2544 556 2615 οῦκ
579 2549 748 2634 ἐπιγέγονε
769 2551 816 2635 τῷ
839 2553 911 2635 θεηῦ
933 2549 973 2615 τὸ
996 2550 1115 2637 πατήρ,
1140 2552 1195 2616 ἵνα
1217 2549 1261 2636 μή
1283 2552 1337 2616 καὶ
1362 2574 1436 2634 τρε-

207 2650 292 2729 πτὸς
321 2646 406 2718 εἶναι
433 2655 590 2738 νομισθή.
637 2651 666 2718 εἰ
693 2651 754 2736 γάρ
777 2650 876 2717 καλὸν
898 2650 951 2716 ¹55
974 2647 1059 2718 εἶναι
1082 2647 1181 2718 αότὸν
1203 2657 1347 2737 πατέρα,
1379 2645 1453 2716 σῦκ’

208 2747 258 2820 ἀεὶ
283 2753 319 2819 δέ
340 2743 380 2841 ήν
401 2752 521 2840 πατήρ,
545 2748 603 2819 οὐκ
625 2747 676 2819 ἀεὶ
700 2751 765 2838 ἀρα
786 2751 825 2817 τό
848 2752 946 2818 καλὸν
968 2743 1007 2839 ήν
1031 2753 1064 2819 ἓν
1087 2749 1185 2839 αὐτῷ.

293 2860 343 2921 29.
386 2849 473 2921 Ἀλλ’
499 2855 581 2934 ίδοό,
607 2862 700 2941 φασί,
724 2854 779 2921 καί
801 2850 852 2921 ἀεὶ
874 2855 1015 2942 ποιητής
1038 2855 1128 2920 ἔστιν
1151 2850 1169 2919 5
1192 2853 1282 2931 θεός,
1306 2856 1360 2918 καί
1378 2847 1437 2917 οῦκ

208 2954 395 3041 έπιγέγονεν
417 2951 507 3041 αὐτῷ
528 2958 587 3021 τοῦ
610 2957 819 3046 δημιουργεῖν
840 2952 859 3042 ἡ
883 2955 1028 3039 δόναμις,
1054 2946 1102 3041 ἀρ’
1121 2945 1178 3021 οῦν
1201 2953 1317 3043 ἐπειδή
1340 2955 1438 3038 δημι-

209 3057 325 3142 ουργός
347 3057 456 3135 ἐστιν,
492 3052 586 3124 ἀΐδιά
608 3057 680 3124 ἐστι
701 3060 755 3122 καί
778 3056 820 3123 τά
841 3057 1030 3142 ποιήματα,
1063 3055 1119 3123 καὶ
1141 3052 1179 3122 οὐ
1203 3063 1305 3140 θέμις
1328 3056 1437 3122 εἰπεῖν

208 3153 285 3223 οῦδὲ
307 3159 363 3223 ἐπὶ
386 3158 529 3223 τούτων·
553 3152 610 3223 οῦκ
632 3148 671 3244 ήν
694 3161 773 3244 πρὶν
795 3173 808 3210 ⁸
815 3162 939 3246 γεννηθῇ
947 3187 957 3240 ,·
990 3156 1133 3246 ἀφρονες
1148 3153 1369 3242 οἷἈρειανοί.
1404 3162 1439 3220 τί

207 3258 269 3344 γὰρ
300 3254 422 3342 όμοιον
444 3259 516 3336 υίὸς
543 3260 597 3324 καὶ
625 3265 770 3343 ποίημα,
805 3260 861 3325 ἵνα
882 3260 924 3326 τὰ
946 3260 1004 3326 ἐπὶ
1025 3263 1084 3325 τοῦ
1107 3259 1235 3347 πατρὸς
1255 3261 1361 3324 ταῦτα
1383 3259 1440 3323 καί

209 3358 266 3427 ἐπὶ
288 3363 354 3426 τῶν
377 3359 604 3447 ΙΙδημιουργῶν
626 3361 768 3442 είπωσι,·
801 3364 877 3440 πῶς
899 3362 935 3429 δέ
956 3360 1120 3446 τοσαύτης
1135 3361 1301 3448 διαφοράς
1316 3359 1351 3425 έν
1366 3369 1440 3436 τοῖς

210 3460 404 3547 ἔμπροσθεν
438 3461 626 3548 δειχθείσης
657 3460 857 3547 γεννήματος
888 3464 943 3529 καὶ
975 3461 1164 3548 ποιήματος
1192 3462 1371 3546 ἐμμένουσι
1398 3463 1438 3546 τῇ

210 3555 361 3649 ἀμαθία,Ι
393 3561 497 3629 πάλιν
520 3552 637 3628 οὖντὸ
660 3558 741 3629 αὐτὸ
763 3565 908 3631 λεκτέον·
930 3564 969 3630 τὸ
991 3570 1121 3650 ποίημα
1143 3565 1269 3643 ἔξωθεν
1283 3565 1342 3628 τοῦ
1359 3584 1441 3627 ποι-

209 3663 325 3742 οῦντός
347 3664 446 3743 έστιν,
471 3661 580 3750 ῶςπερ
604 3665 748 3752 εἴρηται,
773 3660 792 3730 ό
815 3665 852 3732 δὲ
873 3663 945 3743 υἱὸς
968 3666 1055 3731 ἰ’διον
1077 3669 1135 3752 τής
1159 3659 1275 3742 οῦσίας
1296 3661 1440 3749 γέννημά

210 3762 296 3831 ἔστι·
327 3764 455 3832 διὸκαὶ
478 3764 517 3831 τὸ
538 3768 599 3851 μὲν
620 3773 750 3855 ποίημα
773 3761 831 3832 οῦκ
853 3760 974 3853 ἀνάγκη
998 3761 1049 3833 ἀεὶ
1073 3759 1174 3845 εἶναι,
1200 3761 1255 3832 ὅτε
1275 3764 1337 3851 γάρ
1359 3762 1440 3849 βοῦ-

209 3865 300 3932 λεται
324 3861 342 3930 ό
366 3865 563 3953 δημιουργὸς
585 3866 762 3954 ἐργάζεται,
785 3867 824 3933 τὸ
847 3867 884 3934 δὲ
905 3872 1046 3954 γέννημα
1069 3860 1107 3933 οὖ
1129 3865 1288 3953 βουλήσει
1302 3861 1441 3933 ῦπόκει-

244 4023 426 4083 αὸιςιιοιιεσ.
445 4016 574 4090 ἀπολάβη.
849 4021 924 4071 θεοῦ.
960 4023 1057 4073 ίὶοῦιει.
1082 4031 1106 4072 ιι
1124 4022 1229 4073 ῖειαίιι.
1246 4023 1268 4071 ι.
1293 4015 1340 4071 ότι
1361 4014 1394 4070 τὸ
1413 4013 1441 4069 έν

849 4088 925 4138 θεοῦ,
960 4089 1022 4140 adiu
1040 4082 1083 4139 ότι
1099 4083 1153 4156 μέν
1170 4084 1202 4138 τὸ
1219 4080 1249 4138 έν
1264 4086 1342 4143 θεοῦ.

884 4158 907 4207 d.
927 4157 968 4207 Sic
984 4157 1085 4219 Seguer.
1099 4158 1197 4209 Gobler.
1216 4157 1354 4207 ιιιιιιιισι.
1368 4158 1391 4206 ι.
1415 4159 1444 4206 ιι

849 4225 922 4276 Βιειι.
945 4224 1038 4303 λσςιίσ.
1062 4227 1119 4289 fleg.
1142 4233 1167 4275 αι
1183 4225 1327 4276 wem.
1345 4223 1442 4273 ταῦτα.

849 4294 911 4343 Ειιιιι
938 4284 1032 4342 ιαοτά
1066 4292 1120 4343 Mox
1144 4293 1244 4371 Segner.
1266 4286 1305 4358 μή
1331 4282 1444 4359 hw-

148 4182 151 4189 Ι
242 4122 265 4171 b.
285 4125 385 4185 Seguer.
403 4116 490 4176 οὕτως
506 4115 799 4191 ἀνδραςέρωτησάτιι-

209 4199 270 4239 σαν.
305 4192 357 4240 Mox
376 4194 476 4253 δεήσει.
500 4199 524 4241 ιι
548 4192 605 4254 fleg
631 4186 699 4242 νῦιε.
737 4192 797 4241 ibid.

209 4256 315 4336 δεήσει.
328 4258 426 4309 ὓοιιιω,
446 4267 469 4308 ιι
486 4259 592 4308 Felckm.
605 4259 626 4309 ι.
644 4257 735 4313 πάθος
752 4249 798 4307 55-

209 4316 797 4459 555255055552155505v18mmm!
848 4355 943 4413 πίνως
978 4362 1035 4422 fleg
1054 4352 1093 4425 μή
1103 4350 1286 4439 5739053‘„

883 4442 904 4477 ο.
924 4427 1063 4478 ιἰΙελιομῦ
1082 4417 1158 4487 αῦτη.

243 4507 263 4541 ι.
282 4493 339 4556 Rea·
357 4502 383 4545 ιι
399 4496 497 4558 θυμω.
515 4484 560 4542 ὅτι
580 4489 635 4560 μὲν
651 4487 683 4542 τό
700 4484 730 4543 έκ
747 4492 796 4543 τοῦ
882 4496 901 4547 ι.
917 4495 959 4546 Sic
974 4494 1075 4559 δεεσσε.
1094 4502 1118 4546 ιι
1134 4442 1193 4558 λιες.
1220 4489 1382 4549 Εδίιικαλδν
1397 4489 1443 4544 καλ
