2948 5092
468 229 1003 291 mnnounssnarnnrnnronrsu.
1265 211 1347 283 '103

126 386 225 465 deque
246 382 292 446 roi
314 381 502 457 aunonms,
524 390 558 443 ut
578 399 595 442 n
616 380 715 459 pravis
737 380 929 460 opinionibus
953 379 1106 445 desistant.
1151 383 1266 457 Quibus
1288 386 1435 448 mi-rnao

124 487 196 549 nime
218 482 440 548 desistentibus
463 484 523 545 imo
544 481 746 562 impudentius
768 482 799 543 in
821 481 972 563 impietate
994 485 1269 565 perseverantibus,
1292 506 1348 550 ne·
1446 482 1451 487 ’

123 586 258 650 censitae
289 585 397 666 pulsus
431 592 495 659 est,
528 602 632 646 eorum
659 583 870 663 impudentiam
898 584 954 646 bac
981 603 1034 647 sua
1062 584 1189 664 epistola
1210 605 1351 652 coercere

121 689 306 768 humanaque
334 685 500 749 Salvatoris
529 703 566 746 ex
595 683 762 763 Evangeliis
790 703 955 765 exponere,
986 693 1020 748 ut
1045 704 1112 748 cum
1132 667 1280 750 ‘audacius
1308 687 1350 751 illi

120 789 223 850 lilium
252 795 398 866 negarent
426 794 457 850 et
482 786 611 848 bumana
639 785 703 847 eine
725 786 805 879 Patri
833 786 1052 860 adscriberent,
1081 788 1244 850 ostendens
1271 789 1350 869 ipse,

120 909 177 952 non
204 889 328 950 Patrem
361 888 415 949 sed
443 887 550 950 Filium
577 905 633 967 pro
663 885 751 949 nobis
780 886 932 949 bominem
953 888 1061 950 tactum
1084 907 1168 962 esse,
1201 889 1349 970 imperitis

119 990 174 1052 illis
202 988 416 1069 persuaderet,
444 989 563 1051 Patrem
590 1007 652 1049 nou
678 1005 745 1049 esse
766 987 890 1062 Filium,
920 1008 1016 1069 eoque
1044 998 1130 1068 pacto
1152 990 1289 1053 homiues
1311 990 1349 1054 ed

119 1111 217 1154 reram
240 1090 308 1152 Filii
336 1089 478 1152 deitatem
505 1089 681 1152 credendam
709 1096 739 1150 et
759 1088 796 1151 ad
817 1089 914 1151 Patris
938 1090 1137 1169 cognitionem
1160 1092 1273 1153 sensim
1295 1107 1434 1154 re·r.2n.

119 1193 252 1256 ducem
296 1191 363 1252 lloc
389 1199 437 1252 est
464 1190 608 1271 epistolae
635 1197 855 1269 argumentum,
888 1190 962 1253 baec
987 1191 1052 1252 viro
1080 1210 1169 1254 causa
1197 1192 1253 1254 tuit
1280 1193 1349 1256 talia

119 1291 287 1365 sorbonn,
317 1309 422 1353 eorum
445 1310 552 1372 nempe
574 1290 746 1365 occasione,
773 1290 822 1372 qui
847 1300 904 1354 tam
927 1292 1115 1372 impudenter
1136 1293 1274 1355 volebant
1295 1313 1347 1357 ve·

119 1414 180 1457 mm
201 1395 364 1456 immotam
385 1391 484 1454 tidem.

202 1698 235 1760 6.
280 1694 361 1768 Quid
382 1695 471 1776 igitur
492 1692 693 1755 similitudinis
715 1693 826 1755 babent
839 1694 900 1756 Arii
921 1695 1055 1757 haeresis
1075 1703 1105 1758 et
1128 1694 1261 1775 Dionysii
1276 1715 1348 1759 scn-

121 1794 237 1859 tentia?
271 1795 317 1856 vel
350 1815 440 1877 quare
468 1794 630 1874 Dionysius
658 1803 692 1855 ut
721 1792 809 1855 brius
843 1794 963 1871 citatur,
994 1804 1073 1858 tanta
1107 1816 1174 1861 cum
1201 1798 1242 1860 sit
1273 1798 1351 1862 inter

121 1908 279 1976 utrumque
308 1894 529 1977 discrepantia?
582 1895 634 1957 lile
668 1913 795 1975 namque
830 1894 996 1960 Catholicae
1027 1897 1177 1962 Ecclesiae
1208 1899 1352 1978 magister

122 2008 175 2073 est,
196 1997 247 2060 bic
268 2016 364 2059 norae
386 1998 520 2060 haeresis
541 1996 679 2059 inventor
701 1996 804 2059 extitit.
847 1998 936 2060 'Certe
957 1998 1046 2061 Arius
1068 2018 1175 2079 prame
1198 2019 1269 2062 snae
1291 2000 1349 2062 do·

122 2100 230 2162 urinae
251 2099 446 2180 exponendae
468 2116 556 2160 causa
578 2097 710 2160 Thaliam
739 2099 919 2179 conscripsit
945 2099 1122 2162 effeminatis
1152 2119 1187 2162 ac
1215 2100 1349 2165 ridiculis

121 2201 234 2275 modis,
266 2199 440 2282 Aegyptium
468 2218 576 2280 nempe
597 2199 738 2261 Sotadem
759 2199 899 2262 imitatus.
943 2201 981 2262 tt
1002 2201 1161 2281 Dionysius
1184 2201 1256 2263 alias
1279 2202 1347 2281 quis

122 2303 187 2365 dem
207 2302 331 2382 scripsit
351 2301 505 2382 epistolas,
527 2301 582 2364 sed
604 2299 711 2380 quibus
733 2299 856 2361 iniectas
880 2301 1068 2380 suspiciones
1085 2301 1207 2376 levaret,
1230 2323 1264 2366 ac
1278 2320 1348 2366 eum

122 2413 198 2466 recte
219 2403 333 2466 sondro
355 2411 539 2482 compertum
561 2410 617 2464 est
662 2401 720 2474 Qui
749 2401 776 2463 si
804 2419 905 2462 secum
927 2402 957 2464 in
980 2403 1100 2483 scriptis
1123 2403 1187 2465 suis
1209 2403 1346 2480 (desidet,

125 2524 160 2566 ne
180 2505 299 2566 trabant
326 2522 394 2565 eum
423 2504 458 2565 ad
487 2503 535 2565 sui
558 2502 758 2575 consortium,
792 2520 888 2581 neque
922 2504 1000 2564 enim
1031 2505 1086 2566 bac
1118 2505 1149 2565 in
1177 2512 1262 2584 parte
1288 2504 1348 2567 tide

124 2605 225 2685 dignus
248 2605 315 2667 erit.
361 2604 414 2666 Sin
443 2624 509 2665 curn
537 2603 710 2683 scripsisset
737 2603 772 2665 ad
795 2603 983 2665 Ammonium
1015 2603 1170 2683 epistolam
1192 2604 1223 2665 in
1246 2602 1348 2683 suspi÷

125 2707 294 2785 cionemque
323 2706 469 2779 venisset,
497 2706 604 2768 deinde
631 2705 710 2766 illius
739 2704 878 2765 levandae
900 2723 989 2766 causa
1011 2724 1078 2766 sese
1101 2703 1285 2784 purgaverit,
1315 2721 1350 2765 ac

125 2816 186 2885 post
207 2806 412 2868 defensionem
434 2806 610 2869 senteutiam
633 2824 695 2866 non
716 2806 851 2879 mutarit,
880 2805 975 2885 palam
998 2813 1045 2866 est
1066 2804 1162 2878 illum,
1196 2822 1271 2881 quae
1294 2822 1348 2865 su·

125 2917 219 2986 specta
240 2908 335 2982 luere,
358 2925 413 2987 per
434 2908 579 2987 quandam
601 2907 856 2985 dispensationem
879 2905 1115 2984 conscripsisse;
1143 2904 1253 2982 scripta
1276 2921 1347 2967 vero

126 3027 154 3068 ac
173 3016 276 3087 geste,
297 3027 373 3087 quae
396 3008 432 3069 ad
459 3009 647 3088 negotiorum
669 3006 816 3068 rationem
839 3017 909 3068 sunt
931 3006 1119 3087 dispensate,
1147 3024 1209 3067 non
1232 3012 1350 3084 oportet

126 3110 245 3189 maligne
267 3109 467 3188 interpretari,
489 3117 538 3171 aut
560 3110 597 3171 ad
619 3128 703 3171 suam
725 3126 872 3187 quemque
885 3106 1038 3169 libidinem
1053 3107 1241 3186 detorquere.
1274 3105 1350 3167 Nam

126 3211 251 3273 medicus
274 3210 449 3291 plerumque
471 3230 504 3272 ea
526 3209 676 3282 remedia,
700 3227 774 3288 quae
796 3207 943 3288 aliquibus
965 3226 1095 3287 congrua
1116 3226 1178 3268 non
1199 3206 1347 3281 videntur,

126 3312 296 3390 quibusdam
321 3311 500 3385 vulneribus,
523 3319 556 3373 ut
577 3317 810 3373 consentaneum
826 3327 895 3370 esse
915 3307 1009 3382 norit,
1031 3307 1161 3382 adhibet,
1184 3325 1244 3369 non
1260 3306 1350 3369 alium

125 3432 206 3491 mem
229 3413 351 3475 curandi
373 3432 497 3493 scopum
520 3411 644 3474 babens.
680 3409 840 3473 Prudentis
855 3408 957 3471 itidem
973 3409 1177 3489 praeceptoris
1200 3414 1257 3482 est,
1280 3425 1348 3468 om·

124 3515 168 3575 nia
189 3514 226 3576 ad
248 3514 461 3594 discipulorum
484 3513 635 3593 ingenium
657 3521 823 3592 temperare
838 3510 1015 3590 docereque,
1039 3510 1134 3571 donec
1149 3527 1202 3572 eos
1224 3507 1260 3570 ad
1275 3525 1348 3587 per·

124 3615 257 3678 lectionis
280 3614 357 3677 viam
374 3615 550 3677 traduxerit.

206 3720 236 3780 7.
281 3717 369 3791 Quod
391 3716 418 3776 si
440 3736 476 3777 eo
497 3716 595 3778 solum
618 3713 738 3776 nomine
759 3713 862 3775 beatae
884 3712 1046 3773 memoriae
1068 3709 1162 3772 virum
1186 3708 1347 3771 criminan-

125 3903 226 3954 ielcbm.
247 3919 303 3953 roro
324 3902 348 3952 3.
367 3915 440 3951 onon.
466 3893 572 3970 ἔγραψε
589 3895 652 3948 λίαν
668 3891 707 3948 ἐκ·
794 3899 918 3951 bicinis.
938 3898 962 3949 3.
980 3913 1053 3948 onon.
1068 3889 1222 3962 Ἀμμωνᾶν.

124 3967 312 4038 τεθηλυμένοις
327 3963 374 4018 καὶ
390 3963 507 4033 γελοίοις
524 3962 628 4017 ἄνθεσι.
660 3963 707 4032 [lte
795 3968 810 4016 i.
836 3966 904 4016 Colb.
936 3975 959 4016 et
982 3967 1021 4016 Fr.
1040 3966 1057 4014 Ι.
1089 3960 1198 4029 τρέπειν
1224 3954 1348 4012 ἕκαστον.

125 4053 148 4088 re
164 4042 201 4090 rd.
220 4055 294 4105 supro
313 4054 338 4104 p.
349 4037 391 4088 to.
412 4052 434 4088 n.
453 4033 490 4104 b]
760 4034 821 4084 idox.
832 4035 911 4084 Felcl.
924 4033 948 4085 3.
967 4048 1039 4083 cnon.
1054 4027 1190 4080 δοκοῦντα
1206 4017 1279 4080 εἶναι’
1291 4041 1349 4079 τισι

155 4123 178 4170 g.
202 4109 259 4172 lieg.
287 4115 314 4157 et
344 4105 402 4159 edit
427 4103 545 4155 Commel.
563 4095 707 4162 Σωσάτην.
760 4092 930 4161 &armata
948 4102 1032 4152 eedem
1050 4101 1150 4151 omuino
1167 4098 1295 4150 sententis.

124 4174 164 4224 liii
187 4192 239 4226 oum
272 4176 332 4225 edit.
359 4173 435 4224 Pario.
460 4163 603 4230 Σωτάδην.
641 4170 706 4248 ibid.
794 4171 876 4221 uste
893 4171 953 4247 fleg,
968 4168 1067 4248 slau'rin.
1086 4167 1155 4218 colb.
1174 4167 1221 4246 leo.
1240 4164 1346 4277 iglclrm.

123 4232 710 4385 {tr,terebraretitur.
761 4237 785 4288 ³·
796 4238 972 4355 ,eruut
980 4243 1156 4380 ‚rueret
1171 4242 1347 4379 rotun:

122 4391 163 4426 wo
195 4373 210 4429 ι’
229 4366 280 4444 uir,
301 4380 344 4430 nbi
364 4376 406 4427 alii
424 4391 478 4428 cnm
497 4377 568 4426 editis
584 4367 631 4423 καὶ
647 4367 710 4439 περὶ
762 4373 837 4424 Paulo
856 4381 912 4437 post
931 4373 993 4422 idem
1019 4361 1083 4419 κατ’
1105 4382 1189 4417 nosco
1205 4377 1347 4432 yoyorooc.

125 4429 160 4495 oie
761 4441 791 4492 lit
809 4442 848 4492 bic
866 4441 946 4491 delicit
964 4440 1040 4490 codex
1058 4440 1111 4489 iste.
