2948 5092
441 269 586 313 urrerem
599 271 636 314 rr.
652 272 689 314 an
707 271 903 317 emissenus.
1230 263 1288 330 781

60 433 153 488 ctum.
196 423 304 483 Verum
327 439 385 481 non
411 430 456 481 sat
478 421 536 482 illis
558 421 632 494 luit,
655 421 710 482 sed
731 440 851 482 rursum
874 423 1060 502 impudenter
1081 446 1150 489 sese
1172 441 1373 508 geruntnm.

58 535 95 588 ut
117 526 188 586 hinc
208 524 302 603 palam
325 522 446 594 laciam,
477 541 510 583 se
533 522 710 584 exuciutos
732 523 769 583 ad
784 525 980 611 pugnandum
1011 547 1077 590 cum
1093 529 1196 591 'Verbo
1220 541 1287 594 tan-

58 628 189 706 demque
211 625 352 704 Spiritum
375 632 508 684 sanctum
531 633 736 703 oppugnantes
758 625 839 685 breri
863 627 927 687 lore
949 627 1118 708 insipientia
1134 650 1188 692 sua
1203 651 1287 694 mor-

58 739 142 790 tuos.
188 728 323 787 Profecto
346 725 434 786 etiam
457 725 482 786 si
505 724 571 804 quis
594 725 630 786 ad
653 724 822 786 huiusmodi
845 745 949 788 eorum
971 728 1219 810 interrogationes
1234 751 1286 794 rc-

57 829 223 911 spoudeat,
255 827 348 888 nihilo
375 826 473 887 minus
502 826 586 887 malis
617 827 817 905 excogitandis
847 828 1031 901 incumbent,
1061 851 1097 893 eo
1124 834 1222 895 solum
1254 844 1287 900 ut

57 939 239 1011 quaerentes
268 948 327 989 non
357 929 521 1001 inveniant,
554 928 599 989 vel
627 927 780 990 audientes
809 948 869 990 non
897 930 1068 1011 intelligant.
1113 935 1286 997 Cuiusmodi

55 1050 154 1114 porro
183 1039 253 1092 sunt
280 1030 400 1091 callidae
428 1030 561 1108 ipsorum
591 1029 863 1108 interrogationes?
913 1033 973 1105 „Si
1002 1034 1131 1112 Spiritus
1164 1045 1370 1109 sanctuspsar.

57 1151 151 1207 „nou
173 1131 213 1193 sit
234 1139 377 1203 creatura,
400 1149 481 1208 ergo,
504 1129 594 1202 aiunt,
617 1130 694 1192 lilius
717 1141 779 1205 est,
803 1141 833 1194 et
854 1134 960 1195 iratres
983 1135 1041 1196 duo
1064 1145 1136 1198 sunt
1157 1137 1284 1200 Verbum
1414 1121 1427 1135 ⁴

57 1243 176 1314 „atque
197 1233 295 1313 ipse.“
339 1233 445 1292 Postea
468 1231 664 1303 subsumunt,
692 1241 725 1292 ut
746 1233 869 1294 scribis:
899 1233 952 1307 „Si
975 1234 1103 1315 Spiritus
1126 1248 1285 1301 sanctusa

56 1336 164 1410 „Filio
186 1335 319 1415 accipiet,
342 1344 372 1395 et
393 1333 429 1394 ab
453 1334 519 1411 ipso
541 1334 628 1394 datur
649 1333 701 1409 (ita
721 1333 801 1395 euim
817 1334 960 1415 scriptum
976 1346 1073 1413 est);“
1097 1349 1127 1401 et
1147 1343 1287 1419 protinus

54 1439 204 1499 inierunt:
229 1454 320 1513 „ergo
344 1454 413 1495 avus
439 1443 486 1495 est
507 1435 603 1506 Pater,
627 1443 657 1495 et
678 1453 773 1514 nepos
795 1436 861 1499 eius
884 1445 930 1497 est
952 1436 1115 1516 Spiritus.“

142 1541 174 1602 ι.
219 1537 292 1610 Quis
322 1537 394 1597 haec
421 1535 546 1596 audiens
568 1535 754 1597 Christianos
787 1546 817 1598 et
839 1556 898 1599 non
927 1539 1028 1617 potius
1055 1558 1188 1620 paganos
1218 1543 1284 1605 illos

54 1636 264 1703 existimabit?
315 1638 388 1698 Nam
410 1637 478 1698 talia
500 1639 604 1716 pagani
628 1637 785 1699 adversum
814 1657 870 1698 uos
900 1640 977 1702 inter
1010 1660 1044 1702 se
1066 1642 1283 1722 colloquuntur.

54 1743 135 1817 Quis
156 1740 235 1802 volet
256 1739 292 1800 ad
314 1738 462 1800 eiusmodi
483 1739 601 1800 illorum
624 1738 769 1801 insmiam
784 1740 993 1819 responderat
1021 1744 1090 1804 ldihi
1107 1762 1178 1804 saue
1194 1744 1285 1805 multa

52 1861 174 1907 nerum
194 1841 342 1920 reputanti
373 1859 407 1900 ac
435 1840 585 1918 quaerenti
616 1851 828 1919 congruentem
856 1840 913 1904 illis
943 1845 1172 1921 responsionem
1205 1843 1285 1906 nulla

53 1944 187 2009 eemrrit
207 1952 325 2022 praeter
346 1941 434 2014 illam,
461 1960 535 2020 quae
558 1950 628 2003 tunc
649 1941 817 2004 Pharisaeis
838 1942 905 2004 data
927 1952 982 2006 est
1028 1946 1284 2020 Quemadmodum

53 2046 137 2110 euim
159 2063 212 2105 eos
235 2043 312 2104 malo
328 2043 426 2103 auimo
444 2041 610 2104 sciscitatos
625 2043 755 2104 vicissim
772 2043 913 2105 Servatur
927 2044 1128 2125 interrogarit,
1151 2058 1186 2108 ut
1197 2064 1284 2108 men-

52 2148 96 2213 tis
117 2165 190 2209 auae
212 2144 434 2224 perversitatem
458 2144 516 2222 ipsi
537 2145 693 2216 sentirent,
716 2144 761 2205 sic
780 2145 920 2224 quoniam
942 2155 973 2207 et
993 2148 1043 2209 isti
1067 2148 1132 2209 talia
1152 2166 1282 2226 percun-

53 2257 183 2316 ctantur,
206 2247 304 2306 dicant
325 2245 412 2306 nobis
435 2245 502 2324 ipsi,
526 2245 572 2306 rel
594 2245 693 2323 potius
709 2247 912 2325 respondeant
930 2247 1113 2326 interrogati,
1135 2248 1281 2327 quemad·
1361 2304 1364 2308 .

52 2351 178 2413 modum
200 2348 256 2426 ipsi
279 2347 470 2425 interrogant.
517 2344 763 2426 Quandoquidem
778 2348 857 2408 enim
879 2348 948 2409 dum
971 2348 1142 2428 loquuntur,
1165 2350 1282 2410 inventa

52 2469 117 2514 nou
138 2448 304 2526 intelligunt
325 2466 395 2519 sua,
423 2449 551 2508 lortasse
579 2448 623 2508 rel
651 2448 804 2509 audientes
835 2448 980 2510 insaniam
1003 2469 1087 2511 suarn
1110 2459 1281 2528 agnoscent.

52 2551 86 2614 Si
109 2549 240 2630 Spiritus
263 2558 382 2610 sanctus
405 2567 465 2609 nou
488 2559 536 2610 est
557 2557 700 2622 creatura,
724 2558 757 2610 ut
771 2550 802 2610 in
817 2551 1023 2629 superioribus
1046 2552 1282 2612 demonstratum
1316 2552 1321 2560 '

52 2663 112 2726 est,
133 2651 187 2714 sed
210 2650 241 2711 in
262 2648 323 2709 ileo
347 2659 394 2709 cst
417 2658 503 2710 etex
526 2650 587 2711 llco
610 2651 705 2724 datur,
728 2669 799 2730 ergo
821 2651 899 2712 lilius
924 2661 971 2713 est
992 2653 1068 2732 ipse,
1093 2661 1122 2713 et
1136 2652 1195 2712 duo
1212 2661 1283 2712 suut

16 2755 163 2823 edatres
184 2752 251 2830 ipse
272 2760 302 2810 et
323 2749 432 2823 Filius3
454 2751 532 2813 etsi
554 2750 619 2813 Filii
642 2760 689 2812 est
712 2750 842 2830 Spiritus
864 2764 952 2832 atque
974 2773 991 2815 a
1012 2754 1086 2816 Filio
1109 2753 1207 2816 ournia
1229 2771 1281 2815 ac-

51 2856 126 2936 epit
145 2853 290 2933 Spiritus,
313 2860 346 2911 ut
367 2852 408 2913 ait
429 2852 510 2931 ipse,
539 2862 569 2913 et
591 2872 657 2915 curs
678 2855 872 2932 insufflasset
895 2855 974 2918 dedit
994 2855 1083 2917 illum
1104 2854 1280 2935 discipulis,

50 2976 123 3019 nam
145 2965 250 3018 etrus
272 2955 344 3014 haec
365 2955 507 3027 fatemini,
531 2973 602 3033 ergo
625 2972 697 3016 arus
719 2962 766 3015 εει
780 2955 868 3015 Pater
889 2964 919 3016 et
940 2974 1036 3035 nepos
1059 2957 1124 3017 eius
1147 2966 1194 3017 est
1209 2954 1279 3033 Spi-

50 3058 141 3120 ritus.
187 3057 269 3130 Quae
292 3057 370 3116 enim
393 3056 580 3117 sciscitantes
602 3075 619 3116 a
640 3055 728 3117 nubis
750 3055 912 3135 quaeritis,
929 3056 967 3119 de
988 3058 1093 3118 iisdcrn
1115 3076 1168 3119 vos
1191 3066 1221 3117 et
1242 3074 1279 3116 ex

50 3159 162 3220 iisdem
184 3158 360 3236 interrogari
381 3176 509 3235 aequum
536 3166 592 3218 est.
637 3157 725 3229 Quod
754 3156 781 3217 si
809 3175 884 3236 quae
912 3158 1022 3237 scripta
1050 3166 1121 3219 sunt
1153 3156 1279 3235 negatis,

49 3277 114 3321 uon
136 3258 213 3320 ultra
235 3257 393 3319 Christiani
416 3257 532 3318 dicendi
554 3259 637 3331 estis,
661 3266 690 3319 et
710 3275 764 3336 par
785 3266 832 3319 est
853 3266 885 3318 ut
902 3276 958 3319 nos
974 3266 1077 3337 utpote
1093 3256 1280 3327 Christianos

49 3360 254 3439 interrogetis.
299 3360 352 3421 Sin
374 3360 477 3420 eadem
499 3377 574 3436 quae
596 3377 655 3420 nos
676 3359 785 3438 legitis,
813 3377 937 3421 necesse
959 3367 1006 3422 est
1025 3376 1080 3419 ros
1103 3375 1220 3436 quoque
1242 3356 1279 3418 de

48 3461 160 3523 iisdem
182 3460 227 3522 sic
247 3479 264 3521 a
285 3460 373 3520 nobis
396 3460 581 3538 interrogari.
626 3459 719 3522 llicite
741 3459 830 3540 igitur
852 3469 882 3522 et
902 3479 941 3521 ne
963 3459 1149 3532 cunctemini,
1173 3477 1211 3519 an
1226 3457 1278 3518 ri-

48 3563 109 3625 lius
131 3571 179 3623 est
200 3561 328 3641 Spiritus
350 3569 381 3623 et
402 3580 472 3622 arus
496 3560 607 3623 Pater?
651 3560 738 3639 Quod
767 3564 793 3623 si
825 3563 1035 3624 ratiocinantes
1064 3570 1097 3622 ut
1126 3556 1277 3621 Pharisaei

50 3814 103 3866 Ιοι
131 3823 186 3864 aute
213 3804 294 3860 adrui
316 3816 338 3863 in
365 3813 436 3863 editis
462 3806 639 3875 allegebatur,
725 3814 748 3863 h.
767 3805 835 3861 adad
859 3813 927 3862 abest
950 3830 962 3862 a
982 3813 1078 3864 Gobler.
1098 3821 1120 3861 et
1139 3809 1278 3860 Felcirn.l.

49 3884 93 3934 sed
122 3883 233 3932 deestis
258 3883 313 3943 lisg.
332 3884 432 3943 chuer.
452 3882 641 3932 Goblerianoet
691 3882 742 3930 llos
770 3882 825 3942 lleg.
851 3888 873 3928 et
896 3881 995 3943 Segner.
1014 3874 1090 3946 ὖμεῖς
1107 3887 1179 3928 recte.
1216 3876 1278 3926 ddlti

48 3951 157 4002 tetum.
177 3950 199 3999 l.
691 3940 775 4014 ἡμεῖς.
812 3948 885 3996 Paulo
920 3957 960 3997 ost
977 3948 1077 4010 Seguer.
1094 3945 1278 3996 Basil.Gobler.

81 4020 98 4067 l.
119 4019 160 4067 Sic
178 4017 266 4078 Regius
284 4017 414 4079 etSeguer.
453 4016 478 4064 ln
497 4015 567 4065 editis
583 4031 638 4064 vero
690 4015 871 4065 etFelclrm.l.
901 4029 1012 4079 γγονον.
1049 4013 1279 4073 lbidernaSeguer.

47 4095 70 4136 et
89 4086 178 4135 ceteris
197 4077 638 4162 haeddrlpuacipwdesiderpntur.
691 4083 789 4134 Gobler.
808 4089 831 4131 et
849 4083 953 4132 fulciam.
967 4083 988 4131 l.
1006 4077 1065 4130 tcta
1084 4082 1159 4130 abest.
1215 4152 1217 4156 γ

46 4152 640 4298 tortas{reterturentus
757 4177 809 4294 qr
912 4185 936 4291 a
1085 4180 1260 4328 3...

43 4287 528 4416 :wldaredviiaorviiileriirddusliqddtidd.
542 4285 582 4334 am
601 4299 637 4334 m
688 4279 1278 4402 ῦοῖιοετῒπεῖηἳοῗεῖῗι.ῗῗτοᾝιείεαίἴιιέἶιιιεάἰὸἰιεῗ

78 4441 104 4488 g.
123 4425 188 4474 llaec
205 4424 289 4473 center
308 4436 361 4471 cnm
379 4421 547 4484 superioribus
560 4420 636 4484 Epist.
689 4419 740 4467 llox
763 4419 787 4467 in
813 4420 869 4481 lieg.
895 4410 938 4466 ὅτι
955 4419 1031 4467 deest.
1066 4415 1158 4466 ibidem
1177 4416 1278 4476 Segaer.

39 4494 59 4545 l.
79 4509 105 4543 n
122 4491 154 4542 llr
171 4487 208 4558 [p.
224 4489 275 4540 706
293 4498 352 4540 eur.
371 4490 443 4538 huius
459 4484 518 4554 ed.].
688 4478 703 4532 ὁ
721 4477 781 4539 uide
796 4480 880 4540 ἔην,
1274 4508 1277 4513 -
