2948 5092
88 234 149 302 102
482 246 507 292 ε.
523 244 678 291 mmm
692 244 917 290 ικεειεειεεοεε

3 421 206 486 εκεριμναν
228 398 312 464 ’τῶν
334 395 510 483 ἐκκλησιῶν
533 394 674 473 ἐκείνων,
698 398 827 478 πέμπει
848 395 902 460 καὶ
926 392 1142 478 συμβουλεύει
1161 404 1237 474 τοῖς
1257 394 1311 462 αί-

88 504 174 577 τίοις
194 495 395 566 παύσασθαι
415 500 474 584 τῆς
494 497 704 577 κακοδοξίας·
733 491 778 573 ῶς
800 494 836 561 δέ
859 491 917 562 οῦκ
939 494 1119 576 ἐπαύοντο,
1149 491 1312 565 ἀλλάκαί

87 601 213 684 μᾶλλον
235 597 464 686 ἀναιδέστερον
484 593 634 686 ἠσέβουν,
657 592 848 684 ἠναγκάσθη
871 597 958 683 πρὸς
971 596 1029 686 τήν
1044 592 1214 665 ἀναίδειαν
1231 597 1313 666 ἐκεί-

89 726 154 772 νων
180 701 310 788 γράψαι
336 700 394 787 τὴν
421 698 576 787 τοιαύτην
599 697 778 784 ἐπιστολὴν
799 700 853 765 καί
875 698 917 764 τὰ
939 693 1141 785 ἀνθρώπινα
1163 703 1223 766 τοῦ
1246 723 1312 768 σω-

87 805 187 890 τήρος
212 803 260 870 έκ-
273 807 340 870 τῶν
368 797 561 889 εὐαγγελίων
588 805 829 888 παραθέσθαι,
859 795 900 867 ἵν’
926 799 1042 889 ἐπειδὴ
1069 801 1312 890 τολμηρότερον

88 901 208 971 ἐκείνοι
227 903 285 971 τὸν
306 904 378 971 υίὸν
398 899 555 991 ἠρνοῦντο
577 904 632 969 καὶ
653 901 696 969 τά
717 897 918 988 ἀνθρώπινα
940 896 1041 968 αῦτοῦ
1055 907 1102 990 τῷ
1118 905 1222 990 πατρὶ
1238 898 1314 970 ἀνε-

85 1009 236 1085 τίθεσαν,
259 1002 384 1085 ιὀῦτως
406 995 502 1084 οῦτος
524 1005 641 1085 δείξας,
666 999 720 1070 ότι
741 999 799 1086 οῦχ
820 999 838 1069 6
860 1003 970 1090 πατὴρ
993 998 1062 1070 ἀλλ’
1087 1001 1105 1070 6
1128 1003 1200 1084 υἱός
1222 1004 1314 1072 ἐστιν

88 1103 107 1174 ό
128 1106 300 1194 γενόμενος
319 1103 405 1191 ῦπέρ
425 1101 518 1195 ἡμῶν
540 1103 739 1191 ἀνθριυπος,
768 1111 869 1192 πείσῃ
892 1106 969 1184 τούς
992 1100 1138 1189 ἀμαθεῖς
1157 1106 1203 1192 μή
1227 1101 1314 1174 εἶναι

2 1207 146 1280 μεικτὸν
174 1214 304 1295 πατέρα
330 1207 418 1288 υίόν,
445 1210 500 1274 καὶ
523 1203 627 1286 οὕτως
649 1204 769 1272 λοιπὸν
790 1201 859 1272 κατ’
885 1202 996 1292 ὀλίγον
1020 1207 1162 1286 ἐκείνους
1184 1207 1233 1287 εἰς
1253 1206 1313 1293 τήν

88 1304 250 1399 ἀληθινὴν
282 1304 425 1397 ἀναγάγη
455 1307 603 1396 θεότητα
629 1311 688 1374 τοῦ
711 1308 801 1375 “υίοῦ
832 1310 886 1375 καὶ
917 1308 975 1394 τήν
1003 1313 1125 1395 γνῶσιν
1152 1308 1211 1395 τὴν
1234 1312 1313 1395 περί

86 1415 145 1479 τοῦ
167 1410 303 1498 πατρός.
348 1408 429 1494 αῦτη
451 1414 510 1496 τῆς
531 1409 709 1497 ἐπιστολῆς
728 1405 749 1497 ἠ
772 1405 950 1503 ἀπόθεσις,
973 1412 1028 1476 καὶ
1044 1409 1238 1498 διὰταύτην
1253 1409 1314 1498 τὴν

86 1513 197 1581 αἰτίαν
219 1509 324 1591 οῦτως
346 1512 470 1598 έγραψε
491 1514 545 1578 καὶ
567 1505 674 1591 αῦτός,
698 1511 755 1577 διὰ
775 1511 853 1590 τούς
867 1508 973 1591 οῦτως
993 1507 1237 1596 δάνοισχύντως
1251 1519 1314 1580 θε-

28 1703 32 1709 .
87 1615 251 1703 λήσαντας
270 1620 470 1699 μεταθεῖναι
488 1613 547 1700 τὴν
569 1617 626 1701 τῆς
649 1610 811 1713 ἀληθείας
832 1619 957 1680 πίστιν.

173 1724 201 1785 6.
249 1723 292 1783 Τί
311 1723 421 1782 τοίνυν
444 1711 561 1800 ὅμοιον
583 1711 602 1801 ἡ
622 1709 753 1801 Ἀρείου
776 1715 904 1802 αἵρεσις
924 1719 977 1782 καί
999 1710 1216 1803 ἠΔιονυσίου
1241 1714 1317 1782 διά·

88 1841 180 1900 νοια,·
213 1811 235 1904 ἠ
263 1814 354 1884 διατί
374 1816 553 1896 Διονύσιος
574 1812 638 1895 θῶς
653 1814 789 1903 Ἄρειος
820 1813 1030 1901 ὀνομάζεται,
1059 1819 1187 1902 πολλῆς
1213 1816 1315 1905 οῦσης

88 1914 197 1987 αῦτῶν
224 1923 282 2007 τῆς
310 1920 494 2007 διαφορᾶς,·
528 1915 547 1984 6
573 1920 634 2002 μὲν
661 1917 723 2004 γάρ
744 1921 804 2006 τῆς
825 1920 1005 2004 καθολικής
1027 1917 1197 2004 ἐκκλησίας
1219 1917 1316 1985 διδά·

87 2020 208 2100 σκαλός
229 2021 334 2101 ἐστιν,
359 2017 377 2086 ό
400 2022 436 2087 δὲ
457 2022 570 2106 καινῆς
591 2019 751 2104 αἱρέσεως
772 2019 948 2109 έφευρετής
969 2025 1088 2105 γέγονε.
1133 2022 1186 2085 καί
1212 2016 1231 2085 6
1253 2021 1315 2103 μὲν

78 2120 213 2211 ’Ἀρειος
240 2124 299 2211 τήν
329 2122 416 2189 ίδίαν
443 2122 637 2206 κακοδοξίαν
660 2121 872 2204 ἐκτιθέμενος
894 2122 1019 2209 ἔγραψε
1039 2122 1202 2188 ’Θαλείαν
1226 2120 1316 2190 ἔκτε-

85 2228 286 2314 θηλομένοις
307 2228 361 2292 καὶ
382 2226 525 2310 γελοίοις
545 2221 656 2310 ἠθεσι,
679 2223 762 2290 κατά
782 2223 841 2291 τὸν
862 2222 1053 2308 Αἰγύπτιον
1074 2223 1270 2312 ῦΣωτάδην,
1296 2220 1316 2289 6

87 2328 123 2395 δέ
144 2327 324 2406 Διονύσιος
351 2327 477 2413 έγραψε
502 2327 563 2411 μέν
591 2327 643 2391 καὶ
674 2323 777 2404 ἀλλας
799 2325 994 2405 ἐπιστολάς,
1024 2319 1255 2412 ἀπελογήσατο
1279 2326 1316 2392 δὲ

86 2432 141 2497 καὶ
163 2429 242 2517 περὶ
264 2419 309 2496 ῶν
330 2425 557 2515 ὑπωπτεύθη,
587 2429 641 2493 καὶ
671 2427 776 2515 ἐφάνη
800 2430 932 2515 φρονῶν
956 2422 1077 2514 ὀρθῶς.
1123 2426 1152 2492 εί
1173 2426 1234 2509 μέν
1257 2416 1316 2493 οῦν

87 2529 219 2598 ἐναντία
241 2530 346 2616 ἑαυτῷ
368 2529 497 2617 γράφει,
520 2528 564 2616 μή
588 2528 772 2595 ἑλκέτωσαν
795 2524 895 2596 αῦτὸν
917 2527 1004 2615 πρὸς
1026 2525 1172 2607 ἑαυτούς,
1196 2523 1236 2594 οῦ
1252 2528 1313 2614 γάρ

87 2627 284 2713 ἀξιόπιστος
304 2631 389 2698 κατά
409 2635 518 2698 τοῦτο.
562 2631 592 2697 εἰ
614 2631 649 2696 δὲ
671 2629 805 2717 γράψας
825 2630 883 2716 τήν
906 2629 992 2730 πρὸς
1013 2626 1222 2714 11Ἀμμώνιον
1239 2628 1315 2696 έπε-

86 2735 206 2820 στολήν
228 2730 436 2820 ὑπωπτεύθη
459 2735 513 2798 καὶ
537 2727 766 2818 ἀπελογήσατο
788 2730 988 2819 θεραπεύων
1009 2730 1052 2797 τὰ
1074 2734 1202 2817 πριῦτα,
1227 2726 1316 2798 ἀπο·

86 2835 308 2923 λογησάμενός
329 2861 365 2902 τε
388 2828 425 2900 οῦ
448 2834 706 2920 μεταβέβληται,
731 2833 830 2918 δῆλον
853 2827 892 2900 ἀν
916 2834 982 2920 είή,
1014 2829 1067 2899 ότι
1088 2835 1141 2898 καὶ
1164 2831 1207 2898 τά
1229 2828 1316 2898 ύπο-

86 2943 275 3004 πτευθέντα
296 2934 363 3003 κατ’
389 2936 578 3020 οἰκονομίαν
601 2935 761 3022 ἔγραψεν·
785 2930 823 3001 οῦ
847 2935 956 3002 δεῖδὲ
980 2934 1022 3000 τὰ
1037 2929 1105 3001 κατ’
1124 2935 1316 3019 οἰκονομίαν

85 3036 279 3124 γραφόμενα
306 3041 360 3104 καὶ
387 3036 543 3123 γινόμενα
563 3039 669 3102 ταῦτα
690 3033 907 3122 κακοτρόπως
930 3037 1088 3119 δέχεσθαι
1108 3037 1162 3101 καὶ
1186 3035 1234 3113 εἷς
1254 3033 1315 3122 τήν

88 3136 175 3204 ίδίαν
197 3138 315 3205 ἰἕλκειν
344 3139 487 3219 ἕκαστονΙ
507 3137 674 3226 βούλησιν.
719 3143 773 3204 καί
795 3137 857 3225 γάρ
879 3141 932 3205 καί
957 3137 1069 3224 ἰατρός
1090 3126 1253 3216 πολλάκις
1273 3137 1317 3202 τά

88 3237 248 3305 δοκοῦντά
267 3263 338 3306 τισι
358 3239 403 3327 μή
427 3234 512 3307 εἶναι
532 3237 720 3327 κατάλληλα
741 3242 847 3306 ταῦτα
868 3250 940 3319 τοῖς
963 3235 1194 3324 ῦποκειμένοις
1214 3238 1315 3326 τραύ-

86 3363 198 3424 μασιν,
222 3336 268 3420 ῶς
289 3335 377 3407 οἶδεν
400 3333 508 3420 αῦτός,
531 3339 759 3427 Ιιἐπιτίθησιν,
783 3336 879 3407 οῦδὲν
902 3342 1013 3427 ἕτερον
1034 3334 1156 3428 ἠπρὸς
1170 3339 1230 3424 τήν
1244 3337 1316 3425 ῦγι-

88 3447 159 3509 είαν
182 3441 262 3524 ἔχων
283 3441 341 3509 τὸν
363 3440 505 3509 σκοπόν·
527 3443 581 3508 καί
605 3440 805 3508 διδασκάλου
828 3442 864 3509 δέ
887 3449 1050 3530 φρονίμου
1065 3439 1192 3526 τρόπος
1207 3431 1313 3521 οῦτος,

87 3541 174 3628 πρὸς
201 3542 243 3608 τὰ
263 3546 329 3609 τῶν
353 3544 597 3628 διδασκομένων
618 3540 687 3630 ἠθη
712 3543 934 3611 διατίθεσθαι
955 3546 1009 3611 καὶ
1032 3544 1159 3622 λαλεῖν,
1189 3543 1251 3622 ἕως
1274 3536 1315 3610 ἀν

87 3637 206 3723 αῦτοῦς
227 3644 274 3723 εἰς
295 3645 353 3733 τήν
376 3641 454 3713 ὁδὸν
474 3648 534 3733 τῆς
553 3642 759 3732 τελειότητος
780 3645 955 3732 μεταγάγῃ.

173 3752 202 3812 7.
246 3745 288 3812 El
309 3747 346 3814 δὲ
369 3743 422 3814 ότι
441 3745 543 3832 μόνον
566 3746 709 3833 ἔγραψεν
736 3743 859 3827 ὀῦτως
881 3742 899 3812 6
920 3751 1116 3834 μακαρίτης,
1141 3744 1317 3818 αἰτιῶνται

121 3950 142 3985 ε.
161 3936 258 3986 Τισείο.
277 3936 345 3988 eolb.
372 3938 417 3986 Ιεε.
437 3938 508 3987 Ful.
528 3946 551 3986 ιι
568 3936 674 3986 Felekm.
725 3931 774 3984 τοῦ
797 3929 874 3991 υἱοῦ,
901 3944 998 4001 praeter
1021 3935 1045 3985 3.
1063 3949 1151 3995 τοοκ,
1175 3934 1217 3999 qui
1243 3933 1317 3983 habet

87 4001 111 4053 3.
131 4017 202 4053 anon.
220 4005 267 4051 καί
283 4004 372 4058 hubent
390 4013 444 4055 κοιε
455 4002 512 4052 τῶν
520 3997 673 4063 ἐκκλησιῶν.
725 3996 883 4068 τοῦλόγου.

87 4070 153 4121 Ιοίεκ
178 4071 276 4120 Τιωὶιι.
300 4072 369 4123 colb.
399 4074 446 4122 les.
475 4064 542 4121 ἀλλὰ
569 4067 675 4138 μᾶλλον
759 4072 783 4121 d.
802 4072 898 4122 Τκαιίιι.
919 4079 943 4120 ει
960 4069 1007 4120 les.
1026 4059 1232 4133 ἀναισχύντους.

87 4137 182 4188 omisso
205 4138 257 4188 καί.
300 4139 391 4190 ibidem
417 4141 523 4190 Felckm.
548 4138 572 4190 3.
601 4155 685 4189 anon„
759 4154 782 4188 ε.
802 4138 880 4189 Felck.
901 4135 923 4188 3.
943 4152 1016 4188 anon.
1036 4129 1073 4190 ῶς
1090 4127 1219 4201 άρειανὸε
1235 4130 1314 4200 νομί-

87 4195 284 4270 ἀναιδίστερυν
301 4200 481 4263 διετίθεισιιν,
501 4198 671 4272 ἠναγκάσθη.
725 4203 806 4262 ζεται.
833 4207 893 4256 Μαι.
910 4205 1009 4256 Tauria.
1027 4204 1116 4254 εε1ει.
1135 4195 1217 4264 ούσηε
1228 4193 1314 4267 αῦτρῖ.

119 4306 144 4358 b.
162 4297 249 4361 οῦτωε
267 4307 335 4358 deest
357 4308 381 4358 in
400 4307 505 4359 Felckm.
523 4307 547 4357 3.
566 4322 638 4358 ιοοιι.
724 4267 863 4392 Ῑέἔῖἠτιξζ·
877 4265 979 4322 “mv
1005 4265 1176 4328 ‘mmm'
1212 4271 1325 4322 mm*

120 4422 141 4456 ε.
167 4409 264 4458 Τεκνία.
290 4408 360 4460 Colb.
384 4407 431 4459 les.
460 4405 511 4456 τοῦ
539 4406 672 4474 Χριστοῦ.
759 4410 775 4458 ί.
794 4410 850 4472 [ίες.
876 4416 899 4459 εί
923 4408 980 4458 edit.
999 4407 1118 4458 Commel.
1138 4421 1192 4456 eum
1210 4405 1314 4470 quibus·

86 4472 144 4537 neg.
163 4489 217 4526 cum
236 4475 307 4528 είίιίι
324 4483 349 4527 ιι
363 4475 521 4529 ίιίείωεααί
549 4476 674 4528 codicibus
724 4476 779 4526 dam
804 4476 959 4527 Felekmanni
985 4468 1095 4524 θαλίαν.
1123 4473 1167 4524 Alii
1184 4466 1312 4524 θαλείαν.
