2948 5092
465 213 577 259 wrm
594 215 625 258 ιι.
642 215 761 260 coarat
772 216 908 265 manoe.
1231 208 1294 273 323

66 364 212 438 adquam,
234 382 361 446 nempe:
383 363 540 440 „Unumue
562 375 610 429 est
630 369 819 431 non-lactum
842 389 878 432 an
901 369 1014 434 duol“
1037 373 1091 436 scd
1113 373 1153 436 ibi
1175 340 1383 456 quoquam:

66 466 181 539 demeti,
202 465 295 529 istam
316 485 424 530 rursus
447 467 663 547 excogitavere:
686 469 783 544 „Num
805 471 891 533 liberi
914 481 961 534 est
982 473 1096 536 arbitrii
1114 484 1295 558 naturaeque

68 567 298 640 ‚‚mutabilisl“
342 569 431 642 Quod
452 569 649 648 compariter
671 570 824 650 explosum
847 573 963 648 luisset,
987 575 1058 637 illud
1073 576 1207 655 Apostoli
1222 594 1294 659 per·
1406 602 1413 610 ·

67 688 164 749 ροηιιι
192 679 266 733 aunt
293 669 494 752 interpretati:
526 671 620 736 Toeto
644 679 858 753 praestantior
886 677 988 755 suctos
1010 678 1142 758 doqela'a.
1186 679 1297 742 Verum

67 789 127 833 com
150 771 212 834 boc
233 771 322 835 etiam
342 771 461 835 illorum
485 782 685 836 commentum
707 773 878 845 dissolverit
898 778 1023 853 venna,
1046 780 1104 841 iam
1127 781 1226 843 omnia
1246 780 1296 843 illa

68 874 151 937 simul
171 873 349 954 oolliqentes
371 875 415 937 rei
437 877 530 936 factae
558 883 588 935 et
618 885 733 939 creatae
760 876 911 940 vocabulis
934 899 1018 941 suam
1040 891 1162 959 sperant
1182 882 1294 944 confir-

68 995 144 1039 mare
165 977 329 1040 haeresim.
361 976 471 1039 lisdem
486 977 573 1038 *enim
595 977 644 1038 illa
665 976 773 1039 iterum
796 979 973 1058 significant,
994 1000 1050 1043 nec
1064 983 1155 1062 impia
1169 1001 1223 1045 sua
1238 982 1294 1045 de·
1315 964 1321 975 ’

68 1086 168 1142 serum
188 1078 374 1152 commenta,
403 1079 458 1141 sed
480 1098 514 1141 ea
536 1078 616 1140 varie
639 1087 752 1142 mutarn
775 1089 804 1142 et
825 1089 958 1181 sculpat,
986 1091 1020 1145 ut
1040 1083 1154 1163 aliquos
1175 1084 1297 1163 possint

69 1181 208 1243 iaciente
228 1179 262 1242 in
281 1199 418 1243 errorem
442 1180 593 1243 inducere.
622 1181 813 1262 Quapropter
833 1182 959 1246 licet'cr
975 1184 1032 1258 bis,
1055 1203 1130 1265 quae
1145 1185 1203 1246 iarn
1218 1183 1297 1246 dicta

67 1291 147 1359 mat,
177 1300 288 1344 vanum
309 1281 527 1375 bunc'illorum
549 1290 687 1344 conatum
710 1302 778 1345 esse
799 1285 991 1365 perspicuum
1013 1286 1071 1360 sit3
1100 1285 1168 1365 quia
1196 1293 1295 1349 tamen

67 1384 144 1446 itt-
165 1382 399 1446 Prorerbiorom
425 1382 524 1458 locum
552 1384 662 1467 ubique
689 1385 901 1447 circumferunt
928 1396 958 1449 et
985 1387 1172 1468 pervulgant,
1204 1395 1297 1466 atque

67 1486 212 1566 plurimis,
235 1484 484 1566 quiCbtistianae
505 1485 576 1548 fidei
597 1487 691 1576 ignari
716 1496 795 1559 sunt,
817 1488 926 1568 aliquid
948 1488 1048 1552 dicere
1069 1472 1215 1561 videntur,
1237 1505 1294 1550 ne·

66 1607 149 1651 cesse
170 1596 235 1661 cst,
267 1587 515 1666 quemadmodum
543 1588 581 1650 de
608 1588 655 1650 bis
684 1589 782 1650 verbis
812 1590 875 1664 Qui
901 1590 1001 1670 fidelis
1030 1603 1076 1655 cst
1103 1595 1131 1652 ca·
1150 1595 1203 1671 qao'
1221 1591 1296 1669 [ect't

66 1690 151 1754 ιἰῑιιιι
171 1689 382 1762 disseruimus,
406 1689 450 1752 sic
472 1699 502 1751 et
523 1689 610 1751 istam
633 1689 792 1752 dictionem
815 1696 932 1754 oreooit
959 1692 1087 1753 seorsim
1116 1692 1294 1772 expendere,
1323 1711 1327 1720 ·

67 1802 96 1853 ot
115 1792 176 1854 boc
196 1791 229 1852 in
250 1790 318 1852 loco
340 1790 427 1853 sicuti
440 1791 480 1859 ¹in
502 1790 567 1853 aliis
590 1791 730 1855 omnibus
752 1792 824 1855 nibil
847 1800 966 1873 praeter
987 1793 1192 1856 moramentis
1208 1810 1294 1855 com·

67 1901 162 1955 menta
185 1891 247 1955 sibi
269 1911 340 1953 esse
362 1892 583 1955 convincantur.

150 1996 202 2058 19.
247 1993 347 2054 Primo
369 2012 442 2073 ergo
462 1994 625 2068 rideamus,
647 2014 792 2074 quaenam
813 1995 909 2080 initio,
932 2013 999 2056 cum
1021 1995 1058 2057 ab
1075 1995 1149 2074 ipsis
1164 1994 1294 2074 lingere-

68 2105 111 2159 tur
131 2095 282 2167 baeresis,
303 2094 407 2157 beatae
429 2096 591 2157 memoriae
612 2086 778 2158 Alexandro
802 2097 986 2159 tradiderint.
1030 2098 1111 2159 llaec
1132 2116 1239 2176 nempe
1252 2095 1296 2159 illi

68 2197 268 2278 smipecpunt:
291 2196 437 2287 „Crestus
459 2206 516 2271 est,
538 2190 592 2259 scd
614 2217 675 2259 non
698 2206 730 2259 ut
752 2217 810 2262 una
833 2218 850 2260 e
871 2200 961 2262 rebus
976 2199 1100 2273 creatis3
1121 2200 1216 2261 lactus
1239 2204 1296 2273 est,

68 2300 144 2373 „sed
166 2317 229 2360 non
252 2305 290 2361 ιιι·
307 2317 364 2360 una
386 2319 404 2360 c
426 2299 517 2360 rebus
539 2301 643 2373 lactis3
665 2301 783 2380 genitus
799 2310 854 2375 est,
877 2300 1014 2363 sednon
1032 2310 1065 2361 ut
1086 2320 1145 2363 arna
1167 2320 1184 2362 c
1204 2300 1296 2364 rebus

68 2399 232 2480 „genitis.“
284 2400 417 2473 Quilibet
448 2420 560 2480 quaeso
587 2402 720 2464 attendat
747 2403 781 2464 ad
815 2403 971 2465 artificium
1003 2403 1140 2465 dolumve
1171 2402 1297 2463 huiusce

68 2500 215 2575 baeresis,
245 2520 321 2580 quae
342 2520 408 2564 cum
432 2521 491 2563 non
515 2503 682 2582 ignoraret,
713 2522 800 2583 quam
823 2524 922 2565 amara
945 2513 1025 2565 esset
1049 2503 1138 2583 impia
1161 2520 1215 2563 sua
1238 2501 1383 2565 do·r.ter.

68 2605 168 2676 ctrina
192 2602 352 2665 verborum
374 2604 440 2664 luco
464 2621 532 2664 sese
554 2622 698 2666 exornare
713 2605 787 2667 'nisa
809 2615 871 2678 est,
895 2606 935 2666 ita
957 2613 988 2667 ut
1010 2605 1040 2665 id
1063 2604 1192 2683 quidem,
1216 2600 1302 2694 quod¹

70 2707 233 2779 sentiebat,
254 2715 423 2787 promeret,
447 2723 515 2768 eunt
536 2707 649 2770 scilicet
669 2718 799 2769 creatum
823 2727 900 2780 esse,
922 2708 1052 2786 seipsam
1074 2714 1173 2767 autem
1194 2702 1296 2766 occul-

71 2817 128 2871 tare
149 2808 361 2881 arbitraretur,
384 2826 452 2869 cum
474 2807 684 2887 subiungeret:
714 2810 767 2870 sed
795 2828 857 2871 non
885 2818 917 2870 ut
945 2828 1003 2870 una
1025 2827 1042 2868 e
1064 2806 1155 2868 rebus
1177 2806 1297 2867 creatis.

71 2910 174 2972 llernm
197 2909 369 2972 huiusmodi
392 2909 490 2970 verbis
513 2928 598 2970 suam
620 2910 752 2990 apertius
765 2911 974 2998 patefecerunt
988 2908 1179 2988 impietatem.
1223 2906 1299 2969 Nam

71 3011 94 3072 si
115 3011 279 3073 secundum
301 3029 356 3072 ros
379 3019 496 3072 creatus
517 3011 604 3090 plane
626 3020 689 3084 est,
714 3030 766 3073 cur
788 3011 977 3073 simulatione
998 3010 1115 3073 utimini
1137 3010 1297 3073 addentes:

26 3118 30 3127 '
73 3115 119 3175 sed
141 3131 204 3175 non
228 3122 261 3175 ut
282 3132 341 3175 una
364 3132 380 3173 e
402 3112 492 3174 rebus
514 3111 645 3173 creatis?
674 3113 700 3173 si
729 3116 800 3174 item
827 3131 897 3173 vere
925 3114 1019 3173 lactus
1043 3120 1104 3185 est,
1133 3112 1204 3192 quid
1226 3110 1299 3173 illud

72 3200 312 3295 significat:'sed
334 3233 395 3275 non
417 3225 451 3275 ut
473 3233 530 3275 una
552 3233 569 3275 e
592 3214 681 3276 rebus
703 3214 813 3277 laetis?
843 3234 899 3294 qua
928 3212 1063 3294 prolecto
1092 3214 1122 3275 in
1151 3232 1184 3276 re
1205 3232 1297 3275 vene-

72 3337 137 3380 num
158 3316 296 3379 haeresis
318 3315 489 3395 perspicere
512 3316 589 3378 licet.
635 3316 708 3378 Cum
731 3318 810 3380 enim
833 3317 950 3390 dieunt,
973 3335 1042 3379 curn
1065 3334 1134 3379 esse
1156 3316 1298 3396 genitum,

72 3420 119 3481 sed
141 3437 205 3481 non
234 3426 269 3480 ut
294 3436 384 3479 unam
413 3437 449 3480 er
476 3418 567 3480 rebus
590 3418 714 3498 genitis,
743 3419 851 3484 multos
879 3419 1024 3481 inducunt
1044 3418 1139 3493 lilios,
1171 3434 1300 3498 quorum

71 3539 158 3583 unum
182 3539 252 3582 esse
266 3520 426 3582 Dominum
449 3521 616 3599 opinantur,
639 3521 680 3583 ita
701 3529 735 3583 ut
754 3521 917 3583 secondum
937 3520 1004 3582 illos
1025 3520 1083 3581 iam
1099 3537 1158 3580 non
1175 3520 1216 3580 sit
1229 3517 1299 3580 uni·

70 3624 197 3702 genitus,
220 3620 276 3684 sed
298 3640 375 3685 unns
399 3631 430 3682 et
451 3622 516 3701 ipse
537 3622 616 3684 inter
630 3621 731 3702 plures
746 3626 853 3685 fratres
868 3630 898 3682 et
912 3623 1030 3701 genitus
1045 3629 1075 3682 et
1096 3620 1172 3682 [ilius
1194 3618 1311 3700 appel-c

69 3836 144 3902 ἡνίκα
163 3835 179 3902 ἦ
199 3834 311 3911 αἵρεσις.
346 3843 407 3892 liditi
420 3842 509 3905 aliique
520 3836 598 3902 ἡνὺια
614 3837 660 3891 noi
746 3844 762 3891 l.
782 3844 880 3903 Sequor.
899 3832 1021 3891 θιᾶσθω.
1057 3840 1299 3891 collocutorio.

67 3903 214 3976 ἧαῒρεσις.
260 3910 352 3960 lbidem
377 3912 400 3959 io
425 3925 482 3959 mss.
508 3913 609 3972 Seg'uar.
636 3920 659 3961 et
713 3913 735 3960 t.
753 3903 920 3959 θεάσασθαι.

68 3981 122 4043 ¹³⁸8·
141 3969 658 4058 ῘΜΗΘΓΜ’ᾤμωθῖῑιὶᾌλῑξάνδθφ
744 4011 766 4058 g.
785 3995 825 4045 Sic
848 3996 948 4057 Sequor.
973 3988 1167 4043 eructetur.
1203 3992 1229 4041 ln
1248 3991 1303 4041 aliis
1411 4032 1418 4043 ,

66 4059 131 4098 recte
149 4049 292 4097 referuntur
310 4047 339 4095 ad
358 4047 535 4110 praecedentia,
555 4056 579 4096 nt
591 4056 658 4096 etar-
712 4072 735 4114 eq
753 4064 824 4112 epm,
842 4063 912 4112 dem
928 4052 981 4109 3η,

65 4118 136 4167 detor
154 4115 374 4178 legissettmnm,
393 4115 433 4178 qni
451 4117 533 4163 vertit:
552 4131 660 4179 quoeper

66 4188 90 4235 id
108 4187 227 4250 temporis,
246 4199 298 4235 rom
315 4184 362 4232 istc
378 4185 482 4232 boercsir
499 4185 528 4232 ob
546 4185 577 4231 iis
588 4185 660 4246 ,topa-

19 4268 29 4283 ·
64 4262 140 4316 retra,
167 4255 233 4318 opud
257 4255 338 4302 bertoo
361 4253 483 4300 memoriae
506 4252 663 4300 Alexandrum
1190 4307 1198 4324 ‚

66 4324 115 4372 reia
142 4324 241 4387 scriptia
268 4320 400 4370 ediderant
428 4319 575 4382 Scripseram
602 4321 662 4368 enim
748 4319 763 4367 i.
793 4319 833 4368 Sic
858 4333 917 4367 mss.
958 4318 986 4366 dt
1010 4317 1033 4364 in
1058 4313 1128 4361 editis
1150 4325 1197 4361 και
1225 4313 1300 4362 deest.

64 4399 110 4439 etc
144 4396 174 4440 Αι
196 4391 223 4439 io
249 4388 358 4437 editione
381 4386 511 4436 l’arisieusi
534 4394 558 4436 et
577 4386 663 4436 Coton.
715 4386 767 4435 ldoa
785 4387 926 4448 sequerian.
945 4393 969 4433 et
987 4380 1126 4431 Felcltm.4
1151 4375 1181 4430 ἓν
1199 4365 1240 4432 οἷς
1254 4374 1303 4435 καὶ

60 4459 126 4510 male
145 4462 283 4522 iunguntur
299 4468 356 4521 cum
372 4445 502 4521 ἔγραψαν
516 4447 621 4504 robor.
714 4446 765 4503 τὸν
783 4445 826 4502 ἰόν
843 4462 889 4505 etc.
923 4452 987 4503 Editi
1005 4459 1030 4501 ot
1045 4449 1087 4497 alti
1111 4440 1141 4498 ἐν
1155 4434 1175 4518 ᾗ
1190 4442 1238 4498 καί
1253 4456 1303 4501 etc.

189 4546 193 4555 ’
216 4555 221 4564 ·
1042 4529 1099 4582 *21

747 4157 770 4204 Ιι.
779 4133 888 4217 ιδιειιει.
905 4150 1011 4220 μᾶλλον
1027 4145 1139 4218 γὰρκαὶ
1150 4143 1228 4198 οὕτω·
1234 4144 1302 4216 γρά-

713 4229 816 4287 ψαντες
832 4218 914 4272 πλέον
932 4214 1044 4287 ἤλεγξαν
1062 4213 1109 4266 διὰ
1127 4212 1239 4267 τούτων.
