2948 5092
654 39 663 50 ·
744 75 759 113 0

531 258 677 303 nrtsronn
692 259 712 341 ¹:
728 258 764 299 nn
779 258 975 336 summoneri.
1011 273 1014 276 ⁴
1297 248 1361 311 677

140 414 245 477 Ariani
266 411 384 492 quidem
407 412 464 474 etsi
487 427 659 491 corpoream
682 407 768 470 Verbi
797 410 994 489 praesentiam
1024 421 1053 473 et
1080 414 1155 492 quan
1182 413 1245 475 eius
1274 416 1445 477 emotum.

139 516 220 579 dicta
244 523 313 577 sunt
335 533 396 577 oon
418 513 630 591 intelligerent,
653 529 688 572 er
707 509 754 572 his
777 519 874 573 tamen
897 515 1083 577 occasionem
1111 534 1184 577 suae
1204 516 1361 581 commini-

136 618 270 683 scentlae
291 617 425 679 haeresis
449 614 668 694 improbissime
690 613 767 677 nacti
788 612 841 675 Dei
863 615 965 678 hostes
993 636 1062 679 esse
1083 627 1114 679 et
1134 636 1203 679 vere
1225 617 1263 679 de
1284 627 1363 681 tetra

138 719 242 781 inania
264 719 344 798 loqui
366 717 491 780 convicti
514 726 592 778 sunt.
636 714 694 775 vos
710 733 787 777 uero
809 715 955 779 undenam
977 737 1088 796 quaeso
1110 719 1142 780 in
1164 738 1297 802 errorem
1312 720 1360 782 in-

138 821 223 883 ducti
246 819 343 882 estis?
387 820 462 892 Quis
484 837 538 879 vos
561 818 600 878 ita
622 816 730 889 docuit,
753 816 798 878 rel
819 818 886 896 qrris
903 818 1019 881 tandem
1033 821 1139 884 modus
1161 821 1252 883 vestri
1274 840 1360 895 erro-

137 922 208 986 ris?
254 922 432 1001 „Legimus,
462 921 612 1000 inquiunt,
638 919 668 980 in
690 919 837 999 Propheta
858 919 949 982 Amos
977 921 1050 983 hanc
1070 921 1124 984 hei
1146 915 1249 984 herba:
1281 923 1362 998 Quin

136 1043 241 1100 „ecoe
257 1044 308 1106 ego
331 1025 461 1104 firmans
484 1027 602 1086 tonitru
623 1031 651 1082 et
673 1038 780 1084 ortona
803 1025 946 1100 spiratum
972 1034 1001 1086 et
1031 1029 1223 1087 annuncians
1244 1025 1284 1086 od
1305 1024 1360 1087 lto·

136 1131 263 1202 ,mnes
288 1126 441 1189 Christum
463 1129 536 1195 eius,
557 1125 673 1202 socient
697 1120 863 1184 diluentem
883 1133 912 1185 et
933 1125 1072 1186 nebulum
1093 1136 1121 1188 et
1141 1126 1284 1206 gradiens
1307 1144 1362 1186 sn·

86 1253 93 1263 ’
122 1238 225 1311 ·„per
253 1228 373 1291 excelso
401 1238 517 1296 terroe,
551 1224 696 1286 Dominus
718 1222 802 1286 litut
831 1229 1017 1304 omnipotens
1046 1245 1154 1289 nomen
1175 1230 1244 1309 ipsi.
1288 1224 1361 1287 lntle

136 1330 288 1405 „adducti
309 1330 437 1400 inimus,
460 1338 494 1389 ut
512 1326 644 1398 Arianis,
667 1325 716 1405 qui
737 1325 880 1405 Spiritum
902 1335 1036 1392 sanctum
1057 1346 1120 1390 rem
1143 1338 1269 1391 creatam
1291 1345 1360 1390 esse

133 1432 292 1506 „docent,
323 1431 568 1493 assentiremur.“
610 1428 654 1488 hn
683 1445 752 1507 ergo
781 1428 860 1507 quod
890 1429 968 1506 apud
994 1431 1085 1492 Amos
1115 1439 1211 1493 exstat
1235 1429 1360 1509 legistis,

85 1548 90 1607 ᾗ
132 1533 219 1614 qnod
243 1542 339 1594 autem
362 1533 391 1593 in
407 1529 574 1592 Proverbiis
596 1528 718 1590 dicitur:
740 1528 887 1591 Dominus
905 1536 1019 1594 creauit
1032 1551 1078 1595 me
1098 1514 1220 1596 initium
1240 1537 1360 1596 viarum

85 1612 104 1697 i
128 1634 268 1699 “auorum
287 1638 322 1696 in
343 1652 437 1712 opero
459 1651 530 1704 sun,
563 1650 600 1692 an
621 1628 734 1709 legistis
756 1649 812 1692 nec
832 1630 895 1693 ne?
938 1633 1056 1712 Ergone
1072 1619 1158 1697 ¹istud
1179 1632 1359 1697 Proverbio·

85 1702 96 1817 Ξ
132 1755 204 1800 rum
227 1756 262 1799 ex
284 1737 407 1798 ueritate
429 1733 677 1813 interpretamini,
707 1743 756 1794 no·
773 1732 907 1795 videlicet
928 1735 1054 1797 Verbum
1076 1754 1141 1798 rem
1162 1742 1289 1798 creatam
1311 1734 1358 1797 di-

88 1884 91 1889 -
131 1838 227 1912 eatis,
251 1838 321 1898 illud
344 1847 441 1899 autem
462 1837 628 1915 Prophetae
650 1835 728 1898 nulla
750 1834 994 1914 interpretatione
1015 1837 1184 1918 explicatis,
1213 1837 1267 1899 sed
1288 1855 1360 1900 voce

129 1944 266 2020 spiritus
289 1939 491 2001 tantummodo
513 1937 610 2000 audita
633 1936 777 2015 Spiritum
804 1946 937 1998 sanctum
967 1957 1032 2001 rem
1060 1947 1187 2001 creatum
1215 1939 1271 2000 dici
1295 1938 1359 2001 exi·

85 2021 89 2107 ',
131 2038 288 2101 stimatis?
330 2040 418 2119 Atqui
441 2040 471 2100 in
492 2038 660 2100 Proverbiis
683 2022 833 2116 Sapientia
855 2032 955 2117 operte
976 2039 1048 2101 dicit
1068 2045 1183 2102 oreovit
1202 2060 1258 2103 me.
1300 2041 1359 2104 Ve-

85 2188 90 2255 ι
130 2149 301 2218 mmtamen
323 2150 404 2202 recte
426 2159 479 2201 vos
502 2140 610 2201 dictum
634 2139 703 2202 illud
725 2138 765 2200 ita
788 2140 939 2219 excipitis,
972 2149 1086 2204 utnon
1109 2140 1280 2204 creatricem
1301 2140 1358 2204 Sa·
1428 2206 1433 2227 ‚

85 2282 92 2331 t
130 2245 277 2324 pientiam
300 2242 391 2305 rebus
413 2242 519 2304 creatis
542 2234 753 2304 annumeretis.
797 2241 847 2303 Sic
868 2241 957 2322 igitur
978 2260 1034 2303 vox
1057 2242 1104 2303 illa
1118 2242 1284 2322 Prophetae
1297 2259 1359 2305 nou
1401 2245 1411 2261 '

85 2334 90 2359 ³
132 2345 280 2424 Spiritum
304 2354 437 2406 sanctum
460 2345 596 2417 denotat,
624 2344 677 2405 se'd
707 2352 818 2406 tantum
847 2345 883 2405 dc
904 2343 1011 2424 spiritu
1032 2344 1149 2406 dicitur.
1193 2343 1265 2406 Cum
1287 2362 1358 2422 ergo

130 2446 225 2508 multa
248 2447 286 2508 sit
307 2447 338 2507 in
360 2430 520 2524 scripturis
542 2445 698 2525 spirituum
721 2445 896 2518 ditlerentia,
918 2453 1091 2524 rectumque
1106 2463 1229 2506 sensum
1248 2443 1358 2508 habete
1402 2435 1408 2446 ’

130 2547 234 2627 possit
256 2548 313 2608 iste
335 2548 503 2627 Scripturas
525 2548 619 2620 locus,
644 2567 696 2609 mr
716 2566 771 2608 vos
795 2547 873 2608 velut
894 2545 1013 2624 litigiosi
1031 2553 1081 2607 aut
1096 2547 1242 2625 serpentis
1257 2546 1358 2610 Ariani

85 2672 108 2767 p,
132 2668 238 2711 morsu
265 2650 385 2711 ulcerati
414 2651 451 2712 de
470 2650 585 2730 Spiritu
615 2659 716 2711 sanoto
738 2649 914 2728 prophetam
935 2648 1026 2711 hmos
1054 2647 1135 2725 loqui
1164 2646 1356 2722 arbitramini,

85 2772 93 2853 p
129 2770 169 2812 ne
194 2751 308 2812 scilicet
330 2752 450 2814 credere
472 2752 635 2825 desistatis,
660 2750 803 2830 Spiritum
826 2758 959 2813 sanctum
982 2768 1045 2811 rem
1066 2757 1195 2812 creatam
1215 2746 1307 2811 esse?
1406 2787 1408 2795 ,

85 2894 93 2943 l

85 3230 92 3263 ἰ
129 3266 266 3318 sanctum
290 3258 462 3338 simpliciter
483 3258 620 3336 spiritum
644 3259 701 3321 dici
723 3259 894 3338 reperiatis,
923 3259 990 3320 sine
1018 3259 1114 3323 addita
1142 3277 1213 3320 voce
1235 3258 1281 3320 vel
1302 3257 1355 3319 Dei
1383 3259 1384 3263 ’

85 3386 92 3437 i
130 3359 177 3420 rel
199 3358 296 3420 Patris
326 3360 372 3421 rel
399 3360 458 3421 mei
485 3359 531 3420 nel
559 3359 655 3439 ipsius
677 3359 787 3422 Christi
808 3369 838 3422 et
859 3360 940 3433 Filii,
972 3359 1018 3421 vel
1040 3379 1056 3420 a
1077 3378 1140 3434 me,
1168 3360 1249 3439 quod
1270 3369 1357 3422 esta

129 3459 204 3535 Deo,
228 3461 273 3521 vel
294 3460 352 3521 nisi
375 3481 441 3522 oum
464 3461 598 3536 articulo,
622 3463 662 3522 ita
683 3469 799 3523 utnon
822 3461 944 3540 spiritus
967 3461 1063 3523 solum
1083 3461 1207 3534 dicatur,
1236 3459 1356 3525 sedvel
1434 3523 1437 3530 ,

127 3561 177 3624 ille
200 3562 329 3642 Spiritus
358 3563 402 3624 rel
432 3564 560 3642 Spiritus
591 3574 711 3627 sanctus
738 3564 783 3626 vel
813 3564 973 3627 Paraclitus
1002 3565 1047 3626 vol
1076 3564 1224 3638 veritatis,
1256 3565 1356 3626 idest

219 3161 249 3218 4.
294 3155 387 3216 Dicite
409 3155 530 3227 amabo,
559 3174 595 3216 an
626 3156 655 3217 in
678 3156 775 3236 aliquo
797 3156 912 3219 divinae
935 3156 1103 3237 Scripturas
1124 3156 1190 3219 looo
1212 3155 1356 3235 Spirihtnt

869 3778 886 3801 h
1237 3789 1239 3796 t

124 3830 176 3882 qne
196 3817 227 3864 ad
245 3809 276 3862 τὸ
295 3814 400 3881 πνεῦμα
418 3811 449 3863 τὸ
469 3808 563 3881 ἅγιον,
589 3819 675 3868 desunt
694 3820 732 3870 it»
769 3820 826 3868 editi
845 3810 975 3883 φανερόν.
1016 3819 1068 3869 ltox
1087 3820 1142 3881 lteg.
1161 3816 1185 3868 2.
1209 3809 1295 3865 ἔκτιέ
1310 3808 1353 3881 με’

126 3901 175 3935 ms.
193 3885 267 3933 Rosil.
768 3888 811 3938 ntit
831 3895 853 3935 et
872 3887 927 3935 editi
944 3900 980 3952 με
999 3889 1117 3937 omittunt.

163 3968 185 4002 c.
206 3953 262 4013 lieg.
274 3951 305 4027 ‚2
324 3945 399 4033 nupti
417 3945 571 4018 τοῦ-Ἀμώς.
610 3955 717 4005 hloxSe·
803 3955 820 4005 i.
838 3946 867 4002 tv
885 3956 983 4004 abesto
1002 3956 1098 4006 Gobler.
1117 3963 1140 4004 ot
1157 3953 1262 4002 Felclrm.
1275 3952 1297 4001 l.

123 4036 197 4086 gaer.
217 4012 232 4066 b
249 4034 341 4085 nuptos
358 4032 445 4069 εκτισε
463 4030 508 4072 etc.
739 4053 744 4063 ·
802 4038 824 4082 t.
841 4024 882 4073 Sic
906 4023 962 4084 Reg.
980 4024 1001 4072 i.
1046 4024 1124 4072 Ceteri
1151 4030 1175 4070 et
1199 4020 1254 4070 editi
1276 4012 1355 4067 mri-

161 4089 187 4138 tl.
207 4089 248 4137 Sic
266 4089 321 4150 lleg.
336 4089 356 4137 l.
401 4091 479 4139 Ceteri
497 4105 552 4139 uero
571 4099 593 4139 et
611 4091 667 4140 editi
685 4085 716 4138 τὸ
767 4104 863 4156 ματος.

122 4151 155 4206 δὲ
176 4148 207 4204 ἔν
224 4150 616 4223 ταῖςπαροιμὶαιςλεγόμενον,
636 4157 717 4206 τοῦτο
757 4205 765 4219 ,
802 4161 824 4207 b.
843 4151 884 4207 Si'c
902 4159 958 4220 lieg.
980 4159 1000 4208 l.
1019 4159 1116 4220 Seguer.
1137 4157 1233 4207 Gobler.
1267 4155 1313 4204 atii
1330 4162 1354 4205 et

118 4222 185 4292 μέν.
224 4225 282 4273 ltom
302 4241 354 4274 mor
374 4227 718 4288 lleg.l.rtnglio.Gobler.ot
767 4219 1000 4294 editiebpt'cnezott.

121 4285 317 4345 fetctmtols
334 4285 388 4357 ἔχει
406 4287 541 4353 ἀληθείας.
569 4296 648 4345 Aliiet
660 4296 715 4344 editi
802 4297 816 4344 i.
842 4296 897 4356 llog.
912 4296 933 4344 1.
951 4304 974 4343 et
985 4296 1057 4355 Sego.
1075 4284 1090 4350 ἢ
1110 4289 1158 4338 τοῦ
1171 4287 1288 4369 χριστοῦ
1306 4300 1352 4340 ete.

119 4356 162 4416 ὡς
180 4353 237 4426 ἔχει
255 4353 270 4418 ἦ
290 4353 410 4418 ἀλήθεια.
801 4363 823 4411 t.
837 4365 892 4425 lieg.
901 4364 1022 4412 secundus
1031 4362 1117 4411 omittit
1127 4350 1230 4406 ἆλλατό
1238 4356 1353 4424 πνεῦμα.

159 4446 182 4479 e.
202 4431 243 4479 Sic
263 4431 349 4490 ltegius
368 4431 458 4492 primns
477 4438 500 4479 et
518 4431 652 4488 secundus,
671 4432 716 4480 Se·
767 4430 858 4480 lbidem
876 4424 909 4478 τό
927 4432 963 4481 his
982 4445 1036 4480 mox
1053 4443 1122 4493 sequ.
1133 4428 1202 4480 deest
1218 4429 1242 4477 in
1261 4429 1317 4490 llog.
1329 4429 1353 4477 1.

115 4514 193 4562 gner.
211 4497 286 4550 Busil.
304 4498 393 4559 Anglio.
413 4498 567 4550 et-Ottohou.
602 4500 681 4551 Ceteri
692 4508 717 4550 et
766 4507 790 4549 et
807 4499 906 4561 Seguer.

1286 4647 1322 4767 't
