2948 5092
139 231 178 297 tt
467 188 472 196 ι
660 246 838 293 numanae.

133 398 265 461 lontibus
281 398 447 471 duxissent,
471 398 620 478 quomodo
636 397 858 460 controversiae
873 406 993 460 exortae
1014 404 1210 471 attrectatae,
1231 397 1364 481 deniqne

90 504 93 509 '
133 501 284 581 quomodo
307 501 338 562 in
359 501 407 562 his
429 499 569 578 paulatim
591 499 726 579 dogmata
748 516 832 561 sacra
852 497 974 561 uberius
995 498 1138 578 exphcata
1157 507 1248 581 atque
1269 519 1361 565 sour-
1393 485 1399 508 ⁵

132 601 225 663 ratius
241 601 433 663 detenninata
449 610 479 662 et
493 599 592 662 limata
607 608 718 663 esseut
749 598 837 673 Quod
852 599 972 680 quidem
988 601 1090 681 operis
1107 601 1280 664 institutum
1301 603 1362 667 etsi

133 721 193 765 non
216 703 264 765 hia
286 700 361 781 ipsis
384 701 482 763 verbis
505 701 535 762 in
558 701 740 781 praefatione
761 701 939 764 deciaratum
960 710 1017 775 est,
1050 708 1130 763 certe
1152 721 1189 764 ex
1210 703 1363 769 uuivens‘m

133 803 240 867 studiis
262 803 298 866 ab
320 810 441 865 auctore
463 802 500 863 ad
521 802 552 863 id
573 801 688 864 collatis
709 803 907 882 cognoscitur.
949 803 991 892 Ac
1021 804 1155 882 prolecto
1175 802 1363 868 Bibliotheca

132 904 324 968 lloesleriana
343 905 383 966 ita
406 914 575 986 comparata
597 912 653 977 est,
675 912 708 967 ut
728 904 836 984 largam
859 914 890 966 at
910 903 1046 966 idoneam
1068 904 1237 985 theologiae
1259 905 1363 969 histo·

131 1006 210 1069 nicam
233 1005 385 1068 materiam
406 1006 556 1086 praebeat
599 1004 709 1068 Primis
729 1014 857 1085 quatuor
877 1005 1077 1068 voluminibus
1098 1015 1237 1085 excerpta
1256 1007 1363 1070 conu-

131 1118 240 1170 nentur
263 1107 441 1187 exscriptis
471 1118 603 1186 patrum,
636 1106 687 1185 qui
719 1114 787 1167 aute
816 1106 972 1168 coudlium
993 1106 1154 1168 Nicaenum
1176 1108 1361 1171 demetunt:

132 1227 186 1272 sex
202 1208 324 1289 reliquis
340 1208 631 1288 comprehenduntur
648 1225 740 1286 opera
758 1215 874 1287 patrum
887 1208 1073 1270 saeculorum
1083 1207 1131 1269 tv.
1143 1217 1174 1270 et
1185 1208 1219 1271 V.
1232 1217 1264 1270 et
1276 1209 1358 1272 scti-

132 1321 250 1389 ptorum
271 1310 460 1389 quomndum
484 1308 660 1388 posterioris
681 1307 786 1370 aetatis
801 1309 905 1371 eodem
919 1309 1009 1371 modo
1025 1310 1056 1371 in
1071 1317 1231 1389 augustum
1245 1319 1360 1375 (coacta¹

131 1411 233 1492 Neque
244 1429 313 1472 sero
325 1410 424 1471 omnia
440 1417 628 1488 exponuntur
643 1428 744 1489 opera,
759 1408 824 1483 sed,
840 1409 918 1471 sieut
931 1410 1034 1472 titulus
1050 1429 1138 1490 quem
1150 1430 1241 1491 supra
1256 1412 1360 1492 posui,

130 1513 250 1584 iudicet,
272 1511 428 1591 praecipua
451 1518 580 1583 tantum,
610 1510 736 1572 maxime
764 1510 938 1590 dogmatica.
982 1512 1015 1573 ln
1044 1530 1103 1592 quo
1125 1520 1225 1574 tamen
1248 1513 1360 1577 obser·

129 1613 255 1675 vandum
279 1622 324 1674 est
345 1611 509 1690 dogmatica
531 1612 579 1674 hic
600 1611 657 1676 dici
680 1612 778 1674 omnia
800 1612 909 1674 veteris
933 1613 1076 1676 ecclesiae
1092 1623 1298 1687 monumenta,
1326 1615 1359 1678 in

130 1714 236 1795 quihus
258 1714 295 1775 ds
317 1712 462 1793 dogmatis
485 1712 660 1792 theologicis
680 1714 948 1795 quomodocunque
967 1714 1134 1776 disseritur.
1179 1715 1248 1788 Quo
1263 1733 1358 1780 seusu

130 1816 159 1878 id
182 1825 442 1877 monumentorum
466 1833 559 1894 genus
581 1815 725 1877 latissime
746 1824 827 1894 patet
847 1833 903 1877 uec
925 1816 1008 1877 solos
1030 1815 1236 1895 complectitur
1260 1815 1359 1880 libros

129 1917 328 1997 dogmaticos,
358 1917 387 1977 in
415 1916 523 1995 quihus
552 1917 589 1978 de
617 1916 763 1978 industria
791 1925 842 1978 aut
863 1917 978 1995 singula
1001 1916 1153 1979 doctrinae
1174 1916 1359 1981 christianae

129 2021 223 2100 capita
245 2027 461 2099 pertractantur
483 2027 531 2080 ant
553 2018 691 2080 universa
713 2020 790 2081 sicut
812 2018 891 2080 inter
911 2037 946 2080 se
968 2029 1033 2099 apta
1063 2018 1258 2098 colligatique
1285 2027 1359 2084 suut

128 2121 322 2192 illustrantur,
345 2121 398 2181 sed
420 2127 573 2199 praeterea
591 2119 793 2199 apologeticos
807 2130 894 2199 atquo
908 2120 1082 2200 polemicos,
1105 2138 1233 2198 quorum
1248 2135 1357 2213 sumo·

127 2242 177 2286 res
206 2223 274 2284 dum
306 2223 459 2284 veritatem
487 2221 613 2282 divinam
641 2221 677 2283 ab
709 2222 944 2284 aduersariorum
973 2221 1113 2282 eeclesiae
1140 2221 1298 2285 calumniis
1326 2233 1360 2287 st

127 2321 344 2388 haereticorum
367 2323 520 2386 erroribus
545 2322 706 2396 vindicant,
736 2342 801 2385 eam
824 2322 919 2402 ipsam
941 2323 1007 2384 data
1029 2322 1187 2385 occasione
1207 2324 1358 2404 explicant

127 2436 158 2490 et
179 2425 357 2504 argumentis
373 2425 596 2504 rationibusque
611 2424 773 2487 stabiliunt
805 2423 907 2504 Neque
921 2424 1048 2486 interest
1061 2423 1232 2503 quidquam,
1254 2433 1357 2489 utrum

125 2528 167 2591 illi
189 2526 257 2591 libri
280 2528 404 2589 lormam
428 2526 687 2588 commentationis
709 2526 753 2588 rel
777 2533 917 2587 tractatus
939 2524 1084 2598 habeant,
1115 2543 1153 2587 au
1174 2524 1261 2587 aliam
1291 2526 1358 2590 sive

127 2630 284 2703 orationis,
306 2630 369 2691 sire
390 2628 544 2708 epistolae,
567 2629 630 2690 sive
651 2626 770 2706 dialogi,
792 2627 953 2689 dummodo
969 2627 1031 2688 siut
1045 2626 1209 2705 argumenti
1226 2627 1355 2705 dogma-

127 2732 175 2797 tici
200 2739 230 2794 et
252 2731 348 2794 lucrm
369 2730 494 2793 niterent
516 2730 684 2810 dogmatum
707 2728 861 2792 historiae.
895 2727 1189 2801 Quaratioueetiam
1209 2729 1355 2792 extemis

126 2834 265 2909 (trigenis
294 2834 323 2896 in
353 2833 534 2913 evangelium
563 2831 688 2895 ioannis
717 2842 747 2893 et
774 2850 810 2893 ex
831 2830 969 2902 Nusehii,
1005 2827 1202 2901 Theodorou,
1235 2829 1355 2910 Evagrii

126 2933 348 2995 ruatiunoutnriis
370 2933 406 2993 no
429 2933 519 2995 relius
543 2933 789 3005 Christianorum,
811 2941 1022 3010 praeteream
1045 2930 1116 2992 actis
1138 2930 1354 2995 nonnullorum

126 3031 320 3093 uoueiliurum
343 3030 450 3091 selecta
472 3032 566 3109 capita
589 3039 806 3109 proponuntur.
849 3031 893 3092 De
914 3033 982 3112 ipso
1000 3031 1143 3093 librorum
1158 3031 1275 3094 delectu
1291 3050 1353 3095 non
1397 3099 1399 3107 ,

125 3140 170 3193 est
192 3130 271 3211 quem
293 3129 342 3191 liic
362 3129 457 3190 dirum
479 3148 593 3209 eosque
614 3130 748 3208 singulos
770 3150 944 3211 persequar.
1051 3147 1056 3155 ’

209 3230 289 3293 lentur
310 3230 555 3293 clirostumathias
577 3231 744 3311 patuisticas
767 3232 846 3294 varie
868 3232 1028 3312 inscriptas
1049 3251 1107 3294 una
1122 3241 1247 3306 tautum,
1270 3234 1352 3314 quod
1397 3224 1399 3233 '

126 3348 180 3407 ego
216 3331 317 3402 solam,
344 3330 500 3410 reperitur,
523 3351 598 3411 quae
620 3333 845 3395 collectionibus
866 3342 984 3415 patrum
1006 3333 1180 3413 dogmaticis
1202 3334 1352 3399 aunens-

124 3430 183 3493 raui
206 3438 315 3511 potest,
339 3431 397 3492 nisi
416 3432 571 3512 opusculo
582 3444 710 3515 potrom
723 3434 853 3497 Berolini
876 3444 905 3497 et
918 3435 1027 3497 Oronii
1049 3434 1138 3506 edita,
1160 3453 1236 3514 quas
1258 3453 1353 3516 supra

124 3532 367 3604 cenomannensi,
396 3533 441 3594 sel
470 3533 544 3595 adeo
568 3535 778 3599 Collectioaem
798 3536 941 3598 salemum
962 3535 999 3598 ab
1019 3537 1053 3597 Α.
1075 3535 1108 3597 Β.
1131 3534 1241 3597 Caillau
1263 3536 1352 3600 Pari·

123 3632 176 3693 siis
199 3633 375 3713 publicatam
397 3635 456 3696 huc
476 3635 581 3696 relerri
602 3636 685 3698 velis.
728 3636 834 3698 Notata
856 3637 908 3699 illa
929 3644 977 3699 est
996 3638 1054 3699 hoc
1067 3636 1180 3698 indice:
1204 3637 1353 3703 Chresto-

123 3734 236 3795 mathiu
253 3739 416 3815 putristico
436 3737 477 3797 ud
496 3756 573 3798 usus
595 3755 712 3810 corum,
740 3741 794 3819 qni
819 3739 979 3800 historiam
1005 3739 1177 3818 dogmatum
1204 3738 1353 3803 christin-

122 3852 234 3895 aormn
254 3841 428 3899 accuratius
450 3839 566 3900 discere
588 3843 721 3920 sepeliat,
743 3839 896 3901 demoto
915 3858 937 3901 o
956 3839 1006 3903 lo.
1020 3839 1091 3902 Chr.
1113 3838 1193 3902 lircil.
1208 3840 1352 3920 dum.

123 3934 237 3996 Prodiit
259 3936 377 4016 Lipsiae
399 3956 426 3999 a.
451 3940 543 4003 1812.
565 3939 682 4002 duobus
704 3939 913 4002 voluminibus.
956 3939 1224 4002 Priorovolumiue
1238 3957 1350 4020 gracco

122 4037 312 4098 continentur
332 4038 441 4100 tustini
462 4041 596 4120 Martyris
618 4059 653 4102 en
675 4041 752 4103 libro
774 4041 813 4103 de
833 4041 1054 4103 resurrectione
1075 4059 1152 4121 quae
1173 4051 1351 4121 supersunt,

121 4138 235 4198 lrerraei
257 4138 357 4216 regula
380 4139 465 4213 fidei,
494 4141 637 4220 praelatio
660 4142 800 4222 Origeuis
822 4142 854 4204 iu
875 4161 951 4222 opus
972 4143 1010 4205 de
1031 4140 1201 4222 principiis,
1223 4142 1351 4208 Euseb‘u'

121 4238 157 4299 ad
179 4238 333 4300 historiam
356 4240 586 4303 ecclesiasticam
607 4244 812 4323 prooemium,
839 4242 989 4304 Athanasii
1015 4251 1156 4305 tractatus
1185 4243 1222 4304 do
1245 4245 1351 4307 incar·

120 4339 239 4401 natione
260 4339 343 4401 verbi
364 4340 412 4401 dei
433 4341 635 4421 apologeticus
663 4351 692 4405 et
721 4344 855 4406 eiusdem
882 4344 1031 4424 professio
1058 4344 1128 4405 fidei
1156 4342 1220 4406 sive
1247 4347 1351 4409 orado

120 4435 280 4525 napi-eqo
301 4435 498 4527 σαρκώσεως
524 4445 584 4506 aori
610 4446 697 4508 θεοῦ
723 4438 840 4527 λόγου,
872 4445 970 4526 cyrilli
998 4445 1148 4507 Hierosol
1179 4446 1351 4513 commosin
