2948 5092
433 291 548 336 cosam
563 293 780 338 raoccrnaarmr
794 293 880 339 mara
895 268 917 338 r.
1219 285 1284 347 870

55 443 280 525 blasphemetis,
305 442 454 506 dicentes:
478 441 564 504 Certe
586 460 643 504 noa
665 460 743 515 cam,
767 445 816 522 qni
839 464 873 505 er
897 445 986 511 llario
1011 456 1096 510 natus
1119 459 1181 521 est,
1205 469 1365 516 con-ran.

56 544 282 610 substantialem
305 544 386 607 Patri
408 542 544 605 dicimus.
589 543 684 605 Porro
706 544 779 610 baec
800 554 897 607 vestra
920 565 1005 625 quam
1023 550 1201 628 praeclaram
1217 551 1283 613 exi-

56 647 187 709 stimatis
209 644 350 723 loquendi
373 642 448 704 ratio
470 652 521 705 aut
542 644 693 723 snperllua
713 654 763 706 aut
778 645 867 707 stulta
882 649 1134 728 comprobabitur.
1165 651 1283 714 Etenim

56 749 126 829 quis
149 767 166 809 e
187 746 321 808 fidelibus
345 764 404 806 non
426 746 612 818 confiteatur,
634 745 727 810 Deum
743 747 881 821 Verbum,
904 749 954 828 qui
976 750 1095 813 advenit
1114 762 1192 814 etex
1209 771 1284 814 san·

54 860 103 913 cta
119 848 238 928 Virgine
253 847 341 910 blaria
363 847 453 912 bomo
476 847 587 926 prodiit
601 847 738 926 Patrique
760 848 1021 916 consubstantialis
1037 861 1093 927 est,
1117 873 1151 914 ex
1168 854 1284 920 semina

56 951 208 1021 Abrabae,
238 949 323 1009 cuius
346 949 424 1012 illius
446 957 635 1022 recensetur,
664 948 815 1014 bominem
837 968 907 1012 essa
929 954 1054 1027 samm,
1083 964 1134 1019 aut
1157 954 1284 1016 Verbum

54 1053 121 1117 Deo
144 1049 395 1117 consubstantiale
418 1049 579 1111 semndurn
602 1068 723 1117 carnem
744 1050 835 1116 tilium
847 1051 937 1114 David
959 1055 1067 1119 fadum
1082 1055 1176 1117 ease?
1211 1056 1284 1121 ldoo

54 1153 235 1233 Prophetae,
257 1151 393 1230 Apostoli
416 1161 445 1211 et
467 1150 670 1229 Evangelistae
691 1151 841 1217 Christum
864 1172 902 1217 ex
921 1155 1036 1217 semine
1058 1156 1149 1222 David
1172 1174 1283 1223 maun·

56 1255 129 1317 dum
151 1270 271 1314 carnem
294 1260 390 1316 ortum
415 1253 535 1313 duxisse
557 1258 689 1321 narrant.
734 1251 893 1325 Quomodo
917 1255 1024 1334 igitur,
1052 1275 1118 1318 cum
1141 1258 1214 1320 baec
1234 1257 1282 1320 di·
1309 1230 1375 1341 ‘'—

56 1355 149 1427 eatis‚
178 1371 239 1414 non
269 1353 460 1426 erubescitis,
484 1370 618 1426 carnem,
646 1372 721 1433 quea
744 1373 779 1415 er
801 1356 916 1422 semine
937 1357 1028 1419 David
1051 1367 1115 1420 orta
1136 1367 1283 1434 narratur,
1337 1367 1341 1376 ’

57 1453 344 1519 consubstantialem
367 1451 664 1516 Patriassererare?
709 1453 758 1519 Vel
786 1471 922 1530 rursum,
953 1467 985 1518 ut
1013 1458 1180 1534 aiebamus,
1210 1461 1311 1522 baac'

32 1557 152 1619 stulta
173 1555 282 1626 dicitis,
307 1574 367 1615 non
391 1556 603 1634 intelligentes,
627 1555 707 1634 quod
729 1565 777 1619 est
799 1557 1050 1623 consubstantiale
1069 1561 1193 1628 candem
1215 1561 1283 1640 qai·

55 1659 126 1723 dem
148 1666 283 1718 naturam
306 1656 426 1729 babere,
447 1657 596 1736 propriam
619 1667 718 1718 umen
740 1658 953 1736 porrectionem
976 1660 1119 1741 inseipso
1133 1662 1283 1732 exbibens.

59 1760 146 1823 Siurt
167 1761 245 1821 enim
268 1758 379 1832 Filius,
407 1759 457 1837 qui
486 1758 747 1825 consubstantialis
769 1759 849 1820 Patri
871 1759 1051 1835 declaratur,
1081 1766 1230 1842 perlectus
1252 1761 1286 1826 in

55 1863 192 1942 perlecto
214 1862 402 1940 agnoscitur,
425 1861 469 1922 sic
492 1871 522 1928 et
543 1860 672 1939 Spiritus
696 1871 831 1936 sanctus3
854 1863 1113 1930 consubstantialis
1137 1866 1216 1927 enim
1237 1874 1286 1930 ert

55 1963 199 2033 Trinitas.
245 1963 356 2024 Dabitis
379 1981 449 2040 ergo
472 1953 715 2024 consubstantiali
738 1963 819 2024 carni
841 1963 1054 2042 perlectionem
1076 1975 1195 2045 practer
1215 1966 1284 2029 Filii

54 2065 282 2145 perlectionem,
306 2072 336 2124 et
357 2064 518 2129 secundum
541 2083 595 2125 vos
617 2063 800 2143 quaternitas
821 2082 876 2143 pro
893 2064 1036 2128 Trinitate
1057 2068 1283 2145 praedicabitur.

54 2167 248 2246 quuodnam
272 2166 343 2229 illud
365 2174 476 2226 tantum
500 2166 657 2244 impietatis
680 2164 904 2232 commentum?

147 2273 196 2333 tu.
241 2269 299 2334 Sed
322 2267 436 2333 dicitis:
469 2268 573 2340 „Caro
595 2268 669 2327 lacta
692 2276 738 2326 est
760 2266 856 2327 Verbo
879 2266 1173 2330 consubstantialis.“
1218 2258 1296 2341 Dua*

55 2373 174 2432 ratione
203 2374 276 2431 lacta
308 2378 354 2429 cst
383 2365 669 2429 consubstantialis?
713 2368 913 2447 Respondete.
961 2368 1088 2430 Verbum
1124 2370 1198 2430 sacta
1227 2378 1283 2443 est,

57 2473 121 2539 aed·
137 2480 166 2533 et
187 2472 317 2550 Spiritus
340 2472 414 2531 lacta
437 2481 493 2538 est,
538 2471 614 2530 Sanc
637 2470 664 2530 si
687 2488 730 2541 aa,
753 2488 828 2547 quae
851 2477 955 2532 natura
979 2489 1032 2530 sna
1055 2469 1199 2530 Divinitas
1222 2488 1285 2532 non

56 2582 124 2646 cst,
153 2592 207 2653 per
236 2571 429 2633 mutationem
452 2571 594 2635 Divinitas
623 2569 783 2643 alliciatur,
818 2589 870 2630 cnr
892 2571 981 2649 igitur
1000 2571 1128 2633 Arianos
1148 2571 1284 2650 arguitis,

56 2675 111 2754 qui
132 2675 209 2739 banc
231 2675 267 2735 de
291 2673 387 2734 Verbo
417 2673 593 2738 sententiam
615 2673 646 2734 iu
668 2672 799 2737 medinm
821 2671 982 2734 adserunt?
1026 2672 1110 2734 Licet
1130 2672 1367 2751 Scripturar.om

57 2777 153 2842 dicat:
180 2776 305 2838 Verbum
330 2794 402 2836 coro
425 2777 619 2854 factumest.
662 2773 728 2834 Non
752 2773 945 2834 dictumest:
969 2772 1043 2833 Caro
1059 2772 1188 2835 Verbum
1209 2750 1307 2835 lacta⁸

57 2888 123 2952 ast,
152 2878 205 2943 scd
228 2877 356 2940 Verbum
386 2895 455 2938 caro
483 2879 590 2961 lactum
623 2885 686 2948 est,
720 2874 787 2953 quia
810 2874 896 2934 Verbi
919 2877 993 2937 lacta
1015 2882 1060 2934 est
1082 2893 1149 2935 mro
1173 2884 1203 2936 et
1224 2893 1287 2936 noa

56 2981 193 3046 hominis
215 2979 383 3052 cniusdam,
407 2978 436 3039 id
460 2986 505 3041 cst
526 2979 606 3039 Deus
629 2978 719 3041 borno
742 2979 836 3043 lactus
860 2985 921 3048 est,
945 2984 975 3036 et
995 2975 1117 3038 dicitur:
1147 2994 1216 3038 caro
1237 2977 1286 3038 la·-
1329 3026 1333 3034 .

56 3092 126 3144 ctus
148 3091 203 3154 ast,
227 3100 266 3141 ne
288 3081 385 3142 carnis
408 3099 516 3141 nomeu
539 3079 824 3160 praetermitteretis.
869 3077 899 3137 Si
917 3077 1013 3156 itaqua
1029 3076 1113 3137 robis
1135 3096 1196 3138 nnn
1218 3078 1284 3139 eur-

58 3186 121 3249 licit
147 3183 291 3244 naturalis
307 3177 369 3247 'itta
398 3182 463 3243 sine
492 3182 667 3246 contusione
691 3180 776 3241 Verbi
799 3199 864 3240 cum
886 3179 1008 3259 propria
1030 3197 1118 3239 arrae
1140 3179 1230 3253 unio,
1256 3187 1287 3259 ct

56 3285 140 3365 quod
161 3285 241 3347 Dens
264 3285 354 3345 bomo
377 3285 471 3348 lactus
492 3284 532 3345 sit
554 3292 632 3348 certe
654 3282 712 3345 iam
734 3301 831 3361 neque
853 3281 955 3343 audire
972 3299 1067 3359 neque
1083 3281 1204 3345 credere
1219 3280 1287 3342 rul-
1390 3327 1393 3334 .

58 3388 110 3460 tis,
134 3405 189 3448 nec
211 3374 284 3447 satis
306 3385 391 3446 vobis
408 3394 464 3457 est,
488 3405 553 3446 cnm
570 3385 609 3456 id,
632 3385 712 3463 pund
724 3402 844 3447 omnem
855 3381 1144 3447 commendationem
1155 3389 1288 3462 superat,

58 3506 171 3567 carpus
205 3487 317 3550 scilicet
338 3486 406 3558 Dei,
436 3487 577 3560 audiatis,
606 3486 657 3554 ubi
680 3486 804 3552 Dicitur:
831 3486 894 3558 Qui
915 3473 1152 3564 transformabit
1173 3502 1286 3564 corpus

58 3588 240 3652 bucellenus
270 3599 408 3659 nostrae,
438 3599 474 3649 nt
502 3594 542 3649 sit
564 3589 788 3670 confipurctnm
810 3591 936 3665 corpori
955 3587 1073 3665 pieriae
1094 3606 1181 3656 suec,
1211 3602 1288 3663 quac

58 3701 107 3752 est
136 3691 226 3750 futuri
242 3679 367 3756 'saeculi
397 3689 581 3768 significatio.
627 3690 664 3750 Et
691 3699 843 3768 praeterea
875 3687 995 3749 dicitur:
1029 3685 1145 3765 Corpus
1176 3685 1288 3763 gloriae

57 3845 187 3895 Atlroncrlo
207 3845 310 3893 dicente:
332 3844 424 3891 Verbum
444 3858 512 3901 euro,
532 3858 577 3890 nori
596 3859 649 3891 cero
702 3842 759 3890 tuati
778 3854 870 3888 snmus.

62 3915 159 3962 Verbum
175 3915 259 3972 [crtum
279 3919 320 3959 est.
361 3912 451 3959 Verbum
465 3918 602 3959 cctenrcno
612 3915 649 3973 [o-
735 3909 758 3956 b.
778 3908 803 3955 ln
823 3907 978 3968 Segneriano,
998 3905 1095 3956 Goblec
1114 3904 1252 3954 erretclm.
1265 3904 1287 3952 l.

58 3987 121 4030 etum
140 3980 238 4039 dicitur,
259 3981 314 4042 puio
334 3978 398 4028 Verbi
416 3983 478 4041 [orto
495 3984 528 4025 cst
547 3993 609 4038 rcro,
629 3984 650 4026 et
702 3967 846 4038 ἆουγχύτῳ
865 3976 940 4023 deest.
976 3963 1122 4022 noxodcoc
1138 3967 1288 4036 γενομένην

57 4063 107 4096 noc
126 4047 225 4095 alicuius
243 4048 358 4095 bominis:
377 4048 419 4095 dcc
437 4053 484 4104 est,
505 4045 564 4092 Deus
583 4047 649 4094 icaro
701 4045 769 4091 deest
796 4045 819 4090 in
847 4043 945 4103 Seguer.
981 4041 1007 4088 lu
1037 4041 1134 4090 Gcbler.
1160 4048 1239 4087 autern
1264 4046 1289 4087 ct

56 4120 136 4178 [cetur
155 4121 205 4172 ert,
225 4121 245 4161 et
264 4115 349 4162 dicitnr
367 4129 435 4173 coro,
455 4129 483 4160 rre
499 4115 649 4175 praetereatis
702 4110 855 4158 Felclrmrnni
877 4110 897 4157 l.
921 4109 987 4157 deest
1012 4115 1102 4156 tantum
1126 4102 1284 4171 γενομένην.

58 4183 138 4231 camir
156 4196 255 4259 pomer.
284 4181 327 4229 Gur
345 4196 398 4258 erpo
416 4197 462 4229 noc
480 4181 564 4258 suufficr't
583 4182 650 4229 robis
702 4174 775 4254 Panlo
792 4179 966 4257 postpseguep.
982 4166 1097 4225 ἀκούειν.
1141 4244 1144 4251 Ι

57 4249 348 4298 camaracenorum
367 4251 647 4311 adproprrcmccrcem,
736 4262 750 4293 ι.
775 4258 813 4297 εις
838 4258 869 4291 το
892 4243 1024 4307 γενεσθαι
1047 4244 1114 4290 deest
1140 4258 1164 4292 ra
1189 4241 1289 4291 Gobler.
1399 4285 1402 4292 .

57 4324 80 4366 et
99 4316 233 4380 aaronem
252 4318 317 4364 bomo
335 4320 410 4378 [cenes
428 4323 469 4364 ert.
505 4315 565 4364 Nota
583 4317 650 4365 cebir
701 4314 838 4362 Felelml.
858 4313 957 4373 Sepncr.
993 4313 1048 4360 l’osr
1065 4305 1210 4374 μέλλονιος
1225 4301 1289 4357 αι’ὕι

55 4384 189 4446 irrepsisse
203 4397 252 4459 pra
271 4385 343 4431 nobis.
700 4395 747 4432 νος
764 4381 881 4444 quaedam
900 4381 999 4428 deerunt
1016 4380 1041 4427 in
1058 4379 1136 4436 editis,
1155 4393 1216 4442 quaa
1235 4391 1289 4426 aru·

94 4443 153 4513 pri
179 4447 250 4516 σαρξ
271 4443 351 4512 λόγος
375 4441 488 4515 εἴρηται.
527 4452 568 4500 Sic
592 4450 649 4499 aditi
701 4451 759 4497 tuati
777 4463 861 4497 sumus
880 4462 907 4496 er
926 4448 1024 4508 Sepaer.
1045 4446 1142 4497 Gobler.
1161 4455 1185 4496 et
1202 4445 1287 4496 folcl-

55 4518 161 4570 eraicair
177 4519 338 4582 interpositis,
357 4533 419 4582 quoe
435 4531 463 4568 cr
476 4519 576 4581 Sernes.
594 4531 650 4568 ma·
700 4517 782 4567 manci
796 4517 817 4566 l.
836 4529 914 4580 usquc
930 4515 962 4565 ad
977 4507 1025 4563 eal
1041 4507 1056 4562 d
1072 4505 1173 4581 scipsos.
