2948 5092
404 278 938 325 masrounssmrsrtrrsnronrsn.
1224 266 1285 329 117

144 437 193 498 ll.
238 431 275 495 Et
296 450 370 495 sane
392 432 466 495 satis
488 439 571 494 essct
592 430 629 492 ad
650 431 795 511 integram
809 432 985 494 arianorum
1007 432 1238 495 confutationem
1254 439 1371 495 otram

59 536 92 597 ad
112 533 380 597 demonstrandam
408 551 512 595 eorum
540 531 732 609 calumniam,
764 534 844 613 quod
866 533 1023 614 Dionysius
1054 533 1091 596 de
1118 534 1156 597 iis
1185 535 1284 610 etiam,

60 655 129 718 qnae
152 635 204 699 isti
227 634 370 710 iactitant,
392 634 665 715 sesepurgaverit;
687 635 843 697 nonenim
865 635 1064 698 contendendi
1085 635 1184 697 animo
1207 636 1285 698 seri·

59 737 130 817 psit,
160 736 218 799 sed
246 736 294 797 sui
320 734 497 797 defendendi
526 735 764 816 suspicionisque
786 736 965 798 amovendae
988 755 1093 812 oausa3
1126 755 1192 798 cum
1213 754 1284 798 vero

59 857 104 900 eas
126 836 255 918 depellit
275 834 509 910 criminationes,
531 836 602 915 qnid
623 835 701 899 allud
722 837 791 918 agit,
815 857 903 917 quam
922 838 1003 918 quod
1017 856 1136 900 omnem
1151 837 1284 901 criminis

59 937 263 1020 suspicionem
293 937 370 1000 levat
397 945 429 999 et
454 936 485 998 in
512 937 570 998 boc
596 937 722 1000 Anonos
745 939 941 1019 sycophantas
971 958 1039 1001 esse
1062 936 1181 1019 arguit?
1224 937 1286 1001 Sed

59 1052 89 1103 ut
107 1061 143 1103 er
166 1041 217 1114 iis,
241 1058 318 1120 quae
339 1039 388 1102 sui
410 1038 586 1101 ostendendi
609 1057 696 1102 causa
717 1041 849 1121 scripsit,
872 1042 963 1121 magis
981 1040 1207 1112 confundantur,
1230 1056 1284 1119 age

57 1145 118 1206 eins
140 1141 199 1205 tibi
220 1140 311 1204 verba
331 1159 507 1224 proponam,
530 1149 563 1203 nt
582 1140 653 1203 binc
673 1143 804 1216 noveris,
825 1143 952 1205 Arianos
973 1160 1080 1221 pravae
1099 1142 1209 1204 mentis
1223 1141 1369 1202 ho-a.rss.

59 1246 150 1307 mines
180 1262 270 1317 esse,
304 1242 536 1323 Dionysiamque
562 1243 599 1305 ah
628 1262 731 1305 eorum
758 1245 911 1306 erroribus
940 1244 1077 1307 alienum.
1122 1244 1159 1305 Et
1185 1243 1282 1324 primo

58 1347 174 1427 quidem
196 1344 358 1427 epistolam
390 1363 474 1408 suam
495 1344 646 1424 inscripsit
666 1345 838 1424 apologiam
861 1355 891 1407 et
912 1346 1083 1408 Elenchum.
1128 1344 1205 1418 Quid
1227 1343 1286 1407 sibi

58 1449 112 1510 vult
131 1447 227 1522 illud,
256 1447 315 1510 nisi
343 1448 422 1527 quod
450 1456 480 1509 et
501 1446 717 1509 obtrectatores
740 1466 812 1509 snos
835 1449 930 1527 arguit
952 1458 981 1510 et
1003 1448 1112 1527 scripta
1134 1465 1188 1508 sna
1209 1463 1284 1526 pro-

57 1558 180 1629 pugnat,
210 1547 376 1611 ostendens
399 1568 433 1611 se
455 1566 516 1611 uon
538 1568 573 1610 ea
595 1557 709 1622 mente,
733 1567 790 1628 qua
813 1550 981 1629 suspicatus
1004 1558 1051 1612 est
1071 1549 1174 1621 Arius,
1205 1549 1284 1611 scri·

58 1651 160 1729 psissc,
186 1649 333 1713 scillicet
354 1668 459 1713 eornm
480 1650 667 1739 meminerit,
689 1669 763 1730 qnae
785 1651 822 1712 de
844 1650 969 1713 Domino
992 1651 1154 1713 secundnm
1177 1649 1287 1712 hnma-

59 1752 176 1813 nitatem
199 1751 388 1824 dictasunt,
421 1769 481 1812 non
503 1752 659 1831 ignorasse
680 1760 794 1827 umen,
816 1753 914 1832 ipsum
936 1772 1003 1814 esse
1026 1752 1154 1814 Verbum
1176 1759 1206 1812 et
1226 1752 1284 1813 Sa·

57 1853 196 1932 pientiam
224 1871 243 1913 a
275 1853 362 1915 Patre
390 1851 622 1916 indivisibilem?
667 1853 808 1927 Queritur
836 1854 959 1930 deinde,
990 1854 1069 1934 quod
1096 1863 1284 1916 accusatores

59 1953 220 2017 sententias
242 1972 314 2016 snas
335 1972 398 2016 non
419 1953 548 2034 integras
572 1956 701 2017 reserant
722 1956 776 2017 sed
798 1963 956 2028 truncatas,
980 1965 1009 2017 et
1030 1956 1110 2035 quod
1129 1973 1191 2015 non
1205 1955 1286 2016 bona

59 2055 237 2119 conscientia
265 2055 319 2116 sed
346 2055 422 2116 mala
449 2072 504 2135 pro
536 2054 657 2118 libidine
684 2056 859 2136 loquantum
892 2074 968 2135 quos
995 2056 1107 2117 similes
1134 2056 1175 2117 ait
1205 2054 1285 2117 beati

59 2157 192 2237 lpostoli
213 2156 406 2237 epistolarum
428 2155 701 2220 calumniatoribus.
745 2158 825 2221 llaec
845 2176 937 2237 porro
953 2157 1007 2218 viri
1025 2157 1223 2236 expostulatio
1239 2156 1284 2218 si·

60 2260 179 2320 sistram
202 2276 322 2320 omnem
344 2266 462 2320 amovet
483 2257 694 2338 suspicionem.
725 2260 757 2322 Si
780 2259 859 2321 euim
874 2259 955 2321 Pauli
978 2259 1205 2321 calumniatores
1221 2256 1285 2320 suis

62 2360 170 2423 similes
192 2358 372 2433 arbitratur,
395 2358 468 2421 nihil
490 2378 561 2422 sanc
582 2360 662 2423 alind
683 2361 821 2436 declarat,
844 2380 930 2441 qnam
954 2380 988 2423 se
1009 2380 1075 2423 cum
1097 2359 1189 2422 Paulo
1211 2377 1284 2420 sen-

63 2463 179 2524 tientem
208 2462 250 2523 ita
276 2460 448 2541 scripsisse.
493 2461 578 2524 Certe
608 2462 731 2542 singulis
760 2472 963 2524 accusatorum
992 2461 1091 2523 verbis
1124 2477 1285 2523 occurrens

65 2563 197 2626 omnibus
213 2581 319 2624 eornm
333 2562 513 2642 argumentis
530 2562 710 2625 solutionem
727 2562 862 2638 adhibet,
884 2581 1008 2642 cumque
1023 2561 1183 2624 Sabellinm
1197 2560 1285 2640 prio-

66 2666 139 2726 ribus
160 2665 220 2726 illis
242 2664 362 2744 scriptis
384 2663 759 2742 planissime-confutarit,
783 2664 829 2725 bis
850 2663 1069 2745 posterioribus
1091 2663 1179 2723 fidem
1200 2677 1285 2722 suam

68 2767 179 2828 oncino
206 2765 286 2846 piam
313 2764 451 2826 declarat.
501 2764 723 2827 Affirmantibns
752 2766 842 2845 igitur
868 2765 925 2826 illis
954 2765 1030 2825 banc
1058 2782 1125 2825 esse
1151 2760 1286 2840 Dionysii

68 2866 250 2930 munnam:
273 2866 374 2940 „bens
396 2885 457 2928 non
477 2866 533 2928 luit
546 2885 666 2947 semper
680 2867 783 2941 Pater3
805 2867 896 2928 Filius
920 2884 1039 2945 semper
1060 2883 1120 2926 non
1144 2864 1209 2936 luit,
1232 2861 1286 2923 sed

69 2966 163 3039 „bens
186 2967 342 3048 aliquando
366 2966 463 3029 Verbo
491 2968 600 3041 caruit,
634 2967 698 3046 ipse
725 2987 795 3029 vero
824 2968 916 3030 Filius
945 2985 1006 3028 non
1035 2975 1098 3029 erat
1129 2972 1286 3043 antequam

69 3069 265 3148 ..gimeretnc
287 3067 341 3128 sed
363 3069 419 3130 luit
440 3068 596 3148 aliquando
619 3087 685 3130 cum
708 3088 768 3130 non
791 3079 880 3143 esset,
903 3088 964 3130 non
979 3068 1057 3129 enim
1072 3075 1211 3129 aeternus
1226 3073 1284 3138 est,

70 3171 139 3238 „sed
160 3168 352 3251 postmodnm
374 3188 444 3231 esse
465 3168 631 3250 incoepit,‘⁴
662 3170 876 3244 animadverte,
905 3168 1121 3249 quomodo'ad
1142 3169 1215 3229 haec
1236 3166 1285 3228 ille

70 3271 247 3351 respondeat.
291 3269 385 3332 Verba
408 3276 506 3333 autem
530 3271 593 3334 eius
614 3271 845 3352 quamplurima,
875 3271 983 3352 quibus
1005 3289 1055 3333 res
1078 3271 1109 3332 in
1130 3269 1284 3349 quaestio·

70 3390 126 3435 nem
146 3372 290 3434 adductas
318 3371 460 3453 expendit
486 3382 536 3435 aut
569 3392 605 3434 ex
633 3372 728 3435 allatis
750 3372 912 3433 ratiociniis
939 3371 1083 3451 quaedam
1104 3368 1215 3449 colligit
1234 3376 1287 3431 aut

69 3473 256 3555 interrogatos
278 3473 466 3536 sdversarios
488 3474 620 3554 coarguit
641 3473 688 3536 vel
709 3472 923 3536 obtrectatores
945 3492 1018 3536 suos
1040 3472 1221 3543 eradicatur,
1245 3468 1285 3530 ob

66 3575 203 3639 librom
221 3573 425 3657 prolixitatem
446 3575 587 3638 omittens
610 3593 644 3637 ea
666 3575 763 3638 solum
784 3593 961 3656 proponam,
988 3592 1062 3654 qnae
1084 3591 1190 3635 eornm
1211 3589 1286 3650 spe-

8 3698 24 3765 y
67 3684 137 3739 unt
162 3674 394 3740 soumtiossn.
437 3676 540 3756 ltaque
568 3677 615 3740 eui
642 3677 785 3757 purgandi
814 3695 904 3738 cansa
932 3677 962 3737 in
991 3676 1089 3755 primo
1110 3672 1203 3745 libro,
1236 3671 1286 3734 cui

68 3776 160 3841 utum
185 3776 335 3841 Elcnclm
368 3786 400 3839 et
427 3777 584 3858 Apologia,
615 3777 791 3856 quibusdam
819 3778 993 3857 praemissis
1025 3777 1070 3839 sic
1097 3776 1133 3837 ad
1161 3773 1285 3836 verbum

69 3879 190 3959 seipsis.

144 4085 193 4145 15.
237 4080 417 4161 ‚sliunqnam
446 4080 524 4142 enim
547 4080 601 4142 luit
621 4082 739 4160 quando
761 4082 841 4144 Dens
863 4099 923 4143 non
946 4089 1010 4143 erat
1030 4080 1150 4141 Pater.⁴‘
1195 4078 1232 4139 Et
1254 4079 1285 4138 in

74 4296 151 4357 legitor.
184 4301 238 4353 llos
262 4302 363 4353 Tauria.
390 4300 436 4351 les.
461 4301 499 4354 Fr.
517 4302 535 4351 l.
559 4293 574 4360 ἢ
601 4293 644 4350 ὅτι
730 4300 1009 4352 estasiasmeno.
1029 4300 1067 4349 Fr.
1087 4300 1104 4348 l.
1141 4299 1166 4348 lo
1186 4299 1242 4357 lieg.
1260 4302 1286 4345 et

75 4357 173 4422 τούτους.
699 4372 723 4419 rs
742 4369 813 4418 mtto
831 4369 901 4418 saec
918 4360 942 4416 t.
978 4367 1053 4417 nasto
1066 4373 1130 4430 poss.
1143 4364 1284 4426 amasus.

99 4447 117 4482 s
131 4435 225 4489 luris.
244 4436 317 4490 colb.
339 4435 386 4487 iss.
404 4429 441 4485 ssi
457 4428 575 4487 Παύλου.
699 4427 798 4487 rotet
815 4429 867 4484 adr
878 4430 999 4502 χριστὸν
1016 4421 1187 4496 absumor
1204 4424 1284 4479 lna.

450 4530 453 4537 ·
699 4503 727 4554 ΙΙ
743 4503 818 4555 editis
835 4490 908 4554 slusa
925 4503 1001 4554 deul·
