2948 5092
444 268 589 312 srrsrom
604 270 642 312 n.
664 270 701 311 an
723 268 916 330 suessionen.
1201 257 1260 322 801

42 443 130 495 ecre,
166 425 324 492 domimini,
353 424 406 500 qui
431 424 587 482 veritatem
613 421 698 483 vobis
726 419 979 502 loquutus-aum,
1007 443 1094 503 quom
1119 426 1224 487 codici
1244 442 1345 489 cram

39 523 181 589 Petrei·
207 524 427 585 llaec‘autem·
444 541 627 602 nequaquam
655 522 771 588 divisim
798 523 871 584 lacta
906 536 975 586 sunt
1008 527 1087 586 iuxta
1115 536 1263 606 gestarum

40 644 149 688 rerum
171 628 332 697 rationem,
361 625 400 685 ita
424 633 455 686 ut
477 643 551 706 quae
572 643 589 686 a
611 642 737 704 corpore
759 626 878 698 fierent,
907 626 974 687 sinc
996 627 1160 699 divinitate,
1190 647 1264 709 quae

40 737 148 792 autem
169 748 186 789 a
208 728 374 800 divinitate,
402 727 465 788 sine
487 732 612 810 corpore
634 725 857 799 exhiberentun
886 727 938 789 sed
965 729 1142 790 coniunctim
1164 732 1263 792 omnia

40 830 220 911 agebantur,
243 838 272 891 et
294 844 370 890 unus
393 827 630 902 multominus,
652 828 757 908 qui-ea
779 827 953 914 mirabiliter
971 848 1026 909 per
1048 849 1131 891 suam
1152 832 1262 894 efficie-

38 933 98 997 bat
120 920 251 1011 gratiam.
296 930 524 1010 Spuebat·enim
546 938 579 991 ut
600 931 702 1003 horno,
725 939 844 1010 sputum
858 939 957 992 tamen
971 932 1100 993 divinum
1116 943 1187 1003 erat,
1209 953 1264 1014 per

38 1036 146 1117 ipsum
169 1033 278 1113 quippe
310 1052 396 1094 caeco
420 1032 605 1094 anativitate
627 1008 724 1094 rislam
743 1033 881 1094 restituit
925 1033 962 1094 Et
989 1053 1053 1096 cum
1082 1035 1168 1097 vellet
1194 1056 1264 1103 sese

39 1137 143 1229 Deum
163 1136 311 1208 exhibere,
334 1136 460 1196 hnmana
482 1135 579 1214 lingua
602 1134 730 1214 idipsum
753 1135 919 1213 significans
941 1136 1051 1197 aiebat:
1074 1137 1134 1217 Epo
1157 1132 1186 1199 et
1202 1138 1345 1200 tta-aio.

11 1306 16 1315 ,
39 1250 96 1304 tet·
116 1257 212 1300 unum
233 1257 349 1312 sumac·
371 1237 493 1316 solaque
515 1237 739 1298 voluntate-sna
762 1237 891 1297 sanabat.
935 1237 1097 1299 Humanam
1112 1240 1181 1303 iterii
1197 1260 1271 1319 rna-=

41 1358 120 1402 num
149 1339 310 1400 extendens
341 1357 459 1400 socrum
487 1339 566 1398 Petri
593 1337 805 1415 febricitantem
839 1336 947 1410 crexit,
981 1350 1010 1400 et
1036 1340 1262 1421 brobispnagogi
1298 1413 1302 1426 Ι

28 1440 136 1504 ,filiam
158 1441 216 1503 iam
239 1442 404 1502 defunctam
427 1458 442 1501 a
464 1441 590 1503 mortuis
614 1440 775 1502 suscitavit.
1284 1458 1290 1463 ·

135 1648 184 1707 15.
228 1643 373 1704 Haeretici
394 1642 482 1721 igitur
508 1642 671 1720 ignorantia
693 1661 746 1703 sua
768 1643 935 1716 insaniunt,
964 1663 1089 1723 quorum
1117 1645 1165 1707 alii
1193 1665 1262 1707 cor-

35 1762 137 1827 porea
158 1743 318 1807 salvatoris
346 1744 539 1822 respicientes
568 1752 711 1822 negarunt
732 1743 817 1804 illud:
849 1745 887 1806 ln
912 1750 1063 1825 principio
1092 1761 1159 1809 erat
1190 1747 1262 1808 Ver-

37 1846 129 1918 bum,
159 1846 206 1907 alii
229 1865 303 1925 quae
324 1846 486 1906 divinitatis
509 1854 579 1906 sunt
600 1854 764 1924 spectantes
786 1847 997 1924 ignoraverunt
1017 1848 1104 1909 illud:
1138 1849 1263 1912 Verbum

37 1966 119 2013 caro
141 1949 333 2026 factumest.
378 1947 428 2006 Vir
449 1954 547 2008 autern
569 1945 662 2007 fidelis
685 1955 714 2007 et
734 1947 942 2027 Apostolicus‚
965 1968 1071 2027 gnarus
1095 1949 1262 2012 [dominicae

34 2049 243 2127 miquitatis,
266 2050 316 2110 ubi
339 2049 484 2127 conspicit
504 2048 779 2128 divinitatissigna,
802 2049 925 2111 miratur
946 2070 1012 2112 euni
1028 2053 1076 2130 qui
1091 2053 1122 2113 in
1137 2071 1262 2131 corpore

37 2159 92 2215 sut
113 2150 281 2212 Dominum.
326 2150 441 2210 Rursus
465 2168 531 2211 cum
553 2169 602 2222 ea,
625 2168 699 2230 quac
722 2151 839 2230 corpori
862 2160 932 2212 suut
952 2154 1088 2231 propria,
1121 2154 1261 2228 intuetur,

36 2251 232 2331 obstupescit
253 2253 454 2314 animadversa
476 2252 505 2312 in
527 2252 584 2313 illis
608 2251 767 2314 divinitatis
790 2254 927 2314 efficacia.
971 2254 1122 2316 Eiusmodi
1144 2276 1209 2317 cum
1224 2259 1263 2318 sit

37 2354 251 2419 [eclesiastica
273 2353 357 2425 iidoc,
380 2352 430 2412 ubi
454 2351 571 2431 quidam
593 2353 719 2415 humana
742 2361 910 2432 spectantes
925 2355 1081 2416 Dominum
1103 2356 1203 2417 vident
1216 2357 1261 2431 si-

37 2458 168 2521 dentem
190 2455 236 2516 vel
257 2454 438 2514 laborantem
460 2454 505 2514 vel
527 2454 696 2532 patientem,
719 2464 749 2514 et
763 2455 906 2516 Salvatori
923 2457 1003 2519 velut
1023 2458 1260 2521 homini-obtre-

37 2565 135 2631 ctant,
157 2575 336 2635 magnopere
359 2556 476 2634 quidem
498 2564 630 2634 peccant,
652 2566 779 2637 possunt
793 2566 889 2617 tamen
905 2557 1038 2619 celeriter
1052 2558 1262 2638 poenitentiam

39 2659 161 2740 agendo
184 2658 297 2719 reniam
321 2657 480 2736 consequi,
509 2677 575 2719 cum
603 2657 729 2720 babeant
750 2677 805 2738 pro
828 2660 1013 2721 excusatione
1035 2660 1262 2722 imbecillitatem

38 2760 193 2841 eorporis.
240 2758 324 2837 [Cum
346 2759 471 2819 maxime
486 2756 654 2839 'Apostolus
675 2761 789 2821 reniam
813 2760 855 2822 eis
878 2763 1027 2834 concedat,
1051 2773 1080 2824 et
1097 2765 1181 2842 quasi
1196 2782 1261 2825 ma-

37 2880 116 2927 num
139 2861 196 2923 illis
218 2862 349 2940 porrigat
371 2861 442 2921 baec
464 2862 606 2931 dicendo;
631 2862 749 2927 llcoera
776 2882 916 2941 mopnum
943 2877 989 2925 cst
1006 2869 1130 2945 pietatis
1151 2877 1262 2945 mystea

38 2968 142 3035 musa,
171 2964 254 3025 neos
276 2965 490 3042 manifestatus
512 2973 558 3024 est
578 2964 747 3042 &cornel
792 2964 864 3025 Cum
893 2975 989 3027 antem
1017 2985 1122 3028 rursus
1145 2968 1262 3046 quidam

40 3065 205 3128 divinitatis
235 3083 325 3144 opera
353 3066 575 3125 considerantes
604 3065 801 3127 dubitaverint
828 3067 865 3127 de
893 3068 1028 3145 corporis
1055 3077 1174 3141 natura,
1202 3069 1261 3147 ipsi

39 3186 165 3249 quoque
185 3168 311 3228 maxime
333 3176 467 3246 peccant,
498 3168 576 3245 quod
604 3167 672 3228 licet
699 3185 767 3227 eum
795 3167 912 3229 rideant
933 3169 1134 3230 comedentem
1157 3179 1184 3231 et
1206 3189 1261 3249 pa··

39 3271 183 3349 dentem,
210 3270 384 3348 phantasma
412 3268 603 3344 nibilominus
630 3268 727 3348 ipsum
757 3268 951 3343 arbitrentur3
983 3289 1083 3332 rerum
1112 3271 1169 3332 illis
1192 3273 1262 3333 item

40 3370 372 3449 eitoresiplscentibus
396 3371 509 3432 veniam
533 3371 668 3431 Christus
690 3370 801 3432 donare
822 3381 936 3451 potest,
965 3372 1043 3451 quod
1072 3383 1101 3435 et
1128 3374 1186 3453 ipsi
1207 3393 1262 3453 pro

40 3473 236 3538 excusatione
259 3473 386 3533 babeant
408 3473 636 3551 magnitudinem
659 3490 783 3551 operum
809 3473 938 3535 hominis
967 3483 1143 3554 potestatem
1175 3494 1261 3538 exce-

40 3576 188 3640 dentium.
232 3576 340 3636 Verum
362 3584 554 3654 posteaquam
576 3574 771 3653 utrorumque
792 3575 937 3638 inscitiam
959 3586 988 3638 et
1020 3579 1186 3640 caecitatem
1209 3596 1262 3638 su-

39 3754 234 3813 ἇπαιδευσίαν.
272 3762 332 3809 Editi
358 3770 381 3809 et
403 3763 474 3809 ceteri
493 3764 572 3810 minus
591 3778 630 3810 re·
682 3764 729 3811 tius
746 3761 866 3822 glossema
885 3763 1008 3812 cniusdam
1027 3765 1088 3812 alius
1107 3779 1174 3819 esse,
1192 3778 1263 3826 quarn

40 3822 171 3885 αεκατὰ
189 3821 483 3888 τὴνῖδίανπαίδευσιν.
503 3831 630 3878 ibide'dit.
680 3829 801 3880 Athanasii
820 3831 898 3878 verba.
929 3832 1263 3890 Placuittumenearetinerc,

39 3897 348 3952 commet.etl‘etetm.t.
365 3890 630 3961 e'pclvtoovmendose.
682 3912 735 3948 cum
761 3897 908 3959 exploratum
934 3901 1030 3948 omnino
1050 3901 1159 3955 nonsit,
1184 3900 1263 3948 sintne

78 3984 102 4031 d¹
122 3974 157 4028 τά
175 3983 242 4031 deest
260 3982 283 4030 jn
302 3984 401 4042 gesner,
683 3965 816 4024 fldlssssffllfl,
835 3980 863 4013 Ἡ]
883 3980 936 4014 cum
955 3969 978 4016 lll
997 3968 1049 4016 flllls
1068 3967 1189 4016 COdlClbUS
1208 3967 1262 4015 Vlblo

683 4034 816 4081 scribarum
836 4033 924 4082 omissa
944 4035 1060 4088 luissent.
1085 4036 1113 4083 ad
1133 4036 1202 4083 buius
1220 4049 1263 4082 co-

683 4100 742 4149 dicis
768 4101 898 4161 marginem
917 4104 1024 4152 restituta
1043 4103 1104 4164 slut;
1127 4103 1191 4165 quod
1215 4116 1262 4150 non

680 4168 755 4217 semel
781 4169 890 4217 uidimus.
925 4170 951 4218 ln
975 4171 1086 4219 omuibus
1110 4171 1178 4218 editis
1203 4170 1262 4219 haec

682 4236 765 4286 eadem
784 4237 910 4285 habentor.

78 4307 95 4355 t.
124 4305 202 4363 llaec,
226 4301 287 4366 qua‘e
306 4304 398 4353 uncinis
416 4303 569 4352 includuntur
589 4319 630 4353 us-
715 4318 737 4366 ε.
756 4305 811 4364 liet.
837 4306 936 4365 Segner.
961 4304 1057 4354 Gobler.
1076 4313 1099 4354 ct
1116 4305 1219 4354 Felcltm.
1240 4304 1262 4352 l.

37 4389 92 4441 qne
111 4373 140 4422 ad
159 4365 189 4420 ἐν
206 4366 301 4438 σαρκί,
322 4373 344 4419 in
363 4372 434 4420 nullis
453 4372 575 4420 codicibus
595 4373 630 4421 le·
681 4364 841 4421 tertosae.
876 4372 965 4433 anglic.
984 4382 1007 4421 ct
1021 4373 1124 4422 Felcltm.
1136 4371 1157 4421 2.
1171 4367 1263 4419 deord-

38 4451 135 4509 guntur
152 4448 321 4505 praeterquam
340 4441 362 4487 in
383 4440 486 4488 Felckrn.
499 4437 522 4487 2.
543 4440 581 4489 nbi
600 4441 630 4490 sd
681 4436 754 4495 ξωσι.
791 4440 863 4489 basil.
888 4448 911 4489 et
934 4441 989 4489 edit.
1015 4440 1089 4491 Paris.
1108 4434 1262 4497 districtioet.
1327 4500 1329 4507 Ι

39 4511 179 4573 anginam
198 4515 254 4558 sunt
271 4508 373 4572 scriptu
393 4507 572 4558 undctidcntar
583 4523 629 4573 po·
680 4508 742 4558 Edit.
761 4508 877 4560 Commcl.
896 4500 1066 4568 ἀπάξουσι,

76 4599 208 4642 truantur
221 4605 273 4639 orn.
286 4605 359 4638 noes.
370 4606 420 4637 sac.
1027 4593 1058 4644 51

79 4092 101 4125 e.
120 4075 218 4125 Goblor.
237 4083 260 4123 et
271 4074 374 4123 Felclm.
388 4075 409 4122 1.
427 4064 507 4135 idmst
524 4068 573 4120 τὸν
588 4068 633 4122 κὺ-

39 4158 108 4211 ριον
135 4137 168 4190 τὰ
196 4140 242 4189 τοῦ
267 4134 394 4208 σώματος
417 4135 567 4206 πάσχοντα,
586 4136 631 4190 καὶ

37 4205 134 4281 μόνον
151 4203 358 4277 φλυαρὴσουσιν
376 4202 412 4262 ὥς
429 4220 474 4260 ete.
