2934 5078
325 264 487 311 urrerem
501 269 539 312 os
554 271 696 315 nemean
712 274 855 321 nactam
871 278 989 323 srnoor.
1242 272 1280 335 ld

60 416 171 491 lemme,
191 416 238 479 uti
264 418 334 480 iam
359 419 437 493 dixi,
460 422 607 501 nequitiae
627 423 763 486 imitatio.
808 426 959 507 Siquidem
976 429 1085 507 ludaei,
1108 451 1175 496 cum
1190 452 1206 495 a
1224 446 1365 497 remota

60 520 122 579 ritate
150 518 285 581 convicti
324 522 439 583 oculos
471 532 571 586 contra
600 544 664 585 eam
693 526 827 588 attollere
847 546 907 591 non
931 532 1075 607 valerent,
1107 534 1276 599 huiusmodi

61 620 338 699 intenogatiunculis
368 640 405 683 se
434 623 626 703 obtegebant:
662 627 752 699 Quod
774 640 806 693 tn
826 632 905 709 [σοῖο
926 636 1044 711 siquam
1066 643 1101 695 ut
1123 637 1278 701 vr'deomua

10 698 35 763 ¹,
60 722 358 791 condomestici?
407 724 489 799 Quid
511 726 676 807 operaris?
720 727 902 808 Quamquam
930 741 971 794 tot
997 734 1080 813 signa
1103 738 1221 811 tierent,
1244 747 1361 799 ute-too.

61 824 128 883 emm
147 824 206 905 ipsi
230 837 420 905 cogerentur
433 826 546 889 dicere:
573 829 654 902 Quid
667 821 820 907 focerunt?
830 836 900 910 quio
915 832 961 895 bic
976 834 1062 897 bomo
1078 837 1174 899 multo
1189 842 1276 918 siquo

61 924 141 1001 lacit?
182 926 261 987 Nam
291 928 406 989 mortui
430 928 645 1001 excitabantur,
674 930 768 991 clarrdi
791 932 994 1007 ambulabant,
1023 936 1162 999 ridebant
1184 940 1274 1013 caeci,

62 1024 151 1105 lquosi
178 1029 406 1107 purgabantur,
441 1046 515 1107 aqua
542 1028 708 1099 mutabatur
735 1030 766 1091 in
794 1032 912 1105 vinum,
947 1044 975 1095 et
997 1035 1126 1115 quinque
1147 1038 1275 1118 panibus

10 1118 12 1199 ἶ
62 1127 170 1207 quinque
192 1128 292 1191 millia
315 1130 472 1191 bominum
494 1140 564 1191 siant
585 1131 717 1192 saturati.
762 1130 838 1193 llinc
860 1153 966 1197 omines
982 1136 1101 1213 quidem
1116 1138 1275 1201 ltominum

10 1296 12 1301 ¹
62 1226 268 1291 adminabantur
303 1239 335 1291 et
362 1230 526 1292 adorabant
553 1231 775 1311 latabanturque
804 1234 833 1294 in
862 1234 930 1313 ipso
960 1236 1074 1316 impleri
1101 1240 1274 1318 prophetias

62 1348 169 1409 eumque
191 1332 289 1393 [teum
312 1340 344 1393 et
365 1331 471 1393 Filimn
492 1332 544 1395 nei
567 1352 646 1395 esse.
690 1334 752 1395 Soli
774 1342 872 1398 autem
893 1336 1054 1411 l’barisaei,
1076 1340 1194 1401 tametsi
1210 1340 1275 1403 sole

62 1430 168 1493 clariora
194 1442 283 1495 erant
311 1432 417 1513 sigua,
448 1434 640 1496 nibilominus
668 1443 806 1515 tanquam
835 1436 962 1515 imperiti
991 1439 1214 1501 murrnnrabant
1243 1450 1273 1502 ot

62 1532 175 1595 aiebant:
199 1536 300 1607 Quare
324 1548 359 1598 tn
383 1536 469 1598 bomo
492 1554 557 1597 oran
579 1539 621 1597 aie
642 1537 721 1614 socie
745 1542 873 1617 teipsum
886 1536 1005 1599 Herem?
1034 1539 1123 1619 Stulti
1136 1542 1271 1619 prolecto

62 1652 172 1713 rareque
201 1646 301 1697 mente
331 1638 428 1709 caeci,
455 1655 530 1716 quos
559 1636 671 1699 scilicet
691 1636 790 1715 potius
813 1636 852 1697 ita
874 1637 956 1717 loqrri
979 1639 1142 1701 decuisset:
1173 1642 1271 1713 Quare

62 1734 177 1797 tollens
200 1755 268 1799 eum
291 1740 336 1797 sis
361 1737 452 1799 bomo
473 1739 568 1799 lactus
591 1736 649 1800 es?
694 1738 845 1817 Siquidem
868 1738 961 1801 ileum
985 1740 1064 1801 illum
1088 1760 1157 1801 esse
1180 1759 1271 1819 opera

61 1834 112 1915 ipsa
132 1838 339 1901 ostendebant.
385 1839 428 1900 lta
449 1840 526 1901 enim
550 1838 591 1900 illi
614 1848 644 1899 et
654 1838 750 1900 Patris
772 1838 981 1917 benignitatem
998 1841 1125 1903 luissent
1141 1844 1271 1903 venerati

61 1938 178 2000 atillius
208 1941 313 2001 iactam
345 1942 442 2002 nostri
470 1960 557 2003 carisa
585 1940 838 2021 dispensationem
861 1960 920 2002 non
943 1942 1114 2021 potuissent
1134 1960 1194 2003 non
1215 1943 1270 2003 ad·

61 2040 157 2101 niran.
203 2040 310 2103 Verum
335 2050 447 2103 tanturn
470 2041 580 2115 aberat,
603 2050 636 2103 ut
657 2040 686 2101 id
710 2041 852 2115 diberent,
877 2051 908 2101 ut
930 2043 1018 2103 etiam
1041 2062 1096 2103 nec
1118 2061 1191 2121 quae
1214 2044 1269 2101 sre-

59 2138 117 2201 lant
136 2142 243 2205 uellent
265 2144 382 2217 ridere;
404 2144 449 2203 rel
473 2142 499 2203 si
519 2142 658 2204 ridebant
671 2145 739 2217 (nec
753 2142 831 2205 enim
847 2142 903 2203 ista
919 2152 1056 2222 poterant
1070 2163 1131 2204 non
1146 2142 1270 2219 videre),

60 2260 149 2305 nnus
171 2244 320 2307 adoliam
342 2244 549 2325 confugiebant
569 2244 730 2323 querelam.
774 2246 833 2305 Cur
849 2244 988 2317 Sabbato,
1012 2244 1191 2323 inquiebant,
1213 2263 1269 2324 pa·

60 2342 194 2423 alpicum
217 2364 305 2408 sanas
328 2354 357 2407 et
374 2330 475 2407 'risum
497 2365 584 2409 caeco
607 2353 676 2407 nato
699 2344 859 2407 restituis?
901 2345 981 2407 ilaec
1001 2356 1099 2407 autem
1115 2346 1269 2425 speciosae

59 2444 192 2508 dumtaxat
214 2466 322 2511 causae
344 2458 438 2519 erant,
460 2448 589 2526 nihilque
611 2447 699 2519 aliud,
722 2446 779 2507 nisi
801 2465 914 2508 merum
936 2466 1079 2509 murmur.
1123 2446 1167 2507 llli
1190 2447 1268 2507 enim

59 2546 147 2621 mam,
168 2567 238 2609 cum
260 2548 327 2609 aliis
349 2548 455 2611 diebus
478 2548 620 2609 Dominus
643 2566 761 2609 onmem
783 2546 919 2609 morbum
943 2557 972 2609 et
994 2549 1192 2610 infirmitatem
1215 2567 1267 2607 sa·

59 2660 144 2723 naret,
171 2668 257 2711 more
279 2650 370 2712 solito
393 2650 649 2729 conquerebantur
671 2649 876 2728 rnalobantque
897 2650 1051 2711 beelzebul
1075 2668 1142 2709 erim
1165 2647 1267 2726 aqipol·
1318 2644 1323 2653 '

59 2746 138 2809 lurtes
170 2751 201 2812 in
224 2750 386 2831 impietatis
409 2752 609 2832 suspicionem
632 2750 748 2821 venire,
779 2770 866 2829 (priam
887 2752 1038 2829 propriam
1062 2750 1189 2810 abiicere
1211 2766 1266 2807 ne-

59 2852 173 2926 quitiam.
220 2852 296 2914 ilinc
317 2852 386 2915 licet
400 2852 536 2914 Salvator
556 2852 646 2913 variis
668 2852 828 2953 multiqque
850 2852 946 2911 orodis
969 2870 1052 2912 suam
1074 2851 1138 2930 ipse
1160 2848 1268 2909 divini-

59 2958 133 3013 tatem
155 2954 347 3033 patelaoeret,
370 2952 525 3033 Patrisque
548 2952 746 3031 cognitionem
769 2971 873 3012 ramnes
897 2951 1051 3025 edoceret,
1074 2951 1115 3011 illi
1136 2950 1215 3011 volut
1236 2949 1267 3007 in

60 3052 181 3114 stimulos
206 3055 409 3127 calcitrantes,
432 3054 521 3116 stulte
543 3054 721 3114 blaterantes
745 3052 998 3124 coinradicebant,
1027 3054 1114 3131 idque
1134 3061 1265 3112 tantum-

58 3154 132 3215 nodo
154 3164 187 3215 ut
210 3155 289 3217 iuxta
313 3156 445 3217 diriorum
466 3155 653 3234 proverbium
677 3155 847 3232 cxcrrgitatis
871 3154 1077 3214 occasionibus
1100 3172 1133 3213 se
1149 3152 1267 3231 ipsosa

59 3256 162 3317 raritate
184 3263 370 3335 separarent.

126 3462 155 3521 2.
201 3460 303 3538 ltaque
326 3458 435 3527 luciaci,
458 3458 509 3538 qni
530 3466 589 3521 um
611 3458 744 3537 improbe
760 3457 917 3518 ltominnm
937 3457 1092 3535 negabunt,
1115 3456 1179 3517 iuro
1200 3474 1265 3516 me-

57 3558 101 3619 n'to
122 3570 149 3621 et
170 3560 269 3641 legum
293 3570 323 3621 et
345 3559 488 3631 omnium,
511 3578 585 3639 cquae
607 3558 744 3622 Patribus
767 3558 916 3639 promissa
932 3558 1024 3630 luere,
1048 3567 1182 3637 expertes
1198 3557 1264 3619 lacti

57 3672 121 3721 siant
163 3662 263 3723 Ariani
287 3681 370 3735 rero,
393 3662 443 3741 qui
465 3660 590 3723 ludaeos
613 3662 701 3722 bodie
724 3660 885 3731 imitantur,
908 3659 1034 3739 tlaiplrae
1057 3670 1085 3718 et
1108 3660 1265 3719 l'lrarisac-

58 3780 127 3823 onim
154 3765 226 3825 milri
250 3764 388 3825 ridentur
410 3780 479 3824 esse
500 3764 578 3825 hartel
601 3762 769 3823 dissimiles.
815 3762 888 3822 Cum
911 3761 988 3821 enim
1011 3778 1095 3821 snam
1118 3760 1265 3821 baeresim

58 3864 130 3938 rilril,
164 3867 244 3945 qnod
274 3865 383 3927 rationi
407 3864 447 3925 sit
468 3873 718 3936 consentaneum,
748 3862 900 3923 continere
930 3862 1060 3933 rideant,
1094 3861 1266 3923 occasiones

59 3966 149 4039 rariter
170 3970 361 4048 contingunt,
393 3986 459 4026 cum
481 3967 538 4029 buc
560 3976 644 4046 pacto
667 3968 865 4042 interrogant:
897 3964 956 4023 Cur
978 3965 1035 4023 boc
1057 3963 1156 4040 potins
1179 3982 1265 4039 qnam

59 4062 110 4127 llud
129 4070 274 4149 scriptum
298 4066 374 4129 est?
418 4068 523 4128 l‘errrrn
546 4086 583 4129 nc
605 4068 738 4141 mireris,
762 4067 787 4127 si
810 4084 888 4127 rrurrc
909 4065 947 4125 ita
970 4083 1002 4125 sc
1025 4073 1141 4140 gerant:
1171 4064 1264 4142 siqni-

61 4282 87 4343 pq
102 4290 119 4337 ¹·
136 4305 155 4337 π
175 4284 297 4357 omas.
321 4286 400 4347 ζητεῖ
415 4279 483 4355 ἀνὴρ
501 4281 628 4352 βουλόμξ.
682 4290 718 4337 „15
743 4290 793 4336 sun
819 4285 924 4349 querulis
949 4286 1090 4334 occasiones
1109 4283 1263 4347 quaerebant.

58 4358 266 4425 menatenam
285 4348 344 4405 dno
364 4348 465 4421 oiler-
503 4358 528 4406 n
546 4365 628 4413 estut
682 4365 705 4404 ¹¹¹
725 4372 736 4404 ³·
756 4355 852 4404 ‘'rull“
871 4353 1020 4403 ΜΕΝ·
1251 4416 1254 4423 ,

58 4414 108 4472 labet
122 4430 224 4489 solean.
243 4428 388 4479 occasiones
407 4426 503 4487 aruerit,
523 4428 563 4489 qui
581 4426 627 4473 uult
714 4439 734 4471 e.
754 4424 794 4471 Sic
818 4422 903 4482 littllss
927 4434 971 4469 ¹¹¹⁵·
1013 4418 1076 4469 mm
1097 4432 1152 4465 *⁰¹⁵⁰
1178 4423 1201 4463 Εἰ
1225 4415 1264 4463 ³¹¹¹

57 4494 132 4543 aqam
151 4500 178 4545 αἱ,
197 4500 284 4547 mcv,
323 4492 369 4541 Sic
388 4504 475 4553 nempe
492 4491 570 4543 lriaoi
588 4508 628 4539 va·
679 4486 732 4553 pir
747 4484 810 4555 γάρ·
1027 4550 1065 4601 2,
