2934 5078
473 276 620 321 srrsrom
633 276 655 320 1.
677 278 713 320 an
736 262 932 324 ammones.
1234 268 1296 333 673
1323 346 1326 357 .

74 431 130 492 sed
152 430 276 492 eosdem
298 429 335 490 de
356 430 468 509 Spiritu
491 438 594 490 saneto
615 446 703 507 prave
724 430 845 504 sentire,
868 432 1106 514 contendereque
1128 434 1209 498 illum
1236 453 1380 501 nonnas

72 541 188 594 tantum
210 526 440 606 rem'creatam,
470 531 524 592 sed
551 530 638 592 etiam
665 549 756 593 unum
785 550 821 593 ex
842 533 1028 596 administris
1050 536 1205 616 spiritibus
1227 556 1296 600 csso

72 635 199 714 soloque
221 634 311 714 gradu
340 634 377 695 ab
398 633 517 712 Angelis
546 633 674 694 differre.
718 633 756 694 Et
786 634 861 695 haec
888 635 1024 698 simulata
1052 637 1171 717 quidem
1199 658 1297 720 pugna

72 757 140 799 cum
162 737 296 809 Arianis,
326 736 379 798 sed
406 754 476 798 vera
492 743 543 797 est
567 752 631 799 cum
652 733 701 816 pia
722 735 781 797 fide
803 737 934 798 certatio.
979 738 1051 800 Nam
1073 747 1106 801 ut
1127 739 1168 801 illi
1188 741 1296 805 Filium

71 848 215 920 negantes
236 846 346 918 negant
372 847 402 900 et
427 838 561 911 Patrem,
586 836 627 898 ita
654 843 685 898 et
711 837 761 899 isti
789 837 909 927 indigna
930 839 968 902 de
988 839 1100 920 Spiritu
1121 851 1225 905 sancto
1246 843 1295 906 lo·

22 940 26 955 “
72 950 199 1022 quentes
227 942 348 1022 indigna
374 959 493 1022 quoque
522 940 558 1002 de
577 938 652 1000 Filio
683 937 843 1019 loquantur
871 960 995 1004 necesse
1023 951 1078 1005 est
1122 944 1165 1006 lta
1193 944 1296 1009 ambae

71 1045 137 1106 illae
160 1053 259 1107 sectae
280 1043 390 1115 bellum
411 1042 527 1104 veritati
549 1035 688 1104 indictum
710 1041 852 1117 divisere,
882 1051 926 1106 ut·
942 1044 984 1107 illi
1012 1055 1116 1108 contra
1136 1046 1244 1110 Filium
1266 1055 1297 1111 et

71 1147 121 1208 isti
143 1156 247 1209 contm
269 1147 413 1228 Spiritum
441 1153 574 1207 sanctum
601 1162 744 1225 perversa
771 1145 933 1208 sentientes
956 1147 1090 1209 eiusdem
1111 1148 1144 1211 in
1164 1157 1297 1212 sanctam

71 1249 247 1311 Trinitatem
276 1247 476 1328 blasphemiae
505 1245 590 1308 simul
616 1246 661 1308 rei
682 1246 753 1309 sint.
797 1246 870 1309 Cum
892 1245 982 1328 igitur
1003 1250 1077 1312 haec
1096 1250 1296 1330 perspicerem

70 1351 221 1431 multaque
243 1370 358 1412 mecum
380 1350 545 1430 cogitarem,
568 1349 599 1409 in
621 1366 738 1429 gravem
759 1349 847 1411 incidi
863 1348 984 1425 luctum,
1007 1348 1087 1431 quod
1100 1352 1208 1414 iterum
1223 1335 1295 1441 llia3

68 1453 158 1516 bolus
182 1454 349 1516 ludificandi
371 1472 473 1515 ansam
496 1451 569 1532 apud
592 1450 660 1513 illos
682 1460 786 1514 nactus
810 1462 907 1528 esset,
938 1453 989 1534 qui
1011 1454 1076 1516 eius
1098 1453 1244 1515 insaniam
1265 1461 1297 1516 et

68 1557 203 1617 furorem
225 1555 333 1618 imitari
354 1555 427 1616 nihil
449 1561 595 1616 verentur.
639 1552 715 1615 llinc
742 1573 798 1633 ego
826 1554 885 1616 hoc
911 1555 1056 1636 temporis
1078 1555 1167 1618 silere
1180 1555 1295 1618 ⁴decro-

69 1677 181 1720 veram.
230 1657 438 1720 Verumtamen
469 1675 533 1718 cum
562 1663 595 1717 ut
623 1662 691 1718 tuae
718 1656 888 1718 sanctitatis
918 1657 1116 1719 cohortationi
1132 1657 1295 1731 cederem,

67 1768 132 1821 tom
156 1770 189 1821 ut
208 1778 328 1840 pravam
349 1760 468 1821 illorum
487 1757 659 1839 opinionem
682 1766 712 1820 et
734 1758 894 1820 satanicam
912 1759 1063 1848 andaciam
1077 1759 1294 1841 propulsarem,

67 1862 114 1922 rix
138 1861 258 1923 tandem
279 1861 382 1942 paucis
404 1862 479 1923 hanc
498 1860 582 1940 potui
605 1859 738 1922 scribere
752 1860 928 1940 Epistulam,
950 1868 982 1922 ut
1004 1869 1035 1922 tu
1054 1861 1210 1924 occasione
1224 1861 1294 1923 inde

66 1973 188 2044 accepta
210 1983 264 2043 pro
288 1973 338 2026 tua
360 1983 416 2044 qua
436 1962 531 2043 polles
553 1963 709 2042 prudentia
731 1981 774 2037 ea,
798 1981 874 2044 quae
895 1963 1010 2038 desunt,
1033 1962 1183 2045 suppleas,
1206 1972 1378 2044 atquereu.

66 2065 142 2127 adeo
166 2065 254 2147 plene
276 2065 425 2128 refellatur
446 2066 536 2146 impia
557 2065 702 2128 haeresis.
1173 2067 1176 2076 “
1264 2066 1268 2079 “

153 2272 184 2332 2.
228 2269 330 2349 ltaque
358 2268 532 2330 hrianmum
562 2268 682 2348 quidem
714 2286 897 2349 nequaquam
927 2268 1021 2330 aliena
1050 2277 1096 2330 est
1112 2256 1293 2331 'huiusmodi
1345 2301 1348 2308 ¹

65 2371 225 2432 sententia.
269 2371 430 2451 Postquam
452 2371 531 2432 enim
553 2369 646 2432 semel
667 2369 720 2432 nei
743 2370 871 2432 Verbum
893 2389 1002 2449 negare
1024 2371 1089 2432 ausi
1113 2378 1197 2445 sunt,
1226 2388 1293 2432 me·

63 2473 123 2534 rito
147 2472 251 2533 eadem
274 2473 312 2534 de
333 2474 398 2534 eius
421 2473 534 2553 Spiritu
556 2472 646 2553 impie
667 2473 860 2535 mentiuntur.
906 2473 1052 2546 Quocirca
1070 2473 1223 2552 necplura
1237 2471 1292 2534 ad-

64 2591 173 2636 versus
195 2574 262 2636 illos
285 2574 382 2636 dicere
404 2594 528 2636 necesse
549 2583 603 2648 est,
627 2573 681 2637 sed
703 2575 774 2636 satis
798 2593 865 2635 esse
885 2573 994 2636 debent
1012 2580 1089 2654 'quae
1112 2582 1197 2635 antea
1219 2592 1292 2635 con-

64 2683 109 2736 tra
132 2676 219 2755 ipsos
244 2677 320 2738 dieta
342 2685 421 2739 sunt.
466 2677 553 2751 Quod
578 2686 675 2738 autem
697 2677 734 2738 ad
755 2676 823 2738 illos
846 2684 969 2757 spectat,
996 2677 1045 2755 qui
1068 2674 1141 2738 falsa
1162 2675 1199 2737 de
1221 2674 1293 2754 spt-

62 2777 122 2839 ritu
138 2788 243 2840 sancto
259 2786 391 2841 errantes
405 2779 573 2858 opinantur,
595 2780 670 2860 ipsis
686 2779 814 2859 quodam
829 2778 919 2840 modo
934 2778 996 2840 sive
1011 2783 1134 2858 *tropo,
1157 2784 1190 2839 ut
1203 2776 1293 2838 iidem

63 2877 237 2960 loquuntur,
261 2882 398 2942 convenit
418 2882 611 2961 respondere:
655 2881 728 2944 hlirs
749 2882 828 2943 enim
848 2882 983 2962 prolecto
1006 2880 1139 2942 videatur
1157 2879 1292 2960 ipsorum

63 2982 210 3053 amehtia,
243 2983 322 3061 quod
349 2983 460 3045 scilicet
488 2984 524 3058 ii,
557 2983 606 3064 qui
627 2982 733 3046 Filium
754 2984 808 3045 Ilei
837 3003 901 3046 rem
930 2991 1056 3045 creatam
1086 3000 1155 3043 esse
1186 2981 1292 3043 nolunt

64 3085 133 3162 (qua
164 3083 283 3163 quidem
312 3084 342 3144 in
365 3104 397 3146 re
419 3093 500 3147 recte
523 3086 683 3164 sentiunt),
715 3086 857 3166 Spiritum
881 3085 945 3146 Filii
974 3103 1038 3145 rem
1067 3092 1193 3146 creatam
1223 3100 1292 3144 esse

64 3184 109 3244 rel
131 3186 222 3246 etiam
245 3186 347 3247 andire
368 3188 526 3266 patiantur.
572 3189 604 3250 Si
627 3188 704 3250 enim
733 3196 856 3268 propter
877 3186 965 3248 Verbi
996 3206 1062 3248 cum
1083 3185 1171 3247 Patre
1192 3185 1291 3246 unita-

63 3295 123 3348 tem
144 3287 252 3347 nolunt
272 3286 379 3348 Filium
402 3307 470 3349 esse
492 3308 508 3349 e
529 3288 619 3351 rebus
641 3290 742 3365 lactis,
765 3290 834 3362 sed,
866 3288 947 3369 quod
969 3287 1088 3368 quidem
1109 3288 1213 3350 'verum
1236 3294 1292 3362 est,

130 3505 147 3537 *
166 3508 254 3572 Tropis
272 3509 385 3557 nimirum
404 3508 439 3558 illi
451 3499 482 3560 'et
500 3510 649 3574 metaphoris
667 3510 828 3575 depravabant
847 3525 874 3559 ea
893 3525 977 3561 sacrae
994 3510 1134 3573 Scripturas
1152 3509 1220 3568 loca,
1239 3507 1292 3572 qui·

63 3575 397 3694 ξξιὲθῗὲιῐίῐιὲιᾶξιιιίωῗριιὸιιιιιι
422 3587 531 3628 sanctum
557 3578 693 3642 probabant
711 3579 786 3628 Deum
811 3594 880 3639 esse,
905 3579 1009 3643 hincque
1027 3578 1124 3641 Tropiri
1149 3577 1204 3641 dieti
1227 3583 1296 3659 aaut,

61 3778 123 3829 tatu
142 3774 284 3828 διείλοντο.
321 3780 463 3829 thidbasil.
477 3780 549 3829 codex
569 3795 652 3830 mann·
737 3780 760 3829 d.
778 3780 834 3842 lteg.
856 3780 877 3828 l.
896 3788 920 3831 et
938 3781 1037 3842 Segner.
1054 3772 1207 3845 λειπόμενα.

62 3849 169 3911 scriptus
186 3847 256 3897 solus
273 3841 343 3914 πρὸς
359 3846 407 3906 τῆς
425 3839 560 3906 ἀληθείας.
737 3864 758 3896 e.
777 3848 833 3909 lleg.
853 3844 891 3910 [⁶3]
906 3855 929 3898 et
949 3850 1047 3907 Seguer.
1067 3839 1145 3911 r’air'ya
1161 3836 1288 3912 προςήκει

96 3932 117 3965 c.
135 3916 164 3965 ln
183 3917 256 3965 editis
275 3924 297 3965 sl
317 3918 341 3964 in
360 3917 503 3980 quibusdam
516 3917 651 3966 manuscri·
704 3910 894 3994 dcepmtuirrug
912 3906 1011 3969 αὐτοὺς
1028 3908 1120 3965 εἰπεῖν.
1148 3916 1223 3966 lidem
1237 3928 1290 3964 mox

60 3982 109 4093 glis
143 3984 182 4033 blc
214 3998 343 4048 perperam
379 3984 502 4046 legebatur
530 3982 651 4032 σιωπῶν.
703 3976 783 4035 εὐθυς
801 3992 857 4046 post
874 3999 909 4031 αν
925 3999 966 4038 τις
984 3985 1081 4035 addunt.
1308 4018 1312 4031 .

78 4065 147 4103 erum
173 4051 238 4115 llegii
264 4053 335 4102 ambo
355 4054 465 4111 codices,
484 4053 573 4113 angue.
594 4054 651 4100 item
737 4053 754 4099 l.
791 4051 830 4100 Sic
854 4052 949 4114 liegl.
969 4054 1067 4114 Saguer.
1085 4051 1175 4112 Anglie.
1194 4046 1291 4125 Goblen

61 4119 175 4170 etBssil.
193 4120 384 4183 osmugirrecte
403 4121 498 4170 habent.
536 4119 585 4169 llos
606 4119 652 4170 sli-
703 4128 727 4168 et
745 4118 887 4170 antelmi.
925 4121 1002 4171 Ceteri
1028 4135 1083 4169 sero
1107 4119 1293 4166 stadiumve

61 4189 101 4305 gui
120 4189 217 4267 codices
236 4204 289 4239 cum
309 4190 379 4238 editis
398 4189 486 4238 babent
496 4180 648 4246 ὁσιότητος,
702 4188 822 4265 omittunt.
864 4188 917 4237 ldox
941 4189 1021 4238 Ottob.
1047 4181 1078 4234 τὸ
1106 4183 1212 4251 πνεῦμα
1242 4181 1291 4231 τοῦ

73 4269 138 4306 rena
154 4269 191 4306 τε,
228 4258 284 4320 lteg.
302 4258 323 4306 l.
343 4259 442 4319 Seguer.
461 4257 532 4306 Busil.
552 4258 649 4307 Gabler.
701 4257 776 4304 θεον.

61 4332 83 4374 st
101 4326 208 4376 l'elehm.
229 4324 251 4374 i.
271 4325 360 4375 babent
377 4320 557 4389 yvqocdrqroe
573 4315 651 4373 ἕνεκά
738 4340 759 4385 g.
778 4324 834 4386 lteg.
847 4324 871 4374 2.
891 4317 975 4371 αὐτὸν
992 4310 1070 4372 εἶναι.
1108 4320 1186 4371 Ceteri
1202 4326 1225 4368 et
1235 4318 1293 4369 editi

60 4405 98 4456 γε.
133 4394 243 4444 Narniae
268 4408 364 4456 quoque
387 4384 566 4459 γνησιόιητος
587 4394 651 4455 legit,
703 4378 774 4440 εἶναι
800 4393 919 4442 omittunt.
964 4392 1054 4441 ibidem
1080 4389 1135 4451 lteg.
1152 4389 1174 4439 l.
1193 4388 1291 4450 Seguer.

59 4463 211 4579 ιῐιὲιιαιίιιιι
240 4462 397 4525 sinemurum
425 4462 511 4513 tantilli
536 4461 651 4512 momenti
703 4461 815 4581 egglvrgoe
813 4458 958 4576 1φροιίιιῖιιι,
995 4457 1291 4525 aliiverosteditiqqc·

98 4613 228 4660 Ατιιιιιιιι
240 4625 293 4661 ors.
306 4625 381 4659 noca.
392 4626 441 4658 sm.
1056 4609 1090 4662 43
