2948 5092
407 295 552 340 nutsnou
566 296 587 340 1.
601 297 638 338 su
655 297 850 340 sensusonnu.
1165 282 1228 349 689

99 466 185 508 rsus:
213 447 345 523 Quanto,
366 452 493 529 putetis,
518 448 664 510 deteriori
683 449 838 530 officietur
860 450 1024 531 supplicio,
1047 453 1099 533 qui
1120 452 1312 515 Filium-css.

101 548 308 612 onculcoverit
330 561 359 610 et
382 554 556 629 scupuinem
578 554 750 611 testamenti
764 550 917 630 pollutum
940 553 1078 624 duxerit,
1106 558 1139 616 in
1171 572 1228 635 quo

97 651 213 731 ifiectus
237 663 288 721 est,
313 663 340 712 et
361 650 496 731 Spiritui
514 656 632 729 proiice
648 652 857 714 contumelium
877 652 1012 732 seceris?
1053 652 1091 714 lit
1104 654 1228 717 iterum:

97 756 143 812 rim
166 757 288 830 soopuis
311 763 475 814 taurorum
497 763 525 814 et
546 751 701 814 hircorum
722 761 752 814 et
774 756 850 816 cinis
873 754 987 816 uituloe
1014 768 1158 839 uspersus
1181 761 1230 818 iu-

100 863 148 914 tos
170 855 342 933 sanctificet
370 855 409 917 cd
431 854 668 916 emundationem
690 859 808 927 curuis,
844 867 956 938 quanto
985 861 1077 935 mopis
1107 861 1231 937 soupuie

98 957 131 1025 ti,
154 958 207 1035 qui
222 973 282 1035 per
302 954 453 1035 Spiritum
475 960 688 1036 sernpiternum
710 961 899 1038 semetipsum
926 958 1034 1021 obtulit
1055 959 1230 1021 immaculu-

97 1055 165 1126 lleo,
189 1058 361 1119 emundabit
384 1061 592 1120 conscientium
614 1069 754 1120 noctram
775 1059 812 1121 ob
835 1059 975 1139 operibus
996 1056 1152 1122 mortuis?
1194 1058 1231 1120 Et

97 1156 367 1219 bessulonicenses:
390 1159 429 1219 Et
450 1167 521 1218 tunc
543 1158 730 1221 revelabitur
750 1160 803 1223 ille
823 1165 956 1243 iniquus,
978 1180 1062 1242 quem
1082 1160 1231 1223 Dome'uue

115 1259 278 1340 interficiet
299 1259 420 1340 Spiritu
443 1264 505 1321 oris
527 1263 578 1320 sui
598 1272 626 1323 et
648 1261 784 1332 destruet
798 1264 930 1325 obventu
941 1267 1131 1342 praesentius
1146 1280 1230 1325 eune.

97 1667 122 1728 l.
166 1663 241 1725 Ecce
264 1684 323 1744 quo
352 1674 438 1745 pacto
463 1664 590 1746 Spiritus
613 1676 734 1728 sanctus
755 1686 810 1747 per
831 1687 935 1730 omnes
957 1667 1072 1729 divinae
1094 1665 1228 1746 Scriptu-

100 1766 201 1845 sginas
225 1767 378 1829 indicetur.
424 1768 502 1842 Quid
525 1787 596 1848 ergo
618 1788 672 1830 vos
694 1769 742 1830 his
764 1769 862 1835 simile
884 1769 914 1829 in
929 1769 1076 1848 Propheta
1095 1767 1229 1830 animab-

98 1866 163 1928 cist
205 1868 266 1929 Nec
294 1869 372 1930 euim
400 1871 446 1931 vel
476 1870 564 1931 etism
593 1871 748 1933 articulum
777 1865 945 1933 adiunctum
974 1871 1062 1933 hebet
1091 1876 1229 1952 spiritus,

97 1989 124 2030 to
147 1969 195 2030 ille
217 1969 358 2055 loquitur,
383 1979 415 2032 ut
436 1971 541 2033 saltem
563 1971 658 2051 aliqua
680 1972 766 2034 vobis
787 1972 863 2035 ratio
883 1972 1031 2035 subesset
1075 1973 1136 2034 Vos
1157 1990 1229 2034 vero

97 2091 161 2134 ram
188 2072 274 2134 vohis
303 2073 378 2152 ipsis
408 2083 511 2154 tropos
535 2075 644 2153 lingere
667 2073 798 2148 audetis,
828 2093 884 2136 nec
911 2074 1053 2136 veremini
1082 2093 1228 2150 asserere,

98 2193 160 2248 um,
183 2174 233 2252 qui
256 2175 350 2234 creari
373 2175 488 2248 dicitur,
512 2175 611 2255 ipsum
633 2195 703 2237 esse
725 2175 868 2256 Spiritum
891 2185 1035 2250 sunctum,
1058 2174 1190 2256 quemvis
1213 2195 1231 2239 u

97 2294 109 2335 s
131 2275 202 2335 viris
226 2276 384 2354 spirituum
406 2277 601 2338 differentiam
621 2266 836 2340 vobis'diseere
849 2278 961 2340 liceret.
1004 2277 1077 2339 Nam
1093 2285 1123 2340 et
1137 2278 1231 2357 ipsius

97 2396 124 2437 re
147 2377 276 2437 hominis
300 2378 423 2456 spiritus
446 2378 562 2452 dicitur,
585 2378 626 2440 uti
650 2379 726 2441 canit
740 2379 847 2441 David:
871 2379 964 2442 Nocte
981 2399 1048 2442 cum
1063 2381 1152 2442 corde
1164 2394 1230 2440 meo

97 2478 184 2549 obcr,
209 2491 235 2539 et
258 2484 358 2540 tristis
382 2491 449 2541 erat
470 2484 598 2560 spiritus
619 2500 712 2544 meus.
755 2481 869 2542 Burucls
891 2482 961 2543 item
983 2481 1031 2543 his
1046 2480 1142 2543 verbis
1157 2499 1230 2560 pre-

97 2599 102 2640 :
132 2585 237 2641 Animo
266 2585 298 2642 iu
327 2586 474 2661 orrpustiis
505 2595 534 2644 et
562 2587 691 2663 spiritus
720 2588 832 2646 oum'us
862 2583 976 2646 clomct.
999 2584 1039 2645 co
1060 2592 1096 2645 te.
1140 2580 1229 2643 Elin

97 2700 114 2741 o
137 2682 226 2742 trium
248 2701 426 2761 puerorum:
455 2684 621 2747 Benedieite
652 2689 781 2766 spiritus
802 2698 832 2747 et
852 2690 970 2747 animae
990 2689 1144 2747 iustorum
1164 2683 1231 2745 Do-

143 2782 183 2842 lta
206 2784 294 2845 etism
318 2785 421 2845 scribit
443 2784 618 2864 Apostolus:
650 2789 720 2867 lpse
742 2786 878 2867 Spiritus
911 2790 1111 2848 testimonium
1133 2784 1232 2847 reddit

97 2888 134 2943 ui
153 2890 276 2957 nostro,
309 2888 388 2967 puori
416 2906 519 2950 sumus
540 2888 603 2969 tilii
621 2887 688 2952 Dei.
732 2887 769 2950 Si
793 2899 893 2962 cutem
919 2888 991 2969 filii,
1021 2898 1050 2949 et
1078 2887 1229 2948 boeredes.

97 3003 187 3046 rsus:
218 2987 309 3049 Nemo
338 2992 394 3048 scit
416 3008 490 3069 prece
512 2998 585 3050 suut
607 2990 750 3063 bominis,
778 2994 841 3053 nisi
861 2994 990 3071 spiritus
1013 2988 1156 3058 bominis,
1179 2990 1233 3067 qui

97 3105 128 3148 so
151 3099 204 3148 est.
248 3088 286 3148 Et
307 3088 440 3168 Epistola
461 3089 498 3151 ad
520 3089 801 3153 Thessalonicenses
830 3091 903 3153 heec
923 3097 1075 3170 precatur:
1109 3088 1230 3168 inteper

98 3207 137 3249 ue
166 3202 265 3251 vester
294 3203 322 3252 et
351 3195 452 3251 auimo
479 3204 507 3254 et
538 3210 650 3273 corpus
673 3197 738 3255 siue
758 3191 881 3275 querele
903 3196 935 3254 iu
957 3193 1089 3254 obventu
1109 3190 1234 3253 Domini

97 3294 108 3351 i
128 3289 198 3351 lesu
223 3292 338 3353 Cbristi
357 3304 508 3355 seruetur.
552 3292 666 3356 Dicitur
688 3293 776 3356 etiam
798 3301 954 3356 ventorum
976 3292 1113 3374 spiritus,
1142 3290 1231 3352 sicuti
1298 3286 1326 3348 '.

97 3433 153 3519 ‘fl
170 3442 208 3519 ft}
224 3460 244 3522 p
262 3438 334 3523 λόγῳ
352 3443 411 3523 reipr
426 3436 590 3525 ἆσκητικῶνὶ·
643 3449 705 3513 opud
722 3448 817 3498 latinos
840 3450 874 3499 eie
897 3453 973 3497 ecstor
996 3448 1032 3497 liic
1050 3447 1115 3496 locus
1131 3447 1157 3493 iu
1174 3459 1230 3495 eon·

97 3523 126 3557 αι
135 3524 209 3577 παρα
230 3511 366 3577 Purpureos
379 3526 449 3559 ουτω
461 3514 548 3562 κεῖται
560 3530 591 3562 το
643 3523 708 3566 tectu
737 3517 828 3566 birinoe
855 3516 994 3580 Scripturas.
1038 3515 1133 3565 Attenle
1158 3526 1228 3576 porro

105 3571 203 3655 fruto]
227 3572 293 3655 ὕφει
311 3579 451 3658 τῆςβείας
467 3582 588 3648 γραφῆς.
615 3588 620 3597 '
641 3585 906 3647 mopuumltbenusium
923 3586 983 3634 bunc
1000 3583 1076 3634 locum
1086 3581 1231 3658 intelieciese

97 3641 116 3694 le
143 3661 194 3723 orex
213 3641 319 3727 uae'e'ep:
341 3648 491 3764 uptobdcpb
510 3644 591 3730 ἁγίου
643 3654 671 3702 cle
688 3654 740 3768 ipsp
756 3660 836 3709 cuncto
855 3653 957 3768 ippum,
982 3667 1029 3701 non
1046 3657 1121 3700 cutem
1138 3649 1167 3698 be
1184 3648 1231 3697 ols-

97 3727 198 3837 2⁰23}
210 3711 417 3837 ἑὲιῖοέποίζιζῖςς
430 3731 591 3834 τῶνωὲῧὲςὶ
643 3734 953 3848 ᾳαί.α8ιᾶῖᾚκῖἷιῗ)ἶῖἵωὶιί
968 3792 991 3835 et
1004 3784 1103 3846 Seguer.
1137 3780 1229 3858 lbidstp

97 3842 174 3899 ὶτων.
211 3853 269 3903 Noto
295 3855 354 3903 lcuue
378 3855 452 3903 iocum
476 3858 509 3904 ito
532 3872 591 3906 stunc
643 3855 741 3905 Gobler.
766 3861 789 3902 et
814 3853 962 3903 retium-t.
986 3853 1046 3901 bsec
1062 3849 1133 3900 verbu
1150 3861 1227 3913 παρα

97 3927 159 3969 sture
174 3923 235 3984 opud
245 3923 384 3985 Aprostslum,
405 3924 453 3982 seb,
474 3923 591 3971 [lominus
642 3922 692 3969 zob
714 3913 862 3988 προφήτου
879 3913 1027 3985 λεγόμενον
1043 3916 1092 3964 νῦν
1110 3918 1229 3965 omittunt.

97 3988 131 4036 iet
148 3989 237 4051 Spiritu
266 3991 316 4037 oris
339 3990 385 4036 sni.
425 3991 516 4038 litetur
538 4006 591 4040 cero
643 3989 720 4039 Attin
739 3988 796 4038 editi
815 3979 864 4035 οὐκ
882 3979 916 4034 ἂν
933 3981 965 4035 τὸ
984 3977 1164 4053 ὄρθρονὲχῃ.

97 4071 143 4116 m,
165 4058 232 4134 lesus
251 4057 375 4135 Christus,
394 4060 470 4107 oeeseio
490 4074 536 4121 quo
552 4073 593 4106 rc·
677 4057 700 4105 d.
725 4056 781 4119 neg.
802 4055 823 4105 l.
847 4046 879 4104 iu
895 4054 934 4120 roi
950 4048 1052 4115 Δανιὴλ
1067 4047 1229 4168 yfpewfm·

97 4126 124 4174 cb
142 4124 259 4187 aliquibus
276 4132 443 4174 resectcsesse.
472 4127 593 4181 Ouobou-
644 4125 715 4176 Gobl.
740 4132 764 4173 et
781 4123 884 4174 Felclm.
907 4125 927 4174 1.
947 4117 992 4171 uui
1009 4120 1118 4180 Δανιη.
1155 4119 1230 4196 bttlem

97 4208 105 4241 ι
129 4194 158 4241 ob
178 4194 246 4241 initio
266 4195 382 4256 scripserit
399 4194 533 4257 Apostolus,
554 4210 593 4243 or·
644 4207 698 4242 mox
716 4183 730 4239 ὃ
748 4184 779 4241 δὲ
797 4182 961 4244 ἀπόστολος·
980 4182 1103 4239 αὒτόοιε.
1138 4186 1230 4236 lludem

97 4275 109 4310 o
137 4267 189 4308 sunt
213 4267 260 4308 tum
283 4277 341 4325 ‹puue
359 4263 395 4309 bic
413 4278 427 4310 o
445 4269 522 4311 sencio
547 4263 592 4311 isto
644 4261 709 4321 liegii
728 4267 751 4309 et
768 4260 908 4323 Seguerisn.
927 4259 1024 4311 Gcblcr.
1043 4266 1066 4306 et
1083 4254 1187 4305 l'elcltm.
1207 4254 1230 4305 l.

97 4335 140 4377 unt
158 4329 227 4387 elicto,
247 4335 294 4377 tum
312 4330 374 4393 quod
391 4331 450 4378 buue
467 4330 542 4379 iocum
560 4331 594 4377 si-
644 4319 772 4376 ebrini
794 4326 908 4394 πνεῦμα.
954 4326 1033 4378 Ceteri
1063 4332 1087 4374 et
1112 4322 1169 4372 editi
1196 4314 1229 4370 τό

115 4399 236 4460 proferent
263 4399 329 4446 binus
360 4397 533 4458 Cbrpsostomus
567 4399 592 4445 iu
644 4398 763 4446 omittunt.

101 4465 134 4513 ob
153 4463 376 4525 lbeeselonieeoses,
396 4472 416 4513 et
433 4480 529 4527 mopnss
546 4464 592 4513 bc-
677 4480 699 4513 e.
717 4463 758 4515 Sic
775 4464 831 4527 liep.
847 4462 869 4512 l.
888 4461 987 4525 signer.
1006 4469 1030 4512 et
1047 4458 1229 4512 GreeeusSen'-

97 4532 155 4582 'ibro‘
166 4534 411 4596 primobseetieorum.
433 4532 513 4582 lesuin
523 4532 593 4583 etium
642 4539 728 4596 ptum
746 4535 824 4583 tutus
841 4531 867 4583 in
885 4529 998 4581 omnibns
1015 4525 1227 4581 molitionum

97 4627 169 4661 iussu
180 4627 314 4667 φησει.
330 4629 379 4662 su.
994 4613 1029 4667 44
