2948 5092
458 273 604 319 marom
619 275 651 318 u.
666 275 703 318 tlt
720 212 917 320 senriorem.
1230 263 1290 329 toa

56 439 114 503 aar,
138 430 192 505 qni
212 437 281 489 eret
303 440 332 489 et
353 430 405 506 qni
426 438 575 489 uenturus
599 437 653 497 eat,
677 430 875 507 omroipotens.
920 427 983 488 Lux
1002 437 1048 490 est
1063 429 1165 505 Pater3
1187 430 1377 510 splen-tem.

55 530 115 591 dor
143 537 173 591 et
200 527 250 589 lux
278 545 348 588 vera
377 532 423 588 est
443 527 545 588 Filius.
589 527 669 589 lleus
697 547 785 589 verus
814 537 861 588 est
888 528 991 602 Pater3
1021 531 1099 594 [leus
1130 550 1220 594 verns
1237 542 1292 597 est

55 649 179 710 quoque
200 628 304 692 Filius.
349 630 391 692 lta
414 631 492 691 enim
521 629 642 710 scripsit
663 630 807 692 loannes:
836 631 949 693 Sumus
979 639 1011 694 in
1039 653 1128 705 vero,
1158 639 1191 698 in
1212 635 1291 701 Filio

55 737 125 794 eries
148 730 219 793 lesu
244 731 373 793 Christo.
419 731 476 793 Hie
499 732 756 795 cenomanens
778 746 807 796 et
829 738 892 796 nito
914 745 1050 797 aeterno.
1095 736 1227 817 lienique
1242 739 1291 800 ni·

54 834 99 896 bil
122 831 214 895 babet
235 834 338 905 Pater,
372 833 541 912 quod'non
566 835 606 895 sit
626 832 704 896 Filii.
747 834 860 896 ldciroo
884 834 963 896 enim
986 835 1078 897 Filius
1100 836 1131 898 in
1152 839 1240 901 Patre
1262 849 1291 903 ol

55 936 148 998 Pater
169 936 200 997 in
222 934 297 995 Ftlio
321 943 377 1007 est,
400 936 467 1014 quia
490 954 564 1015 qnae
586 944 658 999 sunt
678 936 785 1011 Patris,
807 937 881 998 haee
903 937 931 998 iu
947 937 1022 998 Filio
1038 947 1118 1013 sunt,
1141 950 1170 1002 et
1184 960 1291 1005 rursus

56 1037 165 1100 eudem
187 1037 218 1097 in
240 1036 327 1097 Patre
356 1037 568 1115 intelliguntur.
618 1038 662 1100 lta
691 1057 763 1100 sane
791 1039 869 1101 istud
899 1039 1021 1119 intelligi
1044 1041 1147 1103 debet:
1177 1044 1240 1123 qu
1261 1053 1292 1108 ot

56 1138 271 1201 Paterninum
293 1157 407 1210 sumne
432 1138 500 1217 quia
522 1157 583 1199 non
606 1137 660 1201 alia
682 1149 753 1202 sunt
774 1141 806 1202 in
827 1141 915 1203 Patre
937 1150 967 1203 et
989 1141 1043 1202 alia
1065 1143 1096 1204 in
1119 1143 1213 1218 Filio,
1236 1145 1292 1207 sed

56 1259 136 1319 quae
158 1240 189 1300 in
211 1240 298 1300 Patre
327 1247 413 1313 sunt,
443 1239 544 1301 eadem
573 1249 644 1303 sunt
670 1241 701 1302 in
723 1242 807 1302 Filio.
854 1243 937 1304 Unde
959 1243 1027 1322 quia
1055 1262 1129 1322 quae
1151 1245 1182 1305 in
1203 1245 1291 1309 Palm

56 1341 142 1403 rides
165 1341 247 1402 vides
270 1360 388 1419 quoque
411 1342 441 1402 in
463 1341 548 1416 Filio,
572 1351 651 1404 recte
673 1343 743 1406 illud
766 1344 954 1424 intelligitur:
981 1345 1044 1418 an'
1064 1348 1145 1408 videt
1165 1366 1220 1418 nte,
1242 1352 1290 1411 ni·
1380 1396 1382 1400 ψ

56 1445 108 1506 det
130 1442 262 1504 Putrem.

145 1648 176 1710 3.
221 1645 275 1706 llis
298 1663 369 1724 ergo
392 1634 432 1706 i'ta
454 1645 636 1706 confirmatio
657 1644 768 1724 impius
793 1643 857 1706 sine
880 1645 970 1707 dubio
993 1647 1041 1708 ille
1063 1648 1217 1712 habendus
1234 1660 1291 1738 ost,

55 1747 110 1826 qui
131 1746 237 1808 Filium
260 1766 323 1808 rem
345 1757 471 1808 creatam
488 1765 557 1807 esse
573 1746 734 1808 contendit
779 1745 854 1807 lliuo
869 1748 948 1809 enim
963 1749 1047 1810 lateri
1072 1759 1203 1828 cogetur,
1225 1770 1291 1817 nem

56 1858 187 1912 metam
210 1848 308 1928 ipsum
331 1867 448 1927 quoque
471 1867 541 1910 esse
563 1849 693 1921 sontem,
724 1847 801 1909 unde
829 1858 946 1912 emanat
973 1859 1069 1913 ereata
1092 1853 1239 1932 sapientia
1260 1863 1292 1917 at

56 1951 199 2023 Verbum,
222 1951 252 2011 in
276 1970 334 2030 quo
357 1950 467 2024 omnia,
489 1969 565 2030 quae
591 1950 687 2012 Patris
711 1959 799 2024 sunt,
822 1951 962 2013 existunt.
1007 1953 1162 2016 Praeterea
1184 1956 1290 2018 rel'ex

55 2052 107 2116 bis
129 2052 341 2132 comprehendi
363 2060 480 2131 potest,
503 2071 592 2132 quam
613 2051 705 2114 tuttlis
729 2053 769 2113 sit
790 2052 965 2115 drionorum
988 2053 1156 2117 haeresis·
1176 2056 1291 2136 Nempe

56 2173 186 2234 qnorum
210 2172 313 2214 sumus
336 2154 467 2227 similos,
497 2154 621 2215 eandem
650 2172 769 2233 quoque
797 2172 884 2232 quam
913 2154 954 2215 illi
978 2163 1112 2217 naturam
1134 2156 1289 2230 babemus,

58 2264 149 2336 atque
172 2255 246 2316 adeo
268 2245 539 2316 consubstantiales
562 2272 676 2317 sumno.
723 2254 798 2326 Quia
820 2255 910 2333 igitur
941 2255 1079 2317 homines
1102 2257 1215 2318 similes
1236 2277 1291 2320 au·

55 2377 125 2420 mus
149 2365 180 2420 et
201 2356 304 2417 eadem
326 2357 414 2418 nobis
437 2367 485 2418 est
504 2365 620 2431 nature,
643 2374 748 2417 sumus
771 2355 880 2417 idcireo
903 2357 1027 2418 invicem
1048 2358 1290 2420 consubstantia-

55 2460 112 2523 les.
157 2458 268 2520 Eadem
296 2459 375 2519 enim
404 2459 543 2520 omnibus
573 2458 829 2542 estmortalitaS,
860 2439 1028 2536 corruptio,
1058 2457 1238 2519 mutabilitas
1261 2465 1292 2521 et

56 2563 144 2641 origo
168 2581 203 2622 ex
225 2561 329 2622 nihilo.
372 2560 476 2640 Angeli
497 2561 609 2639 pariter
636 2560 715 2622 inter
742 2580 775 2622 se
799 2559 913 2639 aliaque
936 2560 1036 2620 omuia
1058 2547 1179 2621 riaturae
1202 2559 1289 2622 simi-
1395 2570 1403 2591 ¹

53 2664 182 2727 litudine
204 2681 306 2725 secum
335 2663 523 2724 conveniunt.
568 2664 744 2724 Sorutentur
772 2680 843 2740 ergo
867 2661 1004 2721 homines
1025 2661 1093 2739 plus
1116 2680 1212 2741 aequo
1234 2680 1289 2722 cu·

55 2767 151 2839 rinei,
180 2766 207 2826 si
230 2765 308 2826 inter
328 2764 434 2826 Filium
457 2773 487 2825 et
507 2783 558 2826 res
582 2773 695 2826 creatas
718 2763 837 2825 intersit
858 2762 954 2842 aliqua
982 2761 1164 2836 similitudo,
1192 2762 1240 2824 vel
1261 2762 1289 2825 oi

56 2889 102 2943 ea,
126 2887 203 2948 quoe
224 2869 256 2928 in
277 2866 353 2928 Filio
376 2874 456 2940 sunt,
479 2866 509 2926 in
532 2866 623 2927 rebus
645 2866 729 2928 lectis
752 2865 886 2945 reperire
900 2862 1030 2944 possint,
1053 2882 1113 2942 quo
1128 2864 1187 2925 illis
1202 2863 1290 2926 lineet

55 2972 188 3033 Verbum
211 2971 263 3031 liei
286 2988 350 3030 rem
373 2976 501 3030 creatam
523 2968 681 3049 appellare.
726 2968 834 3028 Verum
857 2966 886 3027 id
902 2983 1053 3045 uunquam
1069 2965 1220 3027 invenient
1233 2963 1290 3027 riri

55 3090 200 3154 perquam
229 3069 378 3132 temerarii
407 3079 494 3148 atque
522 3089 539 3131 a
567 3088 636 3131 vera
667 3068 777 3148 pietate
805 3067 988 3129 aberrantes.
1032 3067 1105 3127 Nom
1133 3067 1165 3129 in
1195 3065 1374 3129 rebusrnon

56 3174 165 3237 creatis
189 3173 260 3234 nibil
283 3180 330 3234 est
352 3173 558 3251 omnipotens,
588 3173 726 3251 nullaque
755 3172 798 3232 in·
815 3169 936 3231 alterius
963 3169 1016 3230 sed
1046 3168 1140 3231 solius
1161 3168 1291 3251 oeten

55 3284 214 3358 potestate.
259 3274 411 3354 Siquidem
435 3273 511 3337 coeli
531 3273 682 3336 enarrari
702 3275 833 3355 ploriom
854 3272 918 3344 ller',
943 3279 972 3332 et
993 3271 1118 3334 Domini
1137 3283 1182 3333 ert
1204 3279 1292 3334 terra

56 3392 86 3444 et
105 3379 264 3459 plenitudo
288 3381 362 3438 eine.
408 3375 494 3437 More
516 3377 592 3440 vidit
614 3386 642 3438 rt
663 3376 753 3455 sopit.
799 3374 905 3436 Omnia
934 3372 1061 3451 denique
1089 3373 1216 3435 creatori
1243 3372 1289 3434 la-

56 3480 208 3541 mulantur
230 3478 397 3555 faciuntque
419 3477 628 3539 verbum'eius
652 3485 682 3538 et
704 3477 767 3537 eius
791 3475 928 3536 mandato
952 3472 1104 3535 obediunt.
1148 3475 1184 3535 dt
1199 3473 1290 3535 Filius

57 3580 321 3661 omnipotensflst
343 3589 375 3640 ut
397 3580 499 3654 Pater,
529 3580 608 3659 quod
636 3579 738 3658 utique
768 3586 797 3640 et
826 3576 968 3655 seriptum
996 3582 1025 3636 el
1055 3582 1210 3636 ostensum
1234 3581 1289 3637 est

56 3685 132 3747 ltem
153 3682 226 3744 nibil
259 3682 337 3743 inter
358 3700 407 3742 res
431 3693 545 3743 creatas
566 3685 673 3743 naturi
695 3678 876 3741 immutabile
898 3685 952 3738 est.
998 3676 1149 3754 Siquidem
1172 3674 1291 3754 quidam

58 3807 94 3850 ex
117 3785 237 3865 Angelis
260 3784 394 3845 ordinem
416 3803 503 3845 suum
526 3803 586 3845 non
610 3791 818 3853 servaverunt,
843 3788 872 3841 et
894 3778 1000 3840 stellae
1023 3797 1085 3840 non
1107 3786 1180 3839 eunt
1198 3792 1290 3837 mun-

57 3983 81 4024 et
99 3974 204 4022 ielebm.
228 3973 249 4022 l.
294 3972 344 4020 llor
368 3979 424 4033 port
448 3961 534 4017 εἰπεῖν
552 3970 607 4032 ltag.
627 3976 650 4017 et
736 3982 757 4029 g.
777 3965 809 4015 lta
830 3966 887 4027 lleq.
907 3965 1008 4025 Sequer.
1028 3961 1125 4013 Gobler.
1144 3967 1168 4008 et
1185 3957 1291 4006 Felelm.

57 4045 159 4103 Sequor.
178 4033 418 4103 omittuntzriopu.
704 4036 726 4084 l.
760 4036 789 4083 lt
807 4033 847 4082 olii
866 4039 889 4082 et
908 4034 963 4080 editi
988 4023 1120 4093 ἀγγέλοις.
1155 4027 1215 4075 lbid.
1235 4025 1292 4086 lieq.

92 4110 247 4168 nstetteg.
271 4107 412 4168 etSegner.
448 4105 574 4154 tltOtlob.
594 4093 649 4152 sind
701 4111 724 4151 et
743 4103 881 4159 Sentrerinn.
902 4091 1135 4146 salmantino.
1171 4093 1249 4142 Cutem
1269 4097 1293 4141 et

58 4172 165 4225 τούτων
187 4168 244 4224 ἴδοι
267 4187 315 4226 τις.
362 4175 441 4224 Ceteri
465 4182 489 4221 ot
513 4173 570 4221 editi
594 4160 649 4220 aiud
702 4171 759 4220 editi
776 4162 811 4216 ui
828 4159 895 4216 ἄλλα
913 4162 942 4215 dt
959 4161 1058 4214 πάντα.

56 4238 166 4293 τούτων
188 4237 308 4309 μάλιστα
332 4235 387 4289 idon
413 4234 444 4288 τό
469 4250 514 4289 etr.
557 4241 649 4289 lbidem
736 4240 759 4286 b.
779 4238 835 4299 lqu.
854 4245 878 4286 et
895 4238 994 4289 Senoer.
1013 4230 1081 4281 deod
1098 4223 1167 4277 vide.

55 4316 117 4376 Περ.
136 4321 157 4362 et
169 4314 268 4373 Sequor.
280 4303 409 4376 αἱρέσεως
426 4307 483 4357 noir
497 4301 650 4373 Ἀρειανιίν.
682 4362 685 4366 A
736 4307 750 4354 i.
776 4287 1293 4374 liensfflu,dagbdoldlolulmddu·

93 4383 109 4432 l.
135 4382 240 4431 Feloirm.
260 4378 283 4427 2.
304 4389 327 4428 et
344 4380 401 4427 editi
420 4371 470 4436 tir
488 4369 650 4435 tunsisque.
701 4371 757 4422 τοῦ.
778 4374 851 4422 lidem
863 4379 968 4436 tproeter
981 4369 1061 4430 ingl.)
1071 4370 1139 4417 omitt
1159 4358 1293 4441 rpudtod.

26 4437 111 4500 Ἰοι
128 4442 160 4497 ri
180 4440 315 4515 φθαρτόν
332 4446 650 4497 ιὴιιιιῦοδίει.ῖι1ι1ιιι.
736 4443 758 4490 l.
777 4443 818 4491 Sit:
836 4441 892 4500 lleq.
911 4439 1046 4499 elseguar.
1083 4435 1110 4484 lo
1129 4433 1184 4484 ellit
1201 4435 1295 4482 vernol

57 4519 82 4569 l.
101 4518 159 4579 aar.
177 4523 202 4565 et
218 4517 321 4577 sigon.
703 4509 774 4560 editio
792 4508 861 4558 deest
878 4517 915 4555 u.

93 4605 223 4648 brunnon
235 4613 288 4648 ore.
303 4612 375 4646 nora.
387 4612 437 4643 sn.
1055 4585 1089 4638 48
