2948 5092
523 257 669 300 neronom
684 256 705 298 1.
721 258 757 299 in
773 257 969 302 ermenoara.
1289 246 1350 309 713

117 432 196 493 pere
218 412 353 491 possint,
382 429 457 489 quae
485 406 655 469 hominibus
684 425 740 468 nec
760 407 863 468 audire
885 426 941 468 nec
961 409 1043 488 loqui
1065 409 1157 473 licet?
1201 413 1250 474 Sic
1272 414 1437 475 emmaus

117 514 234 577 Paulus
257 515 293 575 de
316 514 374 584 his,
398 532 472 591 qnae
494 512 560 589 ipse
582 510 699 583 audivit,
722 518 848 572 testatus
872 519 929 583 est,
951 511 989 572 de
1012 511 1072 572 lieo
1096 525 1194 583 autem
1217 516 1289 577 haec
1304 516 1351 578 di-

120 617 180 678 cit:
207 617 306 688 Quam
328 614 550 692 iuvestipooiles
573 617 638 672 vioe
662 607 746 674 cios!
792 613 868 685 Quis
891 618 970 674 euim
993 622 1131 694 cognonit
1152 636 1273 679 sonsum
1288 617 1353 679 llo·

120 716 224 780 mini?
268 719 328 780 Aut
349 722 415 796 quis
439 715 633 777 consiliarius
655 719 719 774 eius
741 711 828 792 [uiti
870 713 947 775 Hinc
967 716 1112 778 Abraham
1141 718 1213 780 nihil
1236 720 1353 782 curiose

120 819 279 898 inquisivit
300 837 356 878 nec
377 816 526 895 loquentis
549 815 638 875 verba
661 814 816 887 discussit,
847 815 899 875 ssd
924 818 1050 879 credidit
1071 818 1151 894 lieo,
1175 829 1204 881 et
1226 831 1353 899 reputo·

120 932 190 984 tana
219 933 264 982 est
292 924 321 980 si
340 920 380 980 od
401 921 558 979 iustitiam.
603 915 652 976 Sic
672 915 790 994 Moyses
823 916 918 977 fidelis
947 918 1074 979 famulus
1103 919 1266 999 appellatus
1295 931 1351 982 est.

121 1020 214 1096 Quod
238 1021 264 1081 si
286 1020 401 1092 Ariani,
430 1019 497 1098 quia
525 1020 554 1078 in
584 1012 754 1079 malevolam
775 1018 910 1097 ipsorum
934 1020 1060 1081 animam
1089 1039 1149 1080 non
1171 1021 1352 1099 ingredietur
1384 1018 1386 1022 ’

119 1124 280 1204 sapientia,
304 1122 484 1183 individuam
507 1129 536 1181 et
558 1127 688 1181 sanctam
704 1119 878 1181 Trinitatem
893 1139 950 1182 nee
971 1122 1136 1201 intelligere
1154 1141 1209 1183 nec
1231 1124 1353 1210 credere

118 1210 254 1305 quisunt,
282 1238 320 1285 nc
342 1224 451 1285 idcirco
476 1223 628 1283 veritatem
651 1223 831 1295 adulterent,
863 1242 919 1284 nec
940 1243 1014 1302 qnae
1036 1224 1094 1304 ipsi
1117 1226 1270 1304 percipere
1291 1244 1353 1287 non

119 1335 266 1406 possunt,
297 1327 370 1386 haec
397 1345 458 1386 non
480 1343 570 1403 posse
593 1343 660 1385 esse
682 1325 870 1386 contendant.
890 1393 892 1395 ,
914 1325 1100 1387 Perabsurda
1123 1328 1201 1386 enim
1224 1345 1273 1387 res
1296 1336 1353 1398 est,

120 1427 206 1508 quod
230 1446 295 1488 cunt
319 1427 476 1506 concipere
499 1445 559 1486 non
582 1426 706 1499 valeant,
728 1431 779 1505 qni
796 1427 858 1487 fieri
874 1427 972 1506 possit
987 1435 1019 1488 ut
1034 1427 1181 1489 individua
1201 1429 1240 1489 sit
1254 1439 1439 1495 sanctones.

121 1529 275 1601 Trinitas,
308 1528 409 1589 Ariani
432 1527 540 1588 ideirco
562 1526 668 1588 Filium
692 1537 722 1588 et
744 1527 862 1607 Tropici
886 1529 1027 1607 Spiritum
1050 1538 1184 1591 sanctum
1207 1532 1284 1592 inter
1305 1551 1354 1594 res

120 1641 241 1695 creatas
264 1639 429 1691 numerent.
474 1629 586 1708 Nempe
608 1648 734 1708 aequum
751 1639 822 1703 crat,
846 1630 892 1691 vel
906 1632 961 1706 ista
978 1650 1037 1691 non
1054 1632 1249 1710 intelligentes
1265 1652 1355 1712 pror-

120 1753 179 1796 sus
204 1733 302 1806 silere,
319 1738 382 1793 'nec
404 1731 471 1791 illos
493 1731 598 1792 Filium
620 1750 676 1792 nec
697 1732 774 1793 istos
790 1732 933 1812 Spiritum
950 1743 1082 1794 sanctum
1104 1733 1182 1796 inter
1204 1753 1254 1796 res
1270 1753 1354 1796 crea-
1454 1738 1473 1796 .“

121 1844 173 1897 tas
197 1835 358 1906 collocare,
387 1834 431 1894 vel
453 1843 534 1894 certe
553 1834 635 1912 quod
660 1834 804 1913 scriptum
827 1844 872 1894 est
894 1853 1071 1912 agnoscere,
1101 1835 1265 1915 Filiumque
1289 1855 1356 1898 curn

120 1936 214 2001 Patre
236 1937 433 2015 coniungere,
464 1955 519 1996 nec
541 1935 681 2029 Spirflpn
704 1954 720 1996 a
743 1935 817 1996 Filio
841 1936 986 2009 dividere,
1020 1946 1053 1998 ut
1074 1937 1187 1999 scilicet
1208 1937 1357 2001 individua

121 2059 161 2102 ac
182 2022 407 2114 eiusdim,ve1·e
429 2038 579 2116 particeps
608 2046 729 2098 naturae
756 2048 946 2117 permaneret
967 2047 1072 2101 ¹sancta
1095 2040 1234 2101 Trinitas.
1281 2040 1356 2112 Qui-

121 2142 182 2204 bus
207 2141 305 2218 utique
329 2140 454 2219 cognitis
478 2159 537 2200 non
561 2160 596 2200 eo
619 2140 757 2201 andaciae
772 2152 967 2220 prorumpere
985 2141 1140 2212 dehebant,
1165 2150 1196 2201 ut
1218 2141 1357 2202 dubitan-

123 2254 173 2306 tes
195 2242 390 2321 inqnircrent,
413 2262 540 2320 quonam
563 2252 648 2322 pacto
671 2244 800 2303 herecee
822 2243 969 2312 habeant,
992 2261 1030 2303 ne
1054 2243 1079 2302 si
1102 2243 1302 2321 interrogatus
1325 2243 1357 2304 in

122 2343 340 2423 respondendo
366 2344 510 2415 haereret,
535 2345 592 2423 ipsi
614 2363 723 2423 pravos
746 2343 802 2404 sibi
826 2345 901 2422 ipsis
926 2363 1035 2404 sensus
1052 2345 1357 2406 comminiscerentur.

123 2447 209 2508 Haec
230 2445 308 2506 enim
339 2456 384 2506 est
412 2464 512 2507 rerum
541 2447 674 2507 omnium
701 2447 841 2508 lactarunt
872 2447 1067 2526 inprimisque
1097 2447 1250 2508 hominum
1278 2464 1358 2507 ,mn-

123 2549 217 2619 ditio,
236 2557 268 2607 ut
290 2547 327 2607 de
348 2547 454 2621 rebus,
479 2566 554 2626 quae
577 2548 673 2608 verbis
697 2547 820 2626 exprimi
843 2568 903 2608 non
927 2556 1055 2627 queunt,
1085 2547 1172 2625 digne
1194 2546 1274 2624 loqui
1297 2564 1359 2608 non

122 2650 317 2730 possimus·
338 2649 431 2708 Maior
453 2657 550 2708 autem
575 2668 646 2708 sane
668 2649 820 2710 temeritas
844 2649 947 2723 luerit,
977 2649 1002 2709 si
1025 2649 1060 2708 ad
1084 2648 1157 2708 haec
1173 2631 1280 2708 ¹eadem
1305 2664 1357 2708 ex-

123 2751 263 2832 plicanda
292 2769 367 2809 nova
395 2750 535 2810 vocabula
564 2750 678 2829 aliaque
705 2769 721 2810 a
749 2750 911 2830 Scripturis
945 2749 1156 2828 excogitemus.
1202 2749 1264 2808 lmo
1286 2746 1379 2808 vero'

123 2854 254 2914 insanus
276 2851 435 2912 admodum
458 2852 506 2911 ille
530 2853 697 2913 censendus
720 2853 775 2926 sit,
810 2853 858 2931 qui
889 2854 971 2914 hisce
994 2851 1142 2912 derebus
1166 2849 1360 2927 interroganti

106 2954 174 3037 ,vel
199 2961 311 3013 tantum
334 2953 443 3030 cogitet
465 2954 666 3031 respondere,
694 2955 931 3034 quandoquidem
960 2972 1015 3014 nee
1042 2955 1068 3013 is
1098 2954 1204 3013 mentis
1234 2969 1359 3031 compos

124 3073 196 3117 esse
218 3053 432 3124 aestimabitur,
460 3056 509 3133 qui
532 3056 605 3116 haec
627 3057 728 3117 eadem
738 3057 788 3118 de
810 3058 901 3118 rebus
924 3057 1008 3116 lactis
1032 3053 1119 3117 inerit
1141 3062 1359 3131 percunctatus.

222 3258 269 3319 18.
314 3256 387 3316 Nam
410 3257 453 3316 vel
477 3258 594 3318 tandem
618 3257 675 3327 illi,
705 3258 756 3336 qui
779 3257 816 3318 de
839 3276 871 3318 re
894 3258 971 3318 nulla
995 3257 1143 3328 dubitant,
1177 3256 1361 3334 respondere

126 3360 268 3429 audeant,
292 3355 441 3435 quomodo
465 3367 551 3418 etex
575 3344 630 3437 qua
654 3359 774 3420 materia
797 3359 867 3419 caeli
887 3360 1040 3420 constituti
1057 3359 1125 3429 sint,
1148 3358 1194 3418 vel
1216 3372 1360 3437 quaenam

125 3463 249 3524 illorum
272 3460 311 3520 sit
333 3459 488 3530 admixtio,
520 3479 614 3539 quove
637 3461 726 3521 modo
749 3462 795 3523 sol
819 3470 847 3522 et
869 3461 984 3539 singola
1007 3471 1086 3521 astra
1108 3460 1272 3539 composita
1294 3460 1362 3519 lne-

125 3565 198 3627 rint.
244 3562 352 3621 Verum
376 3562 445 3640 quid
469 3563 594 3637 mirum,
625 3565 652 3623 si
682 3583 717 3626 ex
746 3563 953 3642 superioribus
983 3562 1044 3622 sive
1073 3561 1249 3623 caelestibus
1272 3558 1362 3620 rebus

127 3667 251 3727 illorum
274 3663 431 3723 amentiam
455 3665 680 3740 convincamus,
709 3684 775 3727 eum
804 3684 901 3744 neque
931 3664 1005 3743 ipsis
1033 3673 1132 3743 pateat
1160 3680 1302 3741 quaenam
1326 3660 1364 3720 sit

128 3785 234 3830 rerum
258 3765 449 3839 inferiorum,
473 3767 555 3826 verbi
578 3787 666 3828 causa
689 3768 853 3847 lignorum,
878 3776 997 3838 natura,
1028 3765 1177 3844 quomodo
1200 3762 1365 3823 consistant

127 3887 235 3949 aquae,
260 3886 403 3946 quaenam
426 3868 465 3928 sit
488 3869 656 3929 animalium
679 3869 875 3930 conformatio
898 3887 931 3928 ac
946 3865 1148 3946 compositio?
1191 3865 1270 3925 llaec
1286 3862 1364 3922 euim

165 4106 185 4139 s.
207 4090 248 4137 Sic
268 4089 323 4148 [leg.
339 4088 360 4135 l.
380 4089 724 4150 Seguer.Gobler.otFelrk-
776 4089 820 4138 Alii
840 4097 862 4136 et
887 4088 943 4136 editi
968 4089 1056 4137 halsent
1080 4078 1209 4150 ἀρ’ῥήτων
1227 4093 1249 4134 et
1267 4079 1365 4148 coipq-
1391 4107 1397 4120 .

119 4157 256 4215 mannil.
294 4156 355 4203 Editi
382 4149 537 4204 etaliii'rn.
577 4157 727 4219 l'aalepost
777 4152 835 4222 ρόν.

128 4226 273 4274 Goblerian.
299 4233 322 4270 ct
341 4224 445 4272 Tolotai.
464 4226 484 4272 l.
502 4218 573 4289 μετὰ
599 4224 654 4276 coir
671 4220 726 4272 κτί-
812 4240 832 4273 e.
852 4225 909 4286 lleg.
928 4222 951 4272 2.
976 4232 1000 4271 et
1019 4222 1123 4271 Fslolsm.
1144 4222 1164 4269 l.
1183 4218 1232 4267 τοῦ
1250 4232 1280 4268 τε
1298 4211 1366 4272 ὅλως

128 4305 229 4360 σμασι.
779 4301 823 4341 etc.
1123 4349 1134 4367 ν

189 4364 193 4369 ’
813 4362 830 4409 l.
850 4360 905 4418 Reg.
919 4361 940 4409 1.
960 4368 983 4408 ot
1001 4360 1099 4419 Seguer.
1119 4372 1143 4414 η,

809 4442 835 4489 g.
855 4419 908 4474 ἀλλ’
929 4419 976 4473 οὐκ
995 4418 1029 4472 ἄν
1040 4426 1107 4472 deest
1117 4440 1140 4473 m
1152 4422 1238 4485 negt.
1250 4430 1272 4472 et
1281 4421 1366 4471 Felck-

780 4497 861 4544 manai
880 4494 903 4544 2.
923 4503 946 4544 et
963 4495 1001 4544 ed.
1020 4493 1137 4543 Commet.

164 4396 189 4443 d.
209 4395 249 4441 Sic
269 4393 324 4453 aeg.
348 4393 368 4440 l.
388 4395 486 4454 Seguer.
507 4395 606 4443 Gebler.
623 4395 728 4444 l‘elelsm.

130 4466 152 4515 l.
173 4471 198 4512 et
217 4461 309 4520 ussit,
333 4462 375 4509 ssd
396 4462 467 4510 Basil.
496 4463 567 4510 habet
592 4452 727 4537 drip‘q'rnr.
