2948 5092
401 222 549 297 nrrsrons
561 252 600 296 nn
615 252 759 296 nemoris
775 254 918 298 nicaenus
934 254 1051 299 ennom.
1302 245 1343 307 25

131 424 183 468 curn
211 423 315 466 omnes
342 401 424 464 inter
446 423 481 464 se
503 403 706 476 consentiunt,
729 421 789 464 non
813 411 910 489 autem
932 405 978 465 vel
1000 425 1100 467 secum
1123 408 1169 467 vel
1191 426 1257 471 cum
1280 410 1431 473 suist-²¹¹·

127 505 245 587 patrinus
266 505 393 585 litigant.
436 502 512 565 Nam
535 504 666 583 quinon
689 504 728 565 ita
751 513 822 566 sunt
843 505 950 578 allecti,
974 505 1101 585 improbi
1124 526 1184 569 non
1207 510 1269 571 ueri
1285 511 1342 572 do-

126 618 211 669 ctores
240 615 314 667 snut
342 604 520 687 appellandi.
564 604 640 666 lliuc
661 605 811 674 Gentiles,
841 605 890 685 qui
912 607 991 668 iuter
1013 626 1047 669 se
1069 627 1129 669 nou
1152 611 1343 674 consentiunt

124 707 166 769 sed
193 707 360 780 dissident,
388 724 458 767 vera
480 706 635 785 privantur
656 707 798 768 doctrina.
842 707 940 768 Sancti
964 716 1114 770 autem-et
1136 710 1186 790 qui
1208 711 1341 774 veritatis

122 827 212 869 reuera
234 816 308 870 sunt
329 825 504 886 praecones,
526 805 604 868 inter
626 825 660 868 se
681 808 871 881 concordant,
894 827 954 869 uon
976 809 1157 872 discordant.
1187 811 1260 873 Nam
1274 813 1345 875 licet

122 910 235 971 dirersis
270 908 314 969 illi
343 908 502 969 lloruerint
529 907 730 988 temporibus,
762 909 840 969 idem
862 917 959 970 tamen
983 910 1121 973 omnibus
1145 930 1254 991 scopus
1275 913 1341 986 luit,

121 1012 219 1090 qnippe
241 1009 295 1089 qui
317 1010 408 1071 unius
429 1008 484 1072 llei
506 1017 610 1072 essent
629 1009 792 1088 prophetae
814 1018 844 1071 et
865 1009 944 1071 idem
963 1028 1079 1073 summo
1095 1030 1245 1074 consensu
1259 1032 1341 1075 uun-

120 1113 219 1173 caeno
240 1110 385 1173 Verbum.
1417 1095 1426 1103 “

192 1522 224 1579 5.
270 1515 350 1576 llinc
371 1532 443 1592 ergo
467 1534 542 1594 quiae
557 1516 675 1594 Moyses
691 1515 801 1588 docuit,
824 1515 897 1575 llaec
912 1517 1073 1579 custodiuit·
1083 1517 1244 1577 Abraham:
1266 1536 1342 1597 quae

122 1636 179 1677 nro
200 1615 368 1679 corstodivit
387 1616 545 1689 Abrabam,
568 1617 640 1677 haec
660 1615 725 1677 Noe
745 1625 774 1677 et
788 1614 892 1677 Enoch
914 1626 1069 1697 perspecta
1090 1617 1267 1691 babuerunt,
1291 1620 1343 1698 qui

122 1718 219 1780 nnnda
241 1730 275 1779 et
297 1717 449 1779 immunda
471 1726 615 1779 nouerant
636 1717 806 1779 discernere
828 1735 862 1778 ac
882 1716 945 1778 lleo
967 1719 1042 1798 grati
1062 1720 1233 1781 lactisunt.
1280 1721 1339 1783 Ea·

122 1819 176 1880 dm
203 1838 329 1899 qnocpto
356 1821 521 1882 iustmctus
542 1817 677 1880 doctrina
698 1818 770 1879 Abel
793 1820 963 1898 martyrium
985 1829 1031 1882 est
1051 1839 1177 1900 passus,
1200 1821 1249 1900 qui
1272 1821 1426 1901 qui-nara

121 1920 175 1982 lma
202 1922 271 2001 ipsc
300 1936 335 1981 ea
363 1918 401 1979 al>
422 1918 534 1981 Adsum
557 1920 716 1995 didiceram
744 1919 834 1981 Adam
856 1929 954 1982 autem
977 1920 1012 1981 ab
1035 1922 1100 2001 ipso
1124 1921 1267 1996 Domino,
1290 1923 1342 2001 qui

122 2040 175 2083 nm
196 2023 229 2083 in
251 2022 313 2083 tine
337 2020 526 2082 saeculorum
548 2021 583 2082 ad
606 2021 818 2097 destruendum
840 2029 989 2101 peccatum
1014 2023 1160 2095 venisset,
1183 2024 1240 2083 ait:
1272 2021 1342 2086 Non

122 2126 289 2186 mandatnm
309 2140 424 2184 nonum
447 2122 483 2183 do
505 2123 599 2195 nolio,
621 2123 674 2184 sed
693 2124 871 2185 mandatnm
891 2134 992 2196 vetus,
1015 2125 1095 2204 qnod
1116 2126 1151 2186 ab
1174 2128 1260 2185 initio
1283 2142 1342 2185 cu-

123 2226 208 2286 disu's.
253 2223 373 2285 ldcirco
401 2223 505 2283 eadem
533 2223 569 2283 ab
598 2242 635 2283 eo
665 2223 789 2285 edoctus
810 2223 914 2285 beatus
937 2223 1092 2304 apostolus
1113 2224 1239 2297 Paulus,
1273 2244 1340 2285 cum

123 2328 210 2387 numa
239 2323 454 2387 Ecclesiastico
483 2324 715 2403 praescriberet,
748 2324 844 2386 noluit
871 2324 1023 2388 Diaconos
1057 2325 1209 2404 multoque
1241 2327 1339 2387 miuus

122 2426 280 2507 lpiseopos
309 2425 460 2506 lilinpneo
487 2444 564 2487 esse.
609 2425 682 2486 Cum
710 2435 807 2486 autem
835 2426 913 2486 idem
936 2425 1053 2488 Galenus
1076 2426 1261 2506 obiurgaret,
1285 2444 1339 2506 ge·

121 2530 233 2589 nemrim
257 2544 324 2588 rem
348 2526 407 2587 hoc
426 2527 516 2587 modo
536 2526 681 2587 definivit:
705 2526 740 2588 St
760 2531 825 2606 prsis
847 2528 932 2588 vobio
948 2528 1202 2608 eonnpclianocrit
1213 2539 1342 2607 practer

121 2632 243 2711 idpuod
265 2632 437 2709 accepistis,
460 2628 618 2690 oractlnmn
641 2632 690 2700 sit,
714 2632 792 2690 u‘cut
810 2630 956 2708 praedici
976 2634 1138 2690 etiterum
1161 2629 1236 2690 dico.
1281 2628 1342 2693 Sed

121 2729 177 2793 licet
212 2749 271 2793 nos
305 2740 361 2790 ont
395 2728 525 2808 Anpelns
555 2731 589 2790 de
618 2728 700 2791 coelo
728 2729 913 2809 eonnpelizct
941 2732 1025 2792 nobis
1051 2740 1177 2810 praeter
1205 2730 1235 2790 id
1263 2730 1343 2808 qnod

122 2837 289 2913 recepistis,
319 2830 480 2891 anatliema
502 2833 550 2890 sit.
596 2828 679 2901 Quae
701 2848 767 2890 cum
790 2832 831 2891 ita
852 2830 1010 2891 denunciet
1031 2828 1208 2908 Apostolus,
1231 2829 1274 2890 vel
1299 2828 1341 2890 illi

122 2932 198 3009 igitur
219 2931 422 3004 Eusebianos,
444 2930 494 3009 qui
517 2938 628 2991 mutata
650 2931 796 2992 sententia
818 2931 874 2992 alia
896 2948 974 2992 nuru
995 2930 1103 2992 docent
1125 2948 1210 3008 rpuam
1234 2929 1341 3008 quihus
1451 2990 1456 3005 ,

123 3034 333 3113 snsaipsere,
357 3033 540 3093 anathemate
562 3032 741 3110 percutiunt:
771 3044 821 3094 aut
842 3031 869 3093 si
891 3039 1053 3111 agnoscant
1074 3040 1154 3093 recte
1175 3032 1242 3092 illos
1265 3011 1339 3092 sub*-

122 3136 295 3214 nripsisse,
324 3133 481 3194 aduersus
514 3142 623 3195 tantam
662 3130 813 3211 Synodum
845 3133 983 3195 desinant
1019 3133 1136 3195 taudem
1169 3133 1340 3211 obgannire.

123 3235 199 3307 uuor
228 3237 254 3297 si
288 3243 426 3295 eleutrum
454 3234 543 3295 uelint
572 3252 677 3313 agore,
706 3241 819 3295 certum
852 3235 909 3295 erit
937 3244 1142 3313 argumentum
1170 3235 1237 3296 illos
1260 3235 1342 3296 nunni

123 3347 199 3398 rento
222 3346 255 3398 et
278 3337 371 3397 lluctn
393 3336 585 3405 circumferri,
607 3353 705 3416 neque
726 3335 858 3415 propriis
881 3336 933 3396 sed
956 3334 1059 3397 alienis
1081 3336 1147 3397 duci
1170 3336 1340 3397 sententiis:

122 3440 212 3517 quisi
232 3436 313 3499 tales
335 3436 461 3508 luerint,
489 3454 585 3515 omne
607 3420 697 3498 etiam
719 3452 808 3509 nunc,
832 3454 897 3497 cum
919 3436 1092 3498 huiusmodi
1115 3445 1270 3515 opponunt
1289 3455 1341 3498 ra-

121 3539 222 3615 tiones,
243 3538 307 3601 otta
328 3538 387 3599 lide
407 3536 489 3617 digni
511 3545 582 3598 sunt
602 3537 739 3598 habendi.
775 3536 854 3609 Quin
877 3555 948 3616 ergo
970 3539 1070 3617 potius
1092 3556 1136 3607 ea,
1158 3556 1233 3617 «puae
1255 3538 1344 3616 igno-

121 3650 187 3713 rant,
209 3648 334 3702 cessent
356 3638 519 3712 criminari,
541 3640 618 3699 torte
640 3635 719 3700 enim
734 3639 803 3719 quid
819 3656 920 3701 verum
936 3639 986 3713 sit,
1009 3640 1148 3701 nesciunt
1161 3640 1343 3711 discernere,

122 3742 166 3802 sed
193 3741 315 3805 malurn
342 3738 477 3818 imperite
506 3758 542 3803 ac
568 3750 679 3803 temere
706 3740 1002 3829 appellnutxlonnrn
1030 3752 1059 3804 et
1080 3743 1191 3803 bonum
1210 3741 1343 3802 mulum:

121 3861 253 3905 mrum
282 3840 370 3903 dulce
398 3859 462 3903 csse
489 3842 686 3905 arbitrantur
715 3853 744 3906 et
770 3842 856 3905 dulce
877 3860 1025 3904 omarum
1069 3840 1145 3902 Iiinc
1166 3848 1245 3902 certe
1268 3858 1344 3921 rpuao

121 3954 146 4007 u
169 3944 249 4005 mala
280 3942 409 4004 iudicata
439 3950 559 4005 suntet
580 3943 753 4022 reprobata,
786 3962 819 4004 ea
841 3942 884 4005 illi
903 3942 962 4003 mm
985 3941 1095 4003 habere
1116 3941 1233 4003 volunt:
1266 3960 1343 4021 quan

122 4054 208 4106 antem
236 4052 321 4106 recte
350 4050 420 4103 sunt
449 4042 581 4114 decreta,
611 4043 831 4122 reprehendero
856 4041 1000 4105 nituntur.
1045 4043 1122 4104 Sane
1151 4062 1207 4104 nec
1234 4042 1344 4122 aliquid

122 4199 205 4248 [lusto
224 4197 405 4247 accommodat.
440 4196 517 4245 Verba
526 4197 623 4247 loannis
633 4204 704 4245 snut:
755 4211 808 4247 cun
824 4199 900 4247 snite
910 4200 984 4258 cobis,
1003 4198 1045 4247 sed
1054 4199 1188 4247 mundatum
1198 4202 1269 4256 nctus,
1282 4195 1345 4259 quod

121 4256 160 4312 cin
174 4260 289 4327 lnotir
305 4257 408 4324 καινὴν
423 4255 530 4344 γράφω
547 4254 628 4331 tillir,
649 4254 702 4310 ἀλλ’
757 4264 871 4315 halantis
895 4267 925 4315 all
948 4267 1033 4315 initio:
1063 4266 1196 4315 mandatum
1220 4271 1283 4313 nctus
1308 4268 1342 4311 est

119 4323 220 4394 θηλὴν
235 4328 372 4389 παλαιάν,
392 4321 429 4393 ἣν
444 4342 520 4396 extre
537 4320 582 4381 bd
602 4323 703 4396 ἀρχῆς·
756 4334 856 4391 aaron,
877 4334 938 4397 aar
956 4334 1064 4383 amaris.

119 4393 130 4478 ξ
150 4396 239 4465 ἕπολὴ
264 4396 281 4464 ἦ
299 4392 411 4451 namt?
428 4390 507 4448 lew
525 4390 539 4446 ὃ
557 4392 652 4464 diros,
674 4388 706 4445 liv
791 4415 812 4448 e.
831 4400 872 4449 Sic
889 4398 946 4463 ling,
963 4398 1026 4450 Editi
1044 4414 1099 4449 vero
1118 4398 1199 4449 etalii
1216 4389 1341 4462 μήτοιγε.

118 4465 237 4527 nciam
253 4462 303 4523 θ’
323 4460 424 4535 ciuis·
458 4466 511 4519 uo
520 4470 705 4519 maudunense·
