2948 5092
583 233 755 279 amararro.
1240 224 1281 291 41

66 378 166 440 nuos
188 398 287 445 anuos
310 384 505 464 cogitaverat,
534 385 676 448 librorum
701 383 844 449 delectum
865 383 1006 447 contiuuo
1028 396 1126 449 menta
1149 389 1282 465 volvens,

62 480 186 544 aeduos
213 483 332 547 iteratis
356 487 468 552 uicibus
492 487 648 569 explorans
669 494 887 565 retractansquo
910 495 940 548 et
960 486 1008 549 rix
1029 506 1063 550 ac
1082 506 1121 551 ne
1142 489 1191 553 vix
1212 491 1280 572 qui·

61 582 125 644 dn
144 583 208 647 sibi
229 587 436 664 satisfaciens,
469 608 530 652 nou
562 589 621 651 uisi
642 587 791 668 locuplete
811 586 936 666 quadam
958 588 1028 651 doto
1048 591 1281 655 commendatam

61 684 206 748 ‘nlucem
227 687 380 767 publicam
388 691 577 754 dimissurus
597 690 714 753 luisset.
758 688 849 750 Periit
869 689 958 767 igitur
971 706 1067 753 uovus
1082 691 1280 778 quidamllru-

62 796 126 849 etas
145 806 257 850 eorum
277 791 456 866 studiorum,
480 792 587 873 quibus
609 800 719 857 antam
741 790 844 854 aetatis
867 808 937 853 suaa
958 800 1072 871 partem
1088 795 1280 868 consecrarit,

10 958 13 971 ¹
63 907 124 950 nea
146 909 278 970 maguus
304 892 354 955 ille
381 895 499 974 quidam
528 895 574 956 rel
595 893 782 973 splendidus,
811 892 837 953 si
854 900 954 952 catara
977 893 1150 957 immortalis
1173 896 1228 958 riri
1249 897 1279 959 iu
1324 887 1329 903 ’

10 986 12 1045 l
63 990 243 1071 &colomam
266 994 372 1056 merita
394 995 565 1069 contuleris,
588 995 640 1057 sed
663 1004 796 1057 maturus
816 1003 925 1065 tamon,
947 993 976 1054 id
998 995 1078 1073 quod
1098 1014 1146 1058 mo
1160 997 1278 1075 quidem

10 1120 14 1181 3
63 1092 154 1155 iudice
170 1094 233 1156 boc
256 1096 411 1159 exordium
435 1106 558 1160 testatur
579 1096 615 1159 ab
638 1097 703 1176 ipso
726 1096 821 1158 adbuc
841 1104 961 1157 auctora
983 1096 1059 1176 typis
1079 1100 1279 1170 commissum,

10 1206 13 1221 ²
60 1195 242 1276 reliquisque
271 1198 338 1259 eius
365 1200 485 1291 scriptis
513 1200 733 1279 haudquaquam
756 1194 888 1258 interior.
931 1196 1023 1260 Periit
1049 1198 1186 1279 inquam;
1214 1200 1279 1263 illac

10 1336 12 1345 ι
61 1297 135 1359 eain
163 1315 245 1377 quas
268 1298 329 1361 dixi
350 1301 468 1363 notulae
490 1311 600 1363 tautum
625 1299 709 1362 abest
735 1307 769 1359 ut
794 1297 948 1360 consilium
981 1307 1068 1378 atque
1102 1302 1278 1363 seutentiam

10 1458 12 1465 .
64 1396 133 1460 bd
167 1399 229 1461 viri
268 1401 410 1480 prodant,
443 1411 475 1465 ut
505 1403 552 1464 rix
584 1402 653 1481 quid
684 1400 721 1463 de
751 1400 809 1462 boc
834 1399 921 1461 illone
950 1413 1122 1480 argumento
1151 1404 1280 1465 sortasse

10 1488 13 1543 ³
69 1510 175 1579 mer
217 1501 275 1564 alia
307 1503 440 1566 dicturus
476 1504 582 1566 luisset
618 1501 764 1565 coniicerc
795 1501 915 1582 possis,
953 1521 1047 1582 neque
1081 1511 1197 1582 praeter
1229 1523 1280 1566 eas

64 1603 221 1684 Qum
257 1613 367 1678 exstat,
400 1606 477 1684 quod
500 1605 730 1668 continuationis
746 1603 898 1666 maurium
921 1604 1033 1666 ollcrat
1080 1603 1162 1679 Quae
1190 1623 1280 1684 quum

61 1704 99 1765 'aa
123 1707 205 1779 aiut,
236 1724 294 1785 ego
321 1706 473 1786 equidem,
501 1708 546 1769 cui
576 1706 749 1768 secundaria
780 1704 921 1784 quaedam
949 1704 979 1765 in
1009 1705 1067 1768 boc
1094 1724 1184 1785 opere
1207 1725 1279 1786 pro·

60 1807 150 1869 tiocia
182 1807 359 1869 demandata
388 1808 457 1882 luit,
490 1828 506 1870 a
536 1808 695 1888 bibliopola
720 1815 841 1886 rogatus
868 1817 900 1867 ut
923 1806 1086 1869 inchoatam
1119 1809 1279 1886 praelatio·

10 1942 14 1961 ·
58 1926 128 1969 m
160 1910 200 1970 ad
232 1910 324 1971 linem
356 1910 566 1989 perducerem,
598 1928 658 1972 nou
691 1909 727 1971 ad
756 1927 819 1969 eam
846 1910 1042 1987 arrogantiam
1071 1908 1279 1990 audaciamque
1346 1940 1351 1956 ι
1391 1952 1397 1967 .

60 2028 244 2090 maus
271 2030 338 2074 sum
371 2021 404 2074 ut
430 2011 583 2073 absolvero
610 2029 735 2073 conarer
762 2010 840 2088 quod
869 2018 968 2072 taulus
990 2009 1145 2090 theologus
1168 2011 1279 2090 impar-

56 2113 167 2176 hem
196 2113 335 2194 reliquit,
368 2113 421 2175 sod
452 2113 544 2175 satius
572 2111 646 2184 dixi,
677 2131 729 2185 ea,
762 2129 838 2191 quaa
860 2111 961 2174 beatus
983 2121 1086 2173 auctor
1106 2111 1172 2192 ipsc
1194 2112 1277 2192 prelo

57 2215 225 2277 tradiderat
247 2215 293 2276 rel
315 2223 554 2296 praeparauerat,
583 2214 677 2294 qualia
701 2225 770 2275 sunt
793 2215 897 2276 intacta
920 2233 986 2275 cum
1009 2212 1170 2275 lectoribus
1194 2232 1279 2276 com·

55 2317 216 2377 muuioeri
273 2317 404 2378 Eruditis
437 2326 515 2388 certa
545 2316 647 2396 reique
677 2316 776 2395 guaris
807 2314 895 2376 breve
927 2316 984 2376 boc
1010 2314 1126 2394 abrupti
1164 2315 1277 2377 exordii

55 2418 212 2496 specimen
235 2427 373 2497 tauquam
397 2427 620 2480 monumentum
641 2417 799 2497 quoddam,
821 2416 900 2495 quod
922 2416 1025 2478 artilex
1040 2416 1123 2496 quasi
1143 2417 1207 2496 ipse
1222 2416 1281 2478 sibi

55 2519 176 2580 inscius
196 2519 310 2599 posuit,
333 2521 445 2597 gratius
469 2519 544 2581 baud
567 2519 655 2581 dubie
677 2527 764 2597 atque
786 2517 914 2578 sanctius
937 2518 1001 2579 lore
1023 2536 1122 2596 spero,
1146 2517 1279 2597 quamsi

56 2621 185 2683 adiectis
205 2619 244 2681 ab
266 2621 359 2682 alicua
381 2640 469 2683 manu
492 2621 581 2682 rebus
603 2618 808 2682 communibus
831 2629 861 2680 et
876 2621 905 2681 in
922 2619 1023 2697 vulgus
1039 2619 1119 2679 nutis
1140 2619 1279 2697 ampliora

59 2722 178 2783 institui
200 2731 306 2802 coapta
329 2742 433 2784 urceus
456 2723 569 2784 eriiset.

150 2822 237 2896 Quod
266 2842 337 2884 vero
365 2824 400 2885 ad
423 2825 518 2903 ipsam
542 2824 616 2885 hauc
636 2823 846 2884 bibliothecam
869 2821 989 2893 attinet,
1012 2839 1045 2881 ea
1068 2821 1200 2899 quamvis
1225 2820 1278 2881 tri·

58 2925 196 2988 atissino
218 2925 270 2986 illo
293 2944 360 2986 casu
385 2927 441 2986 boc
462 2927 590 2986 iacturae
610 2926 713 2987 lecerit
734 2933 765 2986 ut
785 2923 1061 3003 prolegonreuorum
1087 2922 1276 2983 comtueuda-

60 3028 145 3089 tione
169 3035 279 3098 eareat,
302 3036 397 3088 tamen
421 3027 445 3088 si
469 3028 581 3106 coeptis
604 3027 676 3088 deus
698 3026 833 3087 adnuerit
847 3042 1135 3104 progressumsuum
1151 3023 1279 3086 babebit.

60 3129 202 3191 Deiectus
225 3129 304 3190 enim
327 3129 480 3201 librorum,
504 3128 553 3207 qui
576 3127 737 3189 secuudum
759 3126 901 3205 principia
925 3144 1014 3204 supra
1035 3145 1064 3205 p.
1085 3128 1123 3188 ld
1141 3144 1205 3204 sqq.
1228 3145 1279 3187 ac-

60 3232 196 3292 curatius
219 3231 360 3311 explicata
383 3230 571 3309 recipiantur,
595 3229 703 3290 dudum
725 3230 818 3289 lactus
842 3237 902 3289 erat
924 3236 1076 3305 antequam
1100 3225 1137 3287 ad
1152 3227 1279 3306 primum

60 3332 120 3394 boc
140 3332 282 3393 volumen
305 3333 381 3410 typis
404 3330 628 3392 exscribendum
644 3330 841 3405 accederetur,
863 3347 958 3408 neque
973 3327 1146 3390 crediderim
1163 3328 1279 3390 beatum

63 3434 225 3506 editorem,
248 3433 316 3494 licet
337 3432 407 3493 illud
431 3434 504 3495 diem
527 3435 572 3495 die
595 3434 696 3494 doceri
715 3451 781 3494 curu
803 3431 927 3492 maxime
946 3430 981 3490 ad
998 3430 1191 3509 sepertinere
1207 3449 1279 3492 cen·

64 3545 148 3596 seret
171 3543 201 3596 et
223 3534 260 3595 de
282 3533 457 3614 quibusdam
480 3537 555 3595 lorte
577 3534 672 3595 adbuc
692 3532 837 3595 dubitaret
858 3532 917 3607 (vd.
940 3550 970 3611 p.
986 3533 1060 3608 24),
1083 3532 1172 3594 multa
1194 3532 1279 3595 deiu-

64 3655 135 3716 ceps
168 3636 389 3696 immutaturum
419 3635 521 3696 luisse.
566 3635 693 3695 Alterum
722 3634 812 3713 igitur
838 3634 975 3695 volumen
1003 3633 1069 3713 ipso
1093 3633 1187 3695 adbuc
1209 3652 1279 3696 sua·

66 3757 137 3799 sore
171 3747 259 3816 atqua
289 3746 362 3798 testa
392 3735 519 3815 imprimi
549 3744 685 3815 coeptum
715 3745 744 3797 et
771 3737 827 3797 iam
856 3735 891 3796 ad
918 3736 1006 3797 finem
1029 3753 1192 3816 properans
1211 3743 1281 3814 post

64 3857 174 3919 paucas
204 3839 383 3918 septimanas
412 3837 441 3898 in
470 3837 563 3899 lucem
590 3837 736 3917 prodibit,
767 3855 841 3916 quae
867 3836 979 3916 reliqua
1002 3846 1070 3898 suut
1091 3837 1164 3909 tria,
1192 3844 1281 3916 prout

65 3959 112 4001 res
135 3939 289 4021 postulare
311 3939 459 4001 videbitur
480 3947 510 3999 et
531 3948 697 4019 temporum
720 3940 849 4000 rationes
864 3938 1043 4017 permittent,
1067 3946 1236 4016 sequentur.

150 4042 233 4114 Quae
264 4041 388 4104 dicenda
414 4049 527 4103 restant
555 4039 743 4122 paucissimis
765 4039 963 4101 absolvantur.
1007 4038 1118 4099 Tertus
1142 4038 1279 4100 editionis

69 4142 272 4206 benedictinae
304 4162 397 4224 opera
426 4141 522 4203 iacobi
544 4141 649 4222 Lupini
680 4152 710 4202 et
738 4141 879 4202 bernardi
908 4140 1117 4201 Montlauconii
1146 4138 1279 4200 Lutetiae

69 4244 249 4308 Parisiorum
276 4242 511 4324 1698.'publici
538 4243 610 4304 iuris
640 4244 730 4304 lacae
760 4251 973 4309 tamaocurate
994 4242 1136 4322 repetitus
1159 4248 1220 4311 cst,
1247 4248 1281 4300 ut

71 4356 183 4427 praeter
203 4348 388 4429 paucissima
410 4344 490 4418 loca,
518 4343 568 4405 ubi
590 4364 679 4424 quum
700 4344 786 4405 lectio
808 4362 825 4405 a
846 4343 996 4424 prioribus
1019 4341 1196 4404 aditionibus
1219 4358 1278 4401 nou

70 4450 176 4515 monito
197 4451 311 4514 lectore
335 4447 512 4522 discederet,
535 4448 632 4510 miuus
655 4447 691 4511 do
713 4444 917 4510 emendatione
932 4444 1117 4527 cogitandum
1133 4443 1281 4506 videretur

1040 4544 1079 4596 e*
